{"host":"ssahdsoo349p0ms1","time":1613510538,"event":{"mods":["AchievementEnabler","BaseMod","Colored Powertips","Filter the Spire","Minty Spire (QoL Compilation)","StSLib"],"gold_per_floor":[217,142,158,158,175,205,232,232,232,232,48,58,93,108,108,108,108],"floor_reached":16,"language":"ENG","playtime":524,"items_purged":["Defend_G","Strike_G"],"score":215,"play_id":"851375cf-08dd-4af7-b4f9-d5b0b85b5c71","local_time":"20210216152218","is_ascension_mode":true,"campfire_choices":[{"floor":8.0,"key":"REST"},{"data":"Blade Dance","floor":10.0,"key":"SMITH"},{"floor":15.0,"key":"REST"}],"circlet_count":0,"master_deck":["AscendersBane","Strike_G","Strike_G","Strike_G","Strike_G","Defend_G","Defend_G","Defend_G","Defend_G","Survivor","Neutralize+1","Masterful Stab","Blade Dance+1","Dagger Spray","Catalyst","Leg Sweep","Quick Slash","Burst"],"relics":["Ring of the Snake","Mummified Hand","Odd Mushroom","White Beast Statue","Bottled Flame"],"acts_visited":["Exordium"],"potions_floor_usage":[16],"damage_taken":[{"damage":0.0,"enemies":"2 Louse","floor":1.0,"turns":4.0},{"damage":1.0,"enemies":"Small Slimes","floor":3.0,"turns":3.0},{"damage":0.0,"enemies":"Cultist","floor":5.0,"turns":3.0},{"damage":27.0,"enemies":"Lagavulin","floor":6.0,"turns":6.0},{"damage":8.0,"enemies":"The Mushroom Lair","floor":7.0,"turns":3.0},{"damage":5.0,"enemies":"Exordium Wildlife","floor":12.0,"turns":3.0},{"damage":23.0,"enemies":"Gremlin Nob","floor":13.0,"turns":4.0},{"damage":0.0,"enemies":"2 Fungi Beasts","floor":14.0,"turns":2.0},{"damage":25,"enemies":"Slime Boss","floor":16,"turns":9}],"seed_played":"-8028663809053339517","potions_obtained":[{"floor":1.0,"key":"BlessingOfTheForge"},{"floor":7.0,"key":"SpeedPotion"},{"floor":12.0,"key":"LiquidBronze"},{"floor":13.0,"key":"SneckoOil"},{"floor":14.0,"key":"EntropicBrew"}],"is_trial":false,"path_per_floor":["M","$","M","?","M","E","?","R","T","R","$","M","E","M","R","B"],"character_chosen":"THE_SILENT","items_purchased":["Leg Sweep"],"campfire_rested":2,"item_purchase_floors":[11],"current_hp_per_floor":[59,59,58,58,58,31,23,42,42,42,42,37,14,14,33,8,8],"gold":108,"neow_bonus":"HUNDRED_GOLD","is_daily":false,"chose_seed":false,"campfire_upgraded":1,"win_rate":0.0,"timestamp":1613510538,"path_taken":["M","$","M","?","M","E","?","R","T","R","$","M","E","M","R","BOSS"],"items_purchased_type":["Card"],"build_version":"2020-12-22","purchased_purges":2,"victory":false,"max_hp_per_floor":[66,66,66,66,66,66,66,66,66,66,66,66,66,66,66,66,66],"card_choices":[{"not_picked":["Caltrops","Deflect"],"picked":"Masterful Stab","floor":1.0},{"not_picked":["Acrobatics","Slice"],"picked":"Blade Dance","floor":3.0},{"not_picked":["Slice","Endless Agony"],"picked":"Dagger Spray","floor":5.0},{"not_picked":["Deflect","Reflex","Deadly Poison"],"picked":"SKIP","floor":6.0},{"not_picked":["Endless Agony","Dagger Spray"],"picked":"Catalyst","floor":7.0},{"not_picked":["Dagger Spray","Flying Knee"],"picked":"Quick Slash","floor":12.0},{"not_picked":["Prepared","Flying Knee"],"picked":"Burst","floor":13.0},{"not_picked":["Underhanded Strike","Setup","Reflex"],"picked":"SKIP","floor":14.0}],"player_experience":612922,"relics_obtained":[{"floor":6.0,"key":"Mummified Hand"},{"floor":7.0,"key":"Odd Mushroom"},{"floor":9.0,"key":"White Beast Statue"},{"floor":13.0,"key":"Bottled Flame"}],"event_choices":[{"damage_healed":0.0,"max_hp_gain":0.0,"max_hp_loss":0.0,"gold_gain":0.0,"event_name":"Living Wall","player_choice":"Grow","floor":4.0,"gold_loss":0.0,"damage_taken":0.0,"cards_upgraded":["Neutralize"]},{"damage_healed":0.0,"max_hp_gain":0.0,"max_hp_loss":0.0,"gold_gain":0.0,"event_name":"Mushrooms","player_choice":"Fought Mushrooms","floor":7.0,"gold_loss":0.0,"damage_taken":0.0}],"is_beta":false,"boss_relics":[],"items_purged_floors":[2,11],"is_endless":false,"potions_floor_spawned":[1,7,12,13,14],"killed_by":"Slime Boss","ascension_level":19}}