{"host":"syfsfjmzue8y1a6l","time":1613495337,"event":{"mods":["AchievementEnabler","BaseMod","Colored Map","DeckTracker","Minty Spire (QoL Compilation)","Permanent Neow","SuperFastMode"],"gold_per_floor":[116,129,142,159,67,102,116,126,152,169,183,195,195,224,224,224,348,348,371,286,167,187,207,207,250,250,276,307,307,307,307,341,341,467,467,490,515,515,131,144,183,183,183,183,208,244,244,288,304,304,304,304],"floor_reached":51,"language":"KOR","playtime":5123,"items_purged":["Strike_G","Defend_G"],"score":684,"play_id":"5e5db2e8-0a5e-4863-a75c-9f7e110700b0","local_time":"20210217020857","is_ascension_mode":false,"campfire_choices":[{"data":"Crippling Poison","floor":16,"key":"SMITH"},{"data":"Reflex","floor":29,"key":"SMITH"},{"floor":31,"key":"RECALL"},{"data":"Burst","floor":33,"key":"SMITH"},{"data":"Doppelganger","floor":47,"key":"SMITH"},{"data":"Acrobatics","floor":50,"key":"SMITH"}],"circlet_count":0,"master_deck":["Strike_G","Strike_G","Defend_G","Defend_G","Survivor","Underhanded Strike","Underhanded Strike","Crippling Poison+1","Acrobatics+1","Reflex+1","Outmaneuver","Crippling Poison","Night Terror","Acrobatics+1","Leg Sweep+1","Distraction+1","Dash","Choke","Outmaneuver+1","Underhanded Strike","Burst+1","Expertise","Deadly Poison","Underhanded Strike","Doppelganger+1","Night Terror","Chrysalis","Dash+1","Tactician+1","Bullet Time"],"relics":["Snecko Eye","Toy Ornithopter","PreservedInsect","Golden Idol","Astrolabe","Smiling Mask","Blood Vial","Ancient Tea Set","Eternal Feather","InkBottle","SlaversCollar","HandDrill","Bottled Flame","Darkstone Periapt","Frozen Egg 2","Potion Belt","Paper Crane"],"acts_visited":["Exordium","TheCity","TheBeyond"],"potions_floor_usage":[10,17,19,28,34,45,46,46,48,51],"damage_taken":[{"damage":0,"enemies":"Small Slimes","floor":1,"turns":3},{"damage":0,"enemies":"2 Louse","floor":2,"turns":2},{"damage":0,"enemies":"Jaw Worm","floor":3,"turns":4},{"damage":0,"enemies":"Looter","floor":4,"turns":2},{"damage":12,"enemies":"Lagavulin","floor":6,"turns":6},{"damage":0,"enemies":"Large Slime","floor":7,"turns":4},{"damage":5,"enemies":"Red Slaver","floor":8,"turns":4},{"damage":3,"enemies":"Exordium Thugs","floor":10,"turns":4},{"damage":1,"enemies":"Large Slime","floor":11,"turns":4},{"damage":0,"enemies":"2 Fungi Beasts","floor":12,"turns":4},{"damage":3,"enemies":"3 Sentries","floor":14,"turns":7},{"damage":25,"enemies":"The Guardian","floor":17,"turns":12},{"damage":2,"enemies":"2 Thieves","floor":19,"turns":2},{"damage":0,"enemies":"Chosen","floor":22,"turns":4},{"damage":19,"enemies":"Shelled Parasite and Fungi","floor":23,"turns":5},{"damage":0,"enemies":"Slavers","floor":25,"turns":2},{"damage":11,"enemies":"Book of Stabbing","floor":28,"turns":6},{"damage":4,"enemies":"Slavers","floor":32,"turns":3},{"damage":73,"enemies":"Champ","floor":34,"turns":12},{"damage":6,"enemies":"3 Shapes","floor":36,"turns":5},{"damage":12,"enemies":"Orb Walker","floor":37,"turns":4},{"damage":0,"enemies":"3 Darklings","floor":40,"turns":2},{"damage":0,"enemies":"Giant Head","floor":41,"turns":4},{"damage":7,"enemies":"Spire Growth","floor":45,"turns":5},{"damage":5,"enemies":"Reptomancer","floor":46,"turns":3},{"damage":30,"enemies":"Nemesis","floor":48,"turns":5},{"damage":18,"enemies":"Maw","floor":49,"turns":7},{"damage":55,"enemies":"Time Eater","floor":51,"turns":11}],"seed_played":"-4923856085567071887","potions_obtained":[{"floor":1,"key":"PowerPotion"},{"floor":3,"key":"Poison Potion"},{"floor":6,"key":"PowerPotion"},{"floor":8,"key":"Swift Potion"},{"floor":12,"key":"Block Potion"},{"floor":19,"key":"GamblersBrew"},{"floor":23,"key":"DistilledChaos"},{"floor":25,"key":"GhostInAJar"},{"floor":32,"key":"AttackPotion"},{"floor":36,"key":"Block Potion"},{"floor":46,"key":"DistilledChaos"},{"floor":48,"key":"ColorlessPotion"}],"is_trial":false,"path_per_floor":["M","M","M","M","$","E","M","M","T","M","M","M","M","E","?","R","B",null,"M","?","$","M","M","?","E","$","T","E","R","?","R","E","R","B",null,"M","M","?","$","M","E","?","?","T","M","E","R","E","M","R","B"],"character_chosen":"THE_SILENT","items_purchased":["Crippling Poison","Acrobatics","Choke","Mayhem","HandDrill"],"campfire_rested":0,"item_purchase_floors":[5,5,21,39,39],"current_hp_per_floor":[70,70,70,70,70,58,58,53,53,55,54,54,54,51,34,34,14,70,68,68,68,68,49,49,49,49,49,45,57,57,69,66,70,2,70,64,54,54,54,56,58,58,58,58,58,65,70,40,24,42,0,0],"gold":304,"neow_bonus":"BOSS_RELIC","is_daily":false,"chose_seed":false,"campfire_upgraded":5,"win_rate":0.0,"timestamp":1613495337,"path_taken":["M","M","M","M","$","E","M","M","T","M","M","M","M","E","?","R","BOSS","M","?","$","M","M","?","E","$","T","E","R","?","R","E","R","BOSS","M","M","?","$","M","E","?","?","T","?","E","R","E","M","R","BOSS"],"items_purchased_type":["Card","Card","Card","Card","Relic"],"build_version":"2020-12-22","purchased_purges":2,"victory":false,"max_hp_per_floor":[70,70,70,70,70,70,70,70,70,70,70,70,70,70,70,70,70,70,70,70,70,70,70,70,70,70,70,70,70,70,70,70,70,70,70,70,70,70,70,70,70,70,70,70,70,70,70,70,70,70,70,70],"card_choices":[{"not_picked":["Acrobatics","Prepared"],"picked":"Underhanded Strike","floor":1},{"not_picked":["Deflect","Flying Knee","Choke"],"picked":"SKIP","floor":2},{"not_picked":["Expertise","Skewer"],"picked":"Underhanded Strike","floor":3},{"not_picked":["Bouncing Flask","Poisoned Stab","Prepared"],"picked":"SKIP","floor":4},{"not_picked":["Backflip","Crippling Poison","Skewer"],"picked":"SKIP","floor":6},{"not_picked":["Poisoned Stab","Backstab","Sucker Punch"],"picked":"SKIP","floor":7},{"not_picked":["Poisoned Stab","Backstab","Sucker Punch"],"picked":"SKIP","floor":7},{"not_picked":["Slice","Finisher"],"picked":"Reflex","floor":8},{"not_picked":["Deflect","Endless Agony"],"picked":"Outmaneuver","floor":10},{"not_picked":["Envenom","Flying Knee"],"picked":"Crippling Poison","floor":11},{"not_picked":["Poisoned Stab","Expertise","Quick Slash"],"picked":"SKIP","floor":12},{"not_picked":["Unload","Cloak And Dagger","All Out Attack"],"picked":"SKIP","floor":14},{"not_picked":["Burst","Adrenaline"],"picked":"Night Terror","floor":17},{"not_picked":["Infinite Blades","Finisher"],"picked":"Dash","floor":19},{"not_picked":["Cloak And Dagger+1","Backstab+1"],"picked":"Outmaneuver+1","floor":22},{"not_picked":["Dodge and Roll","Cloak And Dagger","Flying Knee"],"picked":"SKIP","floor":23},{"not_picked":["Slice","Backstab"],"picked":"Underhanded Strike","floor":25},{"not_picked":["Accuracy","Flying Knee+1"],"picked":"Burst","floor":28},{"not_picked":["Dagger Spray","Dagger Throw+1"],"picked":"Underhanded Strike","floor":32},{"not_picked":["Unload","Malaise"],"picked":"Doppelganger","floor":34},{"not_picked":["Acrobatics+1","PiercingWail+1","Distraction+1"],"picked":"SKIP","floor":36},{"not_picked":["Outmaneuver","Dodge and Roll+1"],"picked":"Night Terror","floor":37},{"not_picked":["Master of Strategy","Thinking Ahead"],"picked":"Chrysalis","floor":38},{"not_picked":["Backflip+1","Slice+1"],"picked":"Dash+1","floor":40},{"not_picked":["Deflect+1","Dagger Throw","Flechettes"],"picked":"SKIP","floor":41},{"not_picked":["Noxious Fumes+1","Outmaneuver+1"],"picked":"Tactician+1","floor":45},{"not_picked":["Calculated Gamble","Flying Knee+1"],"picked":"Bullet Time","floor":46},{"not_picked":["Catalyst","Flechettes","Deadly Poison"],"picked":"SKIP","floor":48},{"not_picked":["Infinite Blades+1","Poisoned Stab","Acrobatics"],"picked":"SKIP","floor":49}],"player_experience":100880,"relics_obtained":[{"floor":6,"key":"Toy Ornithopter"},{"floor":14,"key":"PreservedInsect"},{"floor":25,"key":"Blood Vial"},{"floor":27,"key":"Ancient Tea Set"},{"floor":28,"key":"Eternal Feather"},{"floor":32,"key":"InkBottle"},{"floor":41,"key":"Bottled Flame"},{"floor":43,"key":"Darkstone Periapt"},{"floor":44,"key":"Frozen Egg 2"},{"floor":46,"key":"Potion Belt"},{"floor":48,"key":"Paper Crane"}],"event_choices":[{"damage_healed":0,"gold_gain":0,"player_choice":"Take Damage","damage_taken":17,"relics_obtained":["Golden Idol"],"max_hp_gain":0,"max_hp_loss":0,"event_name":"Golden Idol","floor":15,"gold_loss":0},{"damage_healed":0,"gold_gain":0,"player_choice":"Obtained Relic","damage_taken":0,"relics_obtained":["Smiling Mask"],"max_hp_gain":0,"max_hp_loss":0,"event_name":"Addict","floor":20,"gold_loss":85},{"damage_healed":0,"gold_gain":0,"player_choice":"Ignored","damage_taken":0,"max_hp_gain":0,"max_hp_loss":0,"event_name":"Vampires","floor":24,"gold_loss":0},{"damage_healed":0,"gold_gain":0,"cards_transformed":["Defend_G","Strike_G"],"player_choice":"Became Test Subject","damage_taken":0,"max_hp_gain":0,"max_hp_loss":0,"event_name":"Drug Dealer","floor":30,"gold_loss":0,"cards_obtained":["Expertise","Deadly Poison"]},{"damage_healed":0,"gold_gain":0,"player_choice":"Memory 1","damage_taken":0,"max_hp_gain":0,"max_hp_loss":0,"event_name":"SensoryStone","floor":38,"gold_loss":0},{"cards_removed":["Mayhem"],"damage_healed":0,"gold_gain":0,"player_choice":"Removed Power","damage_taken":0,"max_hp_gain":0,"max_hp_loss":0,"event_name":"Falling","floor":42,"gold_loss":0},{"damage_healed":0,"gold_gain":0,"player_choice":"Relic","damage_taken":0,"max_hp_gain":0,"max_hp_loss":0,"event_name":"Wheel of Change","floor":43,"gold_loss":0}],"is_beta":false,"boss_relics":[{"not_picked":["Runic Dome","Runic Pyramid"],"picked":"Astrolabe"},{"not_picked":["Empty Cage","Fusion Hammer"],"picked":"SlaversCollar"}],"items_purged_floors":[21,39],"is_endless":false,"potions_floor_spawned":[1,3,6,8,12,14,19,23,25,32,36,41,46,48],"killed_by":"Time Eater","ascension_level":0}}