{"host":"yqztwemefsbhfep8","time":1613455055,"event":{"mods":["BaseMod","Downfall","Hermit","Minty Spire (QoL Compilation)","StSLib"],"gold_per_floor":[111,34,34,54,71,98,118,118,118,118,118,118,118,134,134,229,229,243,14,14,14,27,53,53,53,76,86,96,106,106,106,106,204,204,219,238,34,50,67,67,100,120,144,0,0,0,12,12,12,12,12],"floor_reached":50,"language":"ENG","playtime":1930,"items_purged":[],"score":519,"play_id":"97bfa50e-9b94-47f1-9735-e3a99e67b188","local_time":"20210215215735","is_ascension_mode":false,"campfire_choices":[{"floor":8.0,"key":"REST"},{"floor":10.0,"key":"REST"},{"floor":13.0,"key":"REST"},{"data":"hermit:Magnum","floor":15.0,"key":"SMITH"},{"data":"hermit:Combo","floor":25.0,"key":"SMITH"},{"floor":32.0,"key":"REST"},{"floor":40,"key":"REST"},{"floor":45,"key":"REST"},{"floor":49,"key":"REST"}],"circlet_count":0,"master_deck":["hermit:Strike_Hermit+1","hermit:Strike_Hermit+1","hermit:Strike_Hermit+1","hermit:Strike_Hermit+1","hermit:Defend_Hermit+1","hermit:Defend_Hermit+1","hermit:Defend_Hermit+1","hermit:Defend_Hermit+1","hermit:Snapshot+1","hermit:Covet","hermit:Magnum+1","hermit:Enervate","hermit:ShadowCloak","hermit:CursedWeapon","hermit:Roulette+1","CurseOfTheBell","hermit:Quickdraw+1","hermit:RoundhouseKick","hermit:Combo+1","hermit:WideOpen","hermit:Dive+1","hermit:CursedWeapon+1","Slimebound:SplitLeeching+1","hermit:BlackWind+1","hermit:FullyLoaded+1"],"relics":["hermit:ClaspedLocket","Pen Nib","Juzu Bracelet","Calling Bell","Potion Belt","Blue Candle","Thread and Needle","PreservedInsect","Ornamental Fan","Omamori","Ancient Tea Set","hermit:PetGhost","Girya","Regal Pillow"],"acts_visited":["Exordium","TheCity","TheBeyond"],"potions_floor_usage":[39,50,50,50,50],"damage_taken":[{"damage":0.0,"enemies":"2 Louse","floor":1.0,"turns":2.0},{"damage":0.0,"enemies":"Cultist","floor":4.0,"turns":2.0},{"damage":11.0,"enemies":"Jaw Worm","floor":5.0,"turns":3.0},{"damage":39.0,"enemies":"Lagavulin","floor":6.0,"turns":6.0},{"damage":2.0,"enemies":"2 Fungi Beasts","floor":7.0,"turns":2.0},{"damage":2.0,"enemies":"Large Slime","floor":14.0,"turns":4.0},{"damage":61.0,"enemies":"Hexaghost","floor":16.0,"turns":8.0},{"damage":3.0,"enemies":"Chosen","floor":18.0,"turns":3.0},{"damage":2.0,"enemies":"Spheric Guardian","floor":22.0,"turns":3.0},{"damage":12.0,"enemies":"Slavers","floor":23.0,"turns":4.0},{"damage":20.0,"enemies":"Centurion and Healer","floor":27.0,"turns":3.0},{"damage":23.0,"enemies":"Snake Plant","floor":28.0,"turns":4.0},{"damage":3.0,"enemies":"Snecko","floor":29.0,"turns":4.0},{"damage":0.0,"enemies":"Centurion and Healer","floor":31.0,"turns":1.0},{"damage":18.0,"enemies":"Collector","floor":33.0,"turns":9.0},{"damage":4.0,"enemies":"Orb Walker","floor":35.0,"turns":2.0},{"damage":4.0,"enemies":"3 Darklings","floor":36.0,"turns":2.0},{"damage":9.0,"enemies":"4 Shapes","floor":38.0,"turns":5.0},{"damage":14,"enemies":"Maw","floor":39,"turns":6},{"damage":2,"enemies":"Nemesis","floor":41,"turns":3},{"damage":26,"enemies":"Sphere and 2 Shapes","floor":42,"turns":4},{"damage":28,"enemies":"Transient","floor":47,"turns":5},{"damage":100090,"enemies":"Donu and Deca","floor":50,"turns":9}],"seed_played":"-2189360948551229296","potions_obtained":[{"floor":5.0,"key":"EssenceOfSteel"},{"floor":7.0,"key":"SmokeBomb"},{"floor":14.0,"key":"Ancient Potion"},{"floor":16.0,"key":"DuplicationPotion"},{"floor":23.0,"key":"FearPotion"},{"floor":29.0,"key":"SpeedPotion"},{"floor":33.0,"key":"SkillPotion"},{"floor":36.0,"key":"bronze:BurnAndBuffPotion"},{"floor":38.0,"key":"SpeedPotion"},{"floor":47,"key":"LiquidMemories"}],"is_trial":false,"path_per_floor":["M","$","?","M","M","E","M","R","T","R","?","?","R","M","R","B",null,"M","$","?","?","M","E","?","R","T","M","M","M","?","M","R","B",null,"M","M","$","M","M","R","E","M","T","$","R","?","M","$","R","B"],"character_chosen":"HERMIT","items_purchased":["hermit:ShadowCloak","hermit:RoundhouseKick","PreservedInsect","hermit:PetGhost","PowerPotion","Regal Pillow"],"campfire_rested":7,"item_purchase_floors":[2,19,19,37,37,44],"current_hp_per_floor":[75,75,75,75,64,25,23,45,45,67,52,57,80,78,78,17,80,77,77,77,77,75,63,63,63,63,43,20,17,17,17,41,23,80,76,72,72,63,49,73,71,45,45,45,80,80,52,52,80,0,0],"gold":12,"neow_bonus":"ONE_RANDOM_RARE_CARD","is_daily":false,"chose_seed":false,"campfire_upgraded":2,"win_rate":0.0,"timestamp":1613455055,"path_taken":["M","$","?","?","M","E","M","R","T","R","?","?","R","M","R","BOSS","M","$","?","?","M","E","?","R","T","M","M","M","?","M","R","BOSS","M","M","$","M","M","R","E","M","T","$","R","?","M","?","R","BOSS"],"items_purchased_type":["Card","Card","Relic","Relic","Potion","Relic"],"build_version":"2020-12-22","purchased_purges":0,"victory":false,"max_hp_per_floor":[75,75,75,75,75,75,75,75,75,75,75,80,80,80,80,80,80,80,80,80,80,80,80,80,80,80,80,80,80,80,80,80,80,80,80,80,80,80,80,80,80,80,80,80,80,80,80,80,80,80,80],"card_choices":[{"not_picked":["hermit:WideOpen","hermit:HoleUp"],"picked":"hermit:Enervate","floor":1.0},{"not_picked":["hermit:Brawl","hermit:EyeOfTheStorm","hermit:Desperado"],"picked":"SKIP","floor":4.0},{"not_picked":["hermit:HighCaliber","hermit:Desperado","hermit:FlashPowder"],"picked":"SKIP","floor":5.0},{"not_picked":["hermit:Manifest","hermit:BodyArmor"],"picked":"hermit:CursedWeapon","floor":6.0},{"not_picked":["hermit:Determination","hermit:BodyArmor"],"picked":"hermit:Roulette","floor":7.0},{"not_picked":["hermit:HoleUp","hermit:TakeAim","hermit:Roulette"],"picked":"SKIP","floor":14.0},{"not_picked":["hermit:Roughhouse","hermit:Magnum"],"picked":"hermit:OverwhelmingPower","floor":16.0},{"not_picked":["hermit:HighCaliber","hermit:Headshot"],"picked":"hermit:Quickdraw+1","floor":18.0},{"not_picked":["hermit:Spite","hermit:Desperado+1"],"picked":"hermit:Dive+1","floor":22.0},{"not_picked":["hermit:LoneWolf","hermit:Determination"],"picked":"hermit:CursedWeapon+1","floor":23.0},{"not_picked":["hermit:HighCaliber","hermit:Vantage","hermit:Scavenge"],"picked":"SKIP","floor":27.0},{"not_picked":["hermit:LowProfile+1","hermit:Scavenge","hermit:Headshot"],"picked":"SKIP","floor":28.0},{"not_picked":["hermit:Brawl","hermit:Snipe","hermit:ItchyTrigger"],"picked":"SKIP","floor":29.0},{"not_picked":["hermit:FinalCanter","hermit:OverwhelmingPower"],"picked":"hermit:BlackWind","floor":33.0},{"not_picked":["hermit:Glare+1","hermit:Snipe+1","hermit:BodyArmor"],"picked":"SKIP","floor":35.0},{"not_picked":["hermit:Roulette","hermit:LoneWolf+1","hermit:PistolWhip"],"picked":"SKIP","floor":36.0},{"not_picked":["hermit:TakeCover","hermit:HighCaliber","hermit:Snipe"],"picked":"SKIP","floor":38.0},{"not_picked":["hermit:TakeAim+1","hermit:Feint","hermit:BodyArmor+1"],"picked":"SKIP","floor":39},{"not_picked":["hermit:Horror+1","hermit:PistolWhip+1"],"picked":"hermit:FullyLoaded+1","floor":41},{"not_picked":["hermit:SprayPray","hermit:Determination","hermit:CalledShot+1"],"picked":"SKIP","floor":42},{"not_picked":["hermit:Misfire","hermit:Purgatory","hermit:LuckOfTheDraw+1"],"picked":"SKIP","floor":47}],"player_experience":319825,"relics_obtained":[{"floor":6.0,"key":"Pen Nib"},{"floor":9.0,"key":"Juzu Bracelet"},{"floor":17.0,"key":"Potion Belt"},{"floor":17.0,"key":"Blue Candle"},{"floor":17.0,"key":"Thread and Needle"},{"floor":23.0,"key":"Ornamental Fan"},{"floor":26.0,"key":"Ancient Tea Set"},{"floor":41,"key":"Girya"}],"event_choices":[{"damage_healed":0.0,"max_hp_gain":0.0,"max_hp_loss":0.0,"gold_gain":0.0,"event_name":"Purifier","player_choice":"Ignored","floor":3.0,"gold_loss":0.0,"damage_taken":0.0},{"damage_healed":0.0,"max_hp_gain":0.0,"max_hp_loss":0.0,"gold_gain":0.0,"event_name":"Shining Light","player_choice":"Entered Light","floor":11.0,"gold_loss":0.0,"damage_taken":15.0,"cards_upgraded":["hermit:Snapshot","hermit:Roulette"]},{"damage_healed":0.0,"max_hp_gain":5.0,"max_hp_loss":0.0,"gold_gain":0.0,"event_name":"Big Fish","player_choice":"Donut","floor":12.0,"gold_loss":0.0,"damage_taken":0.0},{"damage_healed":0.0,"max_hp_gain":0.0,"max_hp_loss":0.0,"gold_gain":0.0,"event_name":"Back to Basics","player_choice":"Simplicity","floor":20.0,"gold_loss":0.0,"damage_taken":0.0,"cards_upgraded":["hermit:Strike_Hermit","hermit:Strike_Hermit","hermit:Strike_Hermit","hermit:Strike_Hermit","hermit:Defend_Hermit","hermit:Defend_Hermit","hermit:Defend_Hermit","hermit:Defend_Hermit"]},{"damage_healed":0.0,"max_hp_gain":0.0,"max_hp_loss":0.0,"gold_gain":0.0,"event_name":"Match and Keep!","player_choice":"2 cards matched","floor":21.0,"gold_loss":0.0,"damage_taken":0.0,"cards_obtained":["hermit:Combo","hermit:WideOpen"]},{"damage_healed":0.0,"max_hp_gain":0.0,"max_hp_loss":0.0,"gold_gain":0.0,"event_name":"The Mausoleum","player_choice":"Opened","floor":24.0,"gold_loss":0.0,"damage_taken":0.0,"relics_obtained":["Omamori"]},{"cards_removed":["hermit:OverwhelmingPower"],"damage_healed":0.0,"max_hp_gain":0.0,"max_hp_loss":0.0,"gold_gain":0.0,"event_name":"NoteForYourself","player_choice":"Took Card","floor":30.0,"gold_loss":0.0,"damage_taken":0.0,"cards_obtained":["Slimebound:SplitLeeching"]},{"damage_healed":0,"gold_gain":0,"player_choice":"Upgraded","damage_taken":0,"max_hp_gain":0,"max_hp_loss":0,"event_name":"Upgrade Shrine","floor":46,"gold_loss":0,"cards_upgraded":["hermit:BlackWind"]}],"is_beta":false,"boss_relics":[{"not_picked":["SacredBark","Busted Crown"],"picked":"Calling Bell"},{"not_picked":["Runic Dome","Runic Pyramid"],"picked":"hermit:ClaspedLocket"}],"items_purged_floors":[],"is_endless":false,"potions_floor_spawned":[5,7,14,16,23,29,31,33,36,38,47],"killed_by":"Donu and Deca","ascension_level":0}}