{"host":"2ccem01eblg14btk","time":1613472870,"event":{"mods":["BaseMod","Colored Map","Minty Spire (QoL Compilation)","Quick Restart","Replay The Spire","StSLib"],"gold_per_floor":[116,136,211,211,61,93,113,113,113,34,34,53,71,106,106,210,210,228,17,36,36,50,75,93,93,93,93,107,107,127,137,137,233,233,244,255,255,268,193,193,193,193,264,276,276,286,286,34,34,34],"floor_reached":51,"language":"ENG","playtime":1342,"items_purged":["Pain"],"score":829,"play_id":"693760a1-56e2-47d6-a1e5-8eafbfcfb6cf","local_time":"20210216115430","is_ascension_mode":false,"campfire_choices":[{"data":"Armaments","floor":11.0,"key":"SMITH"},{"floor":15.0,"key":"DIG"},{"data":"Demon Form","floor":25,"key":"SMITH"},{"data":"Inflame","floor":29,"key":"SMITH"},{"data":"Double Tap","floor":32,"key":"SMITH"},{"data":"Panache","floor":42,"key":"SMITH"},{"data":"Offering","floor":47,"key":"SMITH"},{"data":"Metallicize","floor":49,"key":"SMITH"}],"circlet_count":0,"master_deck":["Bash","Replay:Undeath\u0027s Touch","Replay:Undeath\u0027s Touch+1","Armaments+1","Flex","Inflame+1","Thunderclap","Sword Boomerang","Heavy Blade","Double Tap+1","AbeCurse","Infernal Blade+1","Hemokinesis+1","Demon Form+1","Sword Boomerang+1","Metallicize+1","Replay:Undeath\u0027s Touch+1","Offering+1","Corruption","Demonic Infusion","Twin Strike","Disarm","Carnage","Whirlwind","Rage","Wild Strike","Metallicize+1","Panache+1"],"relics":["Burning Blood","NeowsBlessing","Bag of Preparation","Champion Belt","Kunai","Pear","ReplayTheSpireMod:Shallot","Abe\u0027s Treasure","Boot","Bottled Lightning","Divine Protection","WarpedTongs","Pandora\u0027s Box","Bottled Tornado","Ring of Searing","ReplayTheSpireMod:Ring of Addiction","Toy Ornithopter","Chameleon Ring","Toolbox"],"acts_visited":["Exordium","TheCity","TheBeyond"],"potions_floor_usage":[16,23,24,33,50,50,50],"damage_taken":[{"damage":0.0,"enemies":"Small Slimes","floor":1.0,"turns":1.0},{"damage":0.0,"enemies":"Cultist","floor":2.0,"turns":1.0},{"damage":0.0,"enemies":"Lagavulin","floor":6.0,"turns":1.0},{"damage":0.0,"enemies":"2 Louse","floor":7.0,"turns":3.0},{"damage":2.0,"enemies":"Blue Slaver","floor":12.0,"turns":3.0},{"damage":6.0,"enemies":"Large Slime","floor":13.0,"turns":5.0},{"damage":12.0,"enemies":"3 Sentries","floor":14.0,"turns":6.0},{"damage":24,"enemies":"Fading Forest","floor":16,"turns":11},{"damage":7,"enemies":"2 Thieves","floor":18,"turns":3},{"damage":0,"enemies":"Chosen","floor":20,"turns":4},{"damage":23,"enemies":"Shelled Parasite and Fungi","floor":22,"turns":5},{"damage":20,"enemies":"Book of Stabbing","floor":23,"turns":4},{"damage":5,"enemies":"Centurion and Healer","floor":24,"turns":4},{"damage":0,"enemies":"Snecko","floor":28,"turns":4},{"damage":7,"enemies":"Snake Plant","floor":30,"turns":4},{"damage":1,"enemies":"Centurion and Healer","floor":31,"turns":4},{"damage":0,"enemies":"Pondfish","floor":33,"turns":6},{"damage":0,"enemies":"3 Darklings","floor":35,"turns":2},{"damage":0,"enemies":"Orb Walker","floor":36,"turns":3},{"damage":22,"enemies":"4 Shapes","floor":38,"turns":5},{"damage":18,"enemies":"3 Darklings","floor":44,"turns":4},{"damage":3,"enemies":"Maw","floor":46,"turns":5},{"damage":26,"enemies":"Replay:Hell Engine","floor":50,"turns":4}],"seed_played":"-6949365560798901050","potions_obtained":[{"floor":1.0,"key":"Reflective Coating"},{"floor":13.0,"key":"SkillPotion"},{"floor":14.0,"key":"Doom Potion"},{"floor":16,"key":"Weak Potion"},{"floor":18,"key":"BloodPotion"},{"floor":23,"key":"Languid Potion"},{"floor":33,"key":"Strength Potion"},{"floor":38,"key":"Ancient Potion"},{"floor":44,"key":"Energy Potion"},{"floor":45,"key":"Strength Potion"}],"is_trial":false,"path_per_floor":["M","M","?","?","$","E","M","$","T","$","R","M","M","E","R_BF","B",null,"M","$","M","?","M","E","M","R","T","?","M","R","M","M","R","B",null,"M","M","?","M","$","?","?","R","T","M","?","M","R","$","R","B",null],"character_chosen":"IRONCLAD","items_purchased":["Bag of Preparation","Inflame","Infernal Blade+1","Boot","CultistPotion","Toolbox"],"campfire_rested":0,"item_purchase_floors":[5,10,19,19,48,48],"current_hp_per_floor":[80,80,69,69,69,75,80,80,80,80,80,80,80,84,84,75,90,89,89,90,72,55,41,61,61,61,61,67,67,66,71,71,77,95,95,95,95,79,79,79,79,79,79,67,67,70,70,70,70,65],"gold":34,"neow_bonus":"THREE_ENEMY_KILL","is_daily":false,"chose_seed":false,"campfire_upgraded":7,"win_rate":0.0,"timestamp":1613472870,"path_taken":["M","M","?","?","$","E","?","$","T","?","R","M","?","E","R_BF","BOSS","M","$","M","?","M","E","M","R","T","?","M","R","M","?","R","BOSS","M","M","?","M","$","?","?","R","T","M","?","M","R","$","R","BOSS"],"items_purchased_type":["Relic","Card","Card","Relic","Potion","Relic"],"build_version":"2020-12-22","purchased_purges":1,"victory":true,"max_hp_per_floor":[80,80,80,80,80,80,80,80,80,80,80,80,80,90,90,90,90,90,90,90,95,95,95,95,95,95,95,95,95,95,95,95,95,95,95,95,95,95,95,95,95,95,95,95,95,95,95,95,93,93],"card_choices":[{"not_picked":["Clash","Power Through"],"picked":"Replay:Undeath\u0027s Touch","floor":1.0},{"not_picked":["Dark Embrace","Body Slam"],"picked":"Replay:Undeath\u0027s Touch","floor":2.0},{"not_picked":["Fire Breathing","Perfected Strike"],"picked":"Armaments","floor":6.0},{"not_picked":["Perfected Strike","Iron Wave"],"picked":"Flex","floor":7.0},{"not_picked":["Cleave","Headbutt"],"picked":"Thunderclap","floor":12.0},{"not_picked":["Feel No Pain","Havoc"],"picked":"Sword Boomerang","floor":13.0},{"not_picked":["Carnage","Combust"],"picked":"Heavy Blade","floor":14.0},{"not_picked":["Bludgeon","Eclipse"],"picked":"Double Tap","floor":16},{"not_picked":["Cleave","Dark Embrace+1","Abandon"],"picked":"SKIP","floor":18},{"not_picked":["Dropkick","ReplayTheSpireMod:LeadingStrike"],"picked":"Hemokinesis+1","floor":20},{"not_picked":["Clothesline","Heavy Blade"],"picked":"Demon Form","floor":22},{"not_picked":["Thunderclap","Cleave","Clothesline"],"picked":"SKIP","floor":23},{"not_picked":["Anger","Uppercut+1"],"picked":"Sword Boomerang+1","floor":24},{"not_picked":["Warcry","Massacre"],"picked":"Metallicize+1","floor":28},{"not_picked":["Battle Trance","Metallicize"],"picked":"Replay:Undeath\u0027s Touch+1","floor":30},{"not_picked":["ReplayTheSpireMod:Strike From Hell+1","Flex","True Grit"],"picked":"SKIP","floor":31},{"not_picked":["Hemogenesis","Demon Form"],"picked":"Offering","floor":33},{"not_picked":["Searing Blow+1","Warcry+1"],"picked":"Metallicize","floor":35},{"not_picked":["Body Slam+1","Pommel Strike+1","Perfected Strike+1"],"picked":"SKIP","floor":36},{"not_picked":["Run Through+1","True Grit+1","Twin Strike"],"picked":"SKIP","floor":38},{"not_picked":["Secret Technique","Madness"],"picked":"Panache","floor":40},{"not_picked":["Hemokinesis+1","Feel No Pain","Shrug It Off"],"picked":"SKIP","floor":44},{"not_picked":["Pommel Strike+1","True Grit","Life Link"],"picked":"SKIP","floor":46}],"player_experience":132055,"relics_obtained":[{"floor":6.0,"key":"Champion Belt"},{"floor":9.0,"key":"Kunai"},{"floor":14.0,"key":"Pear"},{"floor":15.0,"key":"ReplayTheSpireMod:Shallot"},{"floor":23,"key":"Bottled Lightning"},{"floor":26,"key":"Divine Protection"},{"floor":43,"key":"Bottled Tornado"},{"floor":45,"key":"Ring of Searing"},{"floor":45,"key":"ReplayTheSpireMod:Ring of Addiction"},{"floor":45,"key":"Toy Ornithopter"},{"floor":45,"key":"Chameleon Ring"}],"event_choices":[{"damage_healed":0.0,"max_hp_gain":0.0,"max_hp_loss":0.0,"gold_gain":75.0,"event_name":"World of Goop","player_choice":"Gather Gold","floor":3.0,"gold_loss":0.0,"damage_taken":11.0},{"damage_healed":0.0,"max_hp_gain":0.0,"max_hp_loss":0.0,"gold_gain":0.0,"event_name":"Upgrade Shrine","player_choice":"Upgraded","floor":4.0,"gold_loss":0.0,"damage_taken":0.0,"cards_upgraded":["Replay:Undeath\u0027s Touch"]},{"damage_healed":0,"gold_gain":0,"player_choice":"Shed Blood","damage_taken":23,"max_hp_gain":5,"max_hp_loss":0,"event_name":"Forgotten Altar","floor":21,"gold_loss":0},{"damage_healed":0,"gold_gain":0,"player_choice":"Rummage","damage_taken":0,"relics_obtained":["WarpedTongs"],"max_hp_gain":0,"max_hp_loss":0,"event_name":"Accursed Blacksmith","floor":27,"gold_loss":0,"cards_obtained":["Pain"]},{"cards_removed":["Warcry"],"damage_healed":0,"gold_gain":0,"player_choice":"Removed Skill","damage_taken":0,"max_hp_gain":0,"max_hp_loss":0,"event_name":"Falling","floor":37,"gold_loss":0},{"damage_healed":0,"gold_gain":0,"player_choice":"Memory 1","damage_taken":0,"max_hp_gain":0,"max_hp_loss":0,"event_name":"SensoryStone","floor":40,"gold_loss":0},{"damage_healed":0,"gold_gain":0,"player_choice":"Ignored","damage_taken":0,"max_hp_gain":0,"max_hp_loss":0,"event_name":"Tomb of Lord Red Mask","floor":41,"gold_loss":0}],"is_beta":false,"boss_relics":[{"not_picked":["Black Star","Empty Cage"],"picked":"Abe\u0027s Treasure"},{"not_picked":["Electric Blood","ChewingGum"],"picked":"Pandora\u0027s Box"}],"items_purged_floors":[39],"is_endless":false,"potions_floor_spawned":[1,13,14,16,18,20,23,33,38,44],"ascension_level":0}}