{"host":"sxnl403xm2xmiyj1","time":1613468705,"event":{"mods":["AchievementEnabler","BaseMod","Colored Map","Keyboard Shortcuts","Minty Spire (QoL Compilation)","Quick Restart","StSLib","SuperFastMode"],"gold_per_floor":[16,32,32,32,32,32,44,75,75,75,139,139,157,174,174,247,247,259,273,273,9,44,77,77,104,104,104,119,119,137,165,165,165,165,183,183,196,215,8,34,34,65,89,103,132,57,75,297,297,297,297,297,21,53,53],"floor_reached":56,"language":"KOR","playtime":1168,"items_purged":["Dagger Spray"],"score":2252,"play_id":"de49a2a0-6097-41d3-8eb7-42f4def7baa7","local_time":"20210216184505","is_ascension_mode":true,"campfire_choices":[{"data":"Sucker Punch","floor":6.0,"key":"SMITH"},{"data":"Crippling Poison","floor":10.0,"key":"SMITH"},{"floor":12.0,"key":"REST"},{"data":"Cloak And Dagger","floor":15.0,"key":"SMITH"},{"data":"Accuracy","floor":24.0,"key":"SMITH"},{"data":"Calculated Gamble","floor":27.0,"key":"SMITH"},{"data":"Expertise","floor":29.0,"key":"SMITH"},{"data":"Blade Dance","floor":32,"key":"SMITH"},{"data":"Blade Dance","floor":41,"key":"SMITH"},{"floor":49,"key":"RECALL"},{"data":"Acrobatics","floor":52,"key":"SMITH"}],"circlet_count":0,"master_deck":["AscendersBane","Defend_G","Defend_G","Defend_G","Defend_G","Survivor","Neutralize","Crippling Poison+1","Sucker Punch+1","Heel Hook","Dagger Throw","Deflect","Cloak And Dagger+1","Blade Dance","Blade Dance+1","Adrenaline","Terror+1","Cloak And Dagger+1","Concentrate+1","Blade Dance","Escape Plan+1","Accuracy+1","Tactician","Expertise+1","Calculated Gamble+1","Backstab","PiercingWail","Cloak And Dagger+1","Masterful Stab","Escape Plan","Madness","Madness","Blade Dance+1","Cloak And Dagger","Mayhem","Blade Dance+1","Predator+1","Acrobatics+1","Heel Hook+1","Underhanded Strike","Panache","Well Laid Plans","Acrobatics"],"relics":["Ring of the Snake","Letter Opener","Mummified Hand","Kunai","Astrolabe","MutagenicStrength","Red Mask","Orichalcum","Bottled Tornado","Lizard Tail","Toy Ornithopter","SlaversCollar","Bronze Scales","Omamori","Shuriken","Thread and Needle"],"acts_visited":["Exordium","TheCity","TheBeyond","TheEnding"],"potions_floor_usage":[42,50,55,55],"damage_taken":[{"damage":5.0,"enemies":"2 Louse","floor":1.0,"turns":4.0},{"damage":3.0,"enemies":"Jaw Worm","floor":2.0,"turns":5.0},{"damage":7.0,"enemies":"Small Slimes","floor":7.0,"turns":2.0},{"damage":21.0,"enemies":"Gremlin Nob","floor":8.0,"turns":4.0},{"damage":17.0,"enemies":"Lagavulin Event","floor":11.0,"turns":8.0},{"damage":0.0,"enemies":"2 Fungi Beasts","floor":13.0,"turns":3.0},{"damage":2.0,"enemies":"Large Slime","floor":14.0,"turns":4.0},{"damage":17.0,"enemies":"Hexaghost","floor":16.0,"turns":13.0},{"damage":0.0,"enemies":"3 Byrds","floor":18.0,"turns":3.0},{"damage":0.0,"enemies":"Spheric Guardian","floor":19.0,"turns":4.0},{"damage":0.0,"enemies":"Masked Bandits","floor":22.0,"turns":1.0},{"damage":14.0,"enemies":"Book of Stabbing","floor":23.0,"turns":5.0},{"damage":11.0,"enemies":"Gremlin Leader","floor":25.0,"turns":4.0},{"damage":0.0,"enemies":"Snake Plant","floor":28.0,"turns":3.0},{"damage":4.0,"enemies":"Sentry and Sphere","floor":30.0,"turns":4.0},{"damage":7,"enemies":"Slavers","floor":31,"turns":2},{"damage":8,"enemies":"Automaton","floor":33,"turns":7},{"damage":0,"enemies":"3 Shapes","floor":35,"turns":3},{"damage":0,"enemies":"3 Darklings","floor":37,"turns":2},{"damage":0,"enemies":"Sphere and 2 Shapes","floor":38,"turns":4},{"damage":9,"enemies":"Reptomancer","floor":40,"turns":4},{"damage":0,"enemies":"Giant Head","floor":42,"turns":3},{"damage":0,"enemies":"4 Shapes","floor":44,"turns":2},{"damage":0,"enemies":"Reptomancer","floor":45,"turns":3},{"damage":0,"enemies":"3 Darklings","floor":47,"turns":1},{"damage":12,"enemies":"Awakened One","floor":50,"turns":7},{"damage":4,"enemies":"Shield and Spear","floor":54,"turns":3},{"damage":113,"enemies":"The Heart","floor":55,"turns":6}],"seed_played":"-1614010912594560107","potions_obtained":[{"floor":1.0,"key":"SkillPotion"},{"floor":8.0,"key":"SpeedPotion"},{"floor":14.0,"key":"CunningPotion"},{"floor":28.0,"key":"SmokeBomb"},{"floor":37,"key":"SmokeBomb"},{"floor":40,"key":"FearPotion"},{"floor":42,"key":"SpeedPotion"},{"floor":45,"key":"SpeedPotion"},{"floor":54,"key":"CultistPotion"}],"is_trial":false,"path_per_floor":["M","M","?","?","$","R","M","E","T","R","?","R","M","M","R","B",null,"M","M","?","$","?","E","R","E","T","R","M","R","M","E","R","B",null,"M","?","M","M","$","E","R","E","T","M","E","$","M","?","R","B",null,"R","$","E","B",null],"character_chosen":"THE_SILENT","items_purchased":["Accuracy","Tactician","Expertise","Mayhem","Panache","Well Laid Plans"],"campfire_rested":1,"item_purchase_floors":[21,21,21,39,53,53],"current_hp_per_floor":[54,51,51,51,51,51,44,23,23,23,6,25,25,23,23,6,51,51,51,51,51,51,37,37,26,26,26,26,26,22,15,15,7,51,51,39,39,39,39,30,30,35,35,35,35,35,35,35,35,28,57,57,57,53,1],"gold":53,"neow_bonus":"TRANSFORM_TWO_CARDS","is_daily":false,"chose_seed":false,"campfire_upgraded":9,"win_rate":0.0,"timestamp":1613468705,"path_taken":["M","M","?","?","?","R","M","E","T","R","?","R","M","M","R","BOSS","M","M","?","$","?","E","R","E","T","R","M","R","M","E","R","BOSS","M","?","M","M","$","E","R","E","T","M","E","$","M","?","R","BOSS","R","$","E","BOSS"],"items_purchased_type":["Card","Card","Card","Card","Card","Card"],"build_version":"2020-12-22","purchased_purges":1,"victory":true,"max_hp_per_floor":[66,66,66,66,66,66,66,66,66,66,66,66,66,66,66,66,66,66,66,66,66,66,66,66,66,66,66,66,66,66,66,66,66,66,66,66,66,66,66,66,66,66,66,66,66,66,66,66,66,66,66,66,66,66,66],"card_choices":[{"not_picked":["Cloak And Dagger","Dodge and Roll"],"picked":"Heel Hook","floor":1.0},{"not_picked":["Flying Knee","Slice"],"picked":"Dagger Spray","floor":2.0},{"not_picked":["Leg Sweep","Tactician"],"picked":"Dagger Throw","floor":7.0},{"not_picked":["Phantasmal Killer","Flechettes"],"picked":"Deflect","floor":8.0},{"not_picked":["Slice","Quick Slash"],"picked":"Cloak And Dagger","floor":11.0},{"not_picked":["Grand Finale","Slice"],"picked":"Blade Dance","floor":13.0},{"not_picked":["Prepared","Deadly Poison"],"picked":"Blade Dance","floor":14.0},{"not_picked":["Tools of the Trade","Phantasmal Killer"],"picked":"Adrenaline","floor":16.0},{"not_picked":["Slice","Dodge and Roll"],"picked":"Blade Dance","floor":18.0},{"not_picked":["Bane","Slice+1"],"picked":"Escape Plan+1","floor":19.0},{"not_picked":["Slice","Concentrate"],"picked":"Calculated Gamble","floor":22.0},{"not_picked":["All Out Attack","Tactician"],"picked":"Backstab","floor":23.0},{"not_picked":["Setup","Leg Sweep"],"picked":"PiercingWail","floor":25.0},{"not_picked":["Backstab","Slice"],"picked":"Cloak And Dagger+1","floor":28.0},{"not_picked":["Terror+1","Flechettes","Bouncing Flask"],"picked":"SKIP","floor":30},{"not_picked":["Expertise","Backflip"],"picked":"Masterful Stab","floor":31},{"not_picked":["Quick Slash","Bouncing Flask"],"picked":"Escape Plan","floor":35},{"not_picked":["Bouncing Flask","Concentrate"],"picked":"Blade Dance+1","floor":37},{"not_picked":["Poisoned Stab","Prepared+1"],"picked":"Cloak And Dagger","floor":38},{"not_picked":["PiercingWail","Dagger Spray"],"picked":"Blade Dance","floor":40},{"not_picked":["Glass Knife","Dagger Throw"],"picked":"Predator+1","floor":42},{"not_picked":["Finisher","All Out Attack+1"],"picked":"Acrobatics","floor":44},{"not_picked":["Deadly Poison","Sucker Punch"],"picked":"Heel Hook+1","floor":45},{"not_picked":["Flying Knee","Expertise"],"picked":"Underhanded Strike","floor":47},{"not_picked":["Outmaneuver+1","Malaise"],"picked":"Acrobatics","floor":54}],"player_experience":221775,"relics_obtained":[{"floor":8.0,"key":"Letter Opener"},{"floor":9.0,"key":"Mummified Hand"},{"floor":22.0,"key":"Red Mask"},{"floor":23.0,"key":"Orichalcum"},{"floor":25.0,"key":"Bottled Tornado"},{"floor":26.0,"key":"Lizard Tail"},{"floor":31,"key":"Toy Ornithopter"},{"floor":40,"key":"Bronze Scales"},{"floor":42,"key":"Omamori"},{"floor":45,"key":"Shuriken"},{"floor":54,"key":"Thread and Needle"}],"event_choices":[{"cards_removed":["Strike_G"],"damage_healed":0.0,"max_hp_gain":0.0,"max_hp_loss":0.0,"gold_gain":0.0,"event_name":"Living Wall","player_choice":"Forget","floor":3.0,"gold_loss":0.0,"damage_taken":0.0},{"damage_healed":0.0,"max_hp_gain":0.0,"max_hp_loss":0.0,"gold_gain":0.0,"event_name":"Liars Game","player_choice":"Ignored","floor":4.0,"gold_loss":0.0,"damage_taken":0.0},{"damage_healed":0.0,"max_hp_gain":0.0,"max_hp_loss":0.0,"gold_gain":0.0,"event_name":"Dead Adventurer","player_choice":"Searched \u00272\u0027 times","floor":11.0,"gold_loss":0.0,"damage_taken":0.0,"relics_obtained":["Kunai"]},{"damage_healed":0.0,"max_hp_gain":0.0,"max_hp_loss":0.0,"gold_gain":0.0,"event_name":"Drug Dealer","player_choice":"Inject Mutagens","floor":20.0,"gold_loss":0.0,"damage_taken":0.0,"relics_obtained":["MutagenicStrength"]},{"damage_healed":0.0,"max_hp_gain":0.0,"max_hp_loss":0.0,"gold_gain":0.0,"event_name":"Masked Bandits","player_choice":"Fought Bandits","floor":22.0,"gold_loss":0.0,"damage_taken":0.0},{"damage_healed":0,"gold_gain":0,"player_choice":"Embrace Madness","damage_taken":12,"max_hp_gain":0,"max_hp_loss":0,"event_name":"Winding Halls","floor":36,"gold_loss":0,"cards_obtained":["Madness","Madness"]},{"damage_healed":0,"gold_gain":222,"player_choice":"Wore Mask","damage_taken":0,"max_hp_gain":0,"max_hp_loss":0,"event_name":"Tomb of Lord Red Mask","floor":48,"gold_loss":0}],"is_beta":false,"boss_relics":[{"not_picked":["Runic Dome","Tiny House"],"picked":"Astrolabe"},{"not_picked":["SacredBark","Fusion Hammer"],"picked":"SlaversCollar"}],"items_purged_floors":[46],"is_endless":false,"potions_floor_spawned":[1,8,14,18,28,33,37,40,42,45,54],"ascension_level":16}}