{"host":"h5fgmkg3q5qe8ocv","time":1613471488,"event":{"mods":["AchievementEnabler","BaseMod","Colored Map","Minty Spire (QoL Compilation)"],"gold_per_floor":[110,110,128,128,93,131,131,169,223,246,246,177,201,219,219,219,219],"floor_reached":16,"language":"ENG","playtime":1710,"items_purged":[],"score":110,"play_id":"c6bb0779-5bfb-4da2-825d-22ec4a00bb14","local_time":"20210216113128","is_ascension_mode":false,"campfire_choices":[{"floor":7,"key":"REST"},{"floor":11,"key":"RECALL"},{"data":"LikeWater","floor":15,"key":"SMITH"}],"circlet_count":0,"master_deck":["Strike_P","Strike_P","Strike_P","Strike_P","Defend_P","Defend_P","Defend_P","Defend_P","Eruption","Vigilance","Perseverance+1","FearNoEvil","Halt+1","Eruption","Impatience","Worship","LikeWater+1","Meditate","Collect","Tantrum","Pray","Halt"],"relics":["PureWater","Golden Idol","War Paint","Vajra","Oddly Smooth Stone"],"acts_visited":["Exordium"],"potions_floor_usage":[6,8,16],"damage_taken":[{"damage":0,"enemies":"2 Louse","floor":1,"turns":2},{"damage":0,"enemies":"Cultist","floor":3,"turns":3},{"damage":31,"enemies":"Gremlin Nob","floor":6,"turns":4},{"damage":13,"enemies":"Lagavulin","floor":8,"turns":8},{"damage":0,"enemies":"Small Slimes","floor":10,"turns":3},{"damage":0,"enemies":"Gremlin Gang","floor":13,"turns":4},{"damage":2,"enemies":"Blue Slaver","floor":14,"turns":4},{"damage":53,"enemies":"Slime Boss","floor":16,"turns":9}],"seed_played":"-2193162097510032029","potions_obtained":[{"floor":1,"key":"Energy Potion"},{"floor":3,"key":"Regen Potion"},{"floor":6,"key":"StancePotion"},{"floor":8,"key":"StancePotion"}],"is_trial":false,"path_per_floor":["M","?","M","?","$","E","R","E","T","M","R","$","M","M","R","B"],"character_chosen":"WATCHER","items_purchased":["Worship","Tantrum"],"campfire_rested":1,"item_purchase_floors":[5,12],"current_hp_per_floor":[79,60,60,60,60,34,57,44,44,44,44,44,44,42,42,0,0],"gold":219,"neow_bonus":"TEN_PERCENT_HP_BONUS","is_daily":false,"chose_seed":false,"campfire_upgraded":1,"win_rate":0.0,"timestamp":1613471488,"path_taken":["M","?","M","?","$","E","R","E","T","M","R","$","M","M","R","BOSS"],"items_purchased_type":["Card","Card"],"build_version":"2020-12-22","purchased_purges":0,"victory":false,"max_hp_per_floor":[79,79,79,79,79,79,79,79,79,79,79,79,79,79,79,79,79],"card_choices":[{"not_picked":["WreathOfFlame","Protect"],"picked":"Perseverance","floor":1},{"not_picked":["Evaluate","PathToVictory"],"picked":"FearNoEvil","floor":3},{"not_picked":["CrushJoints","Evaluate"],"picked":"LikeWater","floor":6},{"not_picked":["FlyingSleeves","ClearTheMind"],"picked":"Meditate","floor":8},{"not_picked":["Vengeance","Crescendo"],"picked":"Collect","floor":10},{"not_picked":["FlyingSleeves","CutThroughFate"],"picked":"Pray","floor":13},{"not_picked":["Judgement","ThirdEye"],"picked":"Halt","floor":14}],"player_experience":35654,"relics_obtained":[{"floor":6,"key":"War Paint"},{"floor":8,"key":"Vajra"},{"floor":9,"key":"Oddly Smooth Stone"}],"event_choices":[{"damage_healed":0,"gold_gain":0,"player_choice":"Take Damage","damage_taken":19,"relics_obtained":["Golden Idol"],"max_hp_gain":0,"max_hp_loss":0,"event_name":"Golden Idol","floor":2,"gold_loss":0},{"damage_healed":0,"gold_gain":0,"player_choice":"3 cards matched","damage_taken":0,"max_hp_gain":0,"max_hp_loss":0,"event_name":"Match and Keep!","floor":4,"gold_loss":0,"cards_obtained":["Halt","Eruption","Impatience"]}],"is_beta":false,"boss_relics":[],"items_purged_floors":[],"is_endless":false,"potions_floor_spawned":[1,3,6,8],"killed_by":"Slime Boss","ascension_level":0}}