{"host":"ty2cix8xj6r3ad26","time":1613483214,"event":{"mods":["AchievementEnabler","BaseMod","BetterRewards","Minty Spire (QoL Compilation)","Quick Restart","StSLib","SuperFastMode"],"gold_per_floor":[116,126,139,156,96,96,96,96],"floor_reached":7,"language":"ENG","playtime":861,"items_purged":["Strike_G","Defend_G"],"score":80,"play_id":"c43747d3-7815-4877-95e3-a53468126f2f","local_time":"20210216154654","is_ascension_mode":true,"campfire_choices":[{"floor":6,"key":"REST"}],"circlet_count":0,"master_deck":["AscendersBane","Strike_G","Strike_G","Strike_G","Strike_G","Defend_G","Defend_G","Defend_G","Defend_G","Survivor","Neutralize","Blur","Caltrops","Footwork","Dodge and Roll","Crippling Poison","Sadistic Nature","Backflip","Dagger Throw","Well Laid Plans"],"relics":["Ring of the Snake","Question Card","Blood Vial","TheAbacus"],"acts_visited":["Exordium"],"potions_floor_usage":[],"damage_taken":[{"damage":0,"enemies":"Cultist","floor":1,"turns":5},{"damage":0,"enemies":"2 Louse","floor":2,"turns":2},{"damage":4,"enemies":"Jaw Worm","floor":3,"turns":4},{"damage":12,"enemies":"Large Slime","floor":4,"turns":9},{"damage":10,"enemies":"Lagavulin","floor":7,"turns":5}],"seed_played":"-7627356353123850025","potions_obtained":[],"is_trial":false,"path_per_floor":["M","M","M","M","?","R","E"],"character_chosen":"THE_SILENT","items_purchased":["Question Card","Blood Vial","Blur","Caltrops","TheAbacus","Footwork","Dodge and Roll","Crippling Poison","Sadistic Nature"],"campfire_rested":1,"item_purchase_floors":[0,0,0,0,0,0,0,0,0],"current_hp_per_floor":[20,22,20,10,10,29,21,21],"gold":96,"neow_bonus":"","is_daily":false,"chose_seed":false,"campfire_upgraded":0,"win_rate":0.0,"timestamp":1613483214,"path_taken":["M","M","M","?","?","R","E"],"items_purchased_type":["Relic","Relic","Card","Card","Relic","Card","Card","Card","Card"],"build_version":"2020-12-22","purchased_purges":2,"victory":false,"max_hp_per_floor":[66,66,66,66,66,66,66,66],"card_choices":[{"not_picked":["Dodge and Roll","Reflex","Bane"],"picked":"Backflip","floor":1},{"not_picked":["Sucker Punch","Eviscerate","Deflect"],"picked":"Dagger Throw","floor":2},{"not_picked":["Skewer","Underhanded Strike","Storm of Steel"],"picked":"Well Laid Plans","floor":3},{"not_picked":["Flechettes","Dagger Throw","Acrobatics","Skewer"],"picked":"SKIP","floor":4}],"player_experience":586380,"relics_obtained":[],"event_choices":[{"damage_healed":0,"gold_gain":0,"player_choice":"Left Gold","damage_taken":0,"max_hp_gain":0,"max_hp_loss":0,"event_name":"World of Goop","floor":5,"gold_loss":60}],"is_beta":false,"boss_relics":[],"items_purged_floors":[0,0],"is_endless":false,"potions_floor_spawned":[],"killed_by":"Lagavulin","ascension_level":17}}