{"host":"prxrhpgaxnj4om9r","time":1613447718,"event":{"mods":["AchievementEnabler","BaseMod","Colored Map","DeckTracker","Minty Spire (QoL Compilation)"],"gold_per_floor":[118,193,193,207,222,256,256,267,294,294,328,344,344,359,359,457,507,524,544,33,53,53,53,80,80,128,141,151,184,184,184,184,285,285,304,304,321,321,321],"floor_reached":38,"language":"KOR","playtime":1738,"items_purged":[],"score":533,"play_id":"c7f0ac01-e6e0-4ca5-ad92-849d50821127","local_time":"20210216125518","is_ascension_mode":true,"campfire_choices":[{"data":"Crippling Poison","floor":7,"key":"SMITH"},{"floor":10,"key":"REST"},{"floor":15,"key":"REST"},{"floor":23,"key":"REST"},{"floor":30,"key":"REST"},{"floor":32,"key":"REST"}],"circlet_count":0,"master_deck":["Strike_G","Strike_G+1","Strike_G+1","Defend_G","Defend_G","Defend_G","Defend_G","Defend_G","Survivor","Neutralize","Sucker Punch","Crippling Poison+1","Masterful Stab","Acrobatics","Cloak And Dagger","Choke+1","Blade Dance","Phantasmal Killer","Backflip","Night Terror","Escape Plan","Deflect+1","Blade Dance","Blade Dance","All Out Attack+1","Accuracy+1","Dagger Spray+1","Envenom","Dagger Throw+1","PiercingWail"],"relics":["Ring of the Snake","Omamori","Whetstone","Regal Pillow","PreservedInsect","Tiny House","Matryoshka","InkBottle","Paper Crane","Vajra","Molten Egg 2","Happy Flower","Shovel","SlaversCollar"],"acts_visited":["Exordium","TheCity","TheBeyond"],"potions_floor_usage":[6,8,16,18,18,21,24,28,38],"damage_taken":[{"damage":8,"enemies":"Jaw Worm","floor":1,"turns":3},{"damage":2,"enemies":"2 Louse","floor":4,"turns":2},{"damage":0,"enemies":"Cultist","floor":5,"turns":3},{"damage":9,"enemies":"Gremlin Nob","floor":6,"turns":4},{"damage":7,"enemies":"Lots of Slimes","floor":8,"turns":4},{"damage":34,"enemies":"Lagavulin","floor":11,"turns":6},{"damage":0,"enemies":"Blue Slaver","floor":12,"turns":1},{"damage":8,"enemies":"Looter","floor":14,"turns":2},{"damage":51,"enemies":"The Guardian","floor":16,"turns":11},{"damage":0,"enemies":"3 Byrds","floor":18,"turns":2},{"damage":15,"enemies":"Shell Parasite","floor":19,"turns":5},{"damage":36,"enemies":"Snecko","floor":21,"turns":7},{"damage":25,"enemies":"Slavers","floor":24,"turns":6},{"damage":1,"enemies":"Chosen and Byrds","floor":27,"turns":4},{"damage":6,"enemies":"Cultist and Chosen","floor":28,"turns":3},{"damage":2,"enemies":"Book of Stabbing","floor":29,"turns":3},{"damage":50,"enemies":"Collector","floor":33,"turns":9},{"damage":17,"enemies":"3 Darklings","floor":35,"turns":4},{"damage":8,"enemies":"Orb Walker","floor":37,"turns":3},{"damage":46,"enemies":"Sphere and 2 Shapes","floor":38,"turns":5}],"seed_played":"-7210630252000633854","potions_obtained":[{"floor":1,"key":"SteroidPotion"},{"floor":5,"key":"Swift Potion"},{"floor":6,"key":"BlessingOfTheForge"},{"floor":12,"key":"Fire Potion"},{"floor":16,"key":"Fire Potion"},{"floor":17,"key":"Explosive Potion"},{"floor":21,"key":"PowerPotion"},{"floor":27,"key":"Explosive Potion"},{"floor":37,"key":"Energy Potion"}],"is_trial":false,"path_per_floor":["M","?","?","M","M","E","R","M","T","R","E","M","?","M","R","B",null,"M","M","$","M","?","R","E","?","T","M","M","E","R","?","R","B",null,"M","?","M","M"],"character_chosen":"THE_SILENT","items_purchased":["Matryoshka","InkBottle","Blade Dance"],"campfire_rested":5,"item_purchase_floors":[20,20,20],"current_hp_per_floor":[69,58,58,56,56,47,47,40,40,63,29,29,29,21,59,8,65,65,50,50,14,5,44,19,19,19,18,12,10,49,49,82,32,70,53,53,45,0,0],"gold":321,"neow_bonus":"TEN_PERCENT_HP_BONUS","is_daily":false,"chose_seed":false,"campfire_upgraded":1,"win_rate":0.0,"timestamp":1613447718,"path_taken":["M","?","?","?","?","E","R","M","T","R","E","M","?","M","R","BOSS","M","M","$","M","?","R","E","?","T","M","M","E","R","?","R","BOSS","M","?","?","M"],"items_purchased_type":["Relic","Relic","Card"],"build_version":"2020-12-22","purchased_purges":0,"victory":false,"max_hp_per_floor":[77,77,77,77,77,77,77,77,77,77,77,77,77,77,77,77,82,82,82,82,82,82,82,82,82,82,82,82,82,82,82,82,82,82,82,82,82,82,82],"card_choices":[{"not_picked":["Expertise","Endless Agony"],"picked":"Sucker Punch","floor":1},{"not_picked":["Deadly Poison","Blade Dance"],"picked":"Masterful Stab","floor":4},{"not_picked":["Reflex","PiercingWail"],"picked":"Acrobatics","floor":5},{"not_picked":["Sucker Punch","Acrobatics"],"picked":"Cloak And Dagger","floor":6},{"not_picked":["Flechettes","Blade Dance"],"picked":"Choke","floor":8},{"not_picked":["Concentrate","Distraction"],"picked":"Blade Dance","floor":11},{"not_picked":["Dodge and Roll","Dagger Throw"],"picked":"Phantasmal Killer","floor":12},{"not_picked":["Slice","Flying Knee"],"picked":"Backflip","floor":14},{"not_picked":["Storm of Steel","Doppelganger"],"picked":"Night Terror","floor":16},{"not_picked":["Calculated Gamble","Concentrate"],"picked":"Escape Plan","floor":17},{"not_picked":["Choke","Dagger Spray"],"picked":"Deflect+1","floor":18},{"not_picked":["Bouncing Flask","Backflip","Endless Agony"],"picked":"SKIP","floor":19},{"not_picked":["Deflect","Cloak And Dagger"],"picked":"Blade Dance","floor":21},{"not_picked":["Sucker Punch","Endless Agony","Phantasmal Killer"],"picked":"SKIP","floor":24},{"not_picked":["Choke+1","Finisher+1"],"picked":"All Out Attack+1","floor":27},{"not_picked":["Underhanded Strike+1","Dodge and Roll"],"picked":"Accuracy+1","floor":28},{"not_picked":["Expertise","Infinite Blades"],"picked":"Dagger Spray+1","floor":29},{"not_picked":["Bullet Time","After Image"],"picked":"Envenom","floor":33},{"not_picked":["Dodge and Roll+1","Bane+1"],"picked":"Dagger Throw+1","floor":35},{"not_picked":["Poisoned Stab+1","Masterful Stab+1"],"picked":"PiercingWail","floor":37}],"player_experience":473830,"relics_obtained":[{"floor":6,"key":"Omamori"},{"floor":9,"key":"Whetstone"},{"floor":11,"key":"Regal Pillow"},{"floor":24,"key":"Paper Crane"},{"floor":26,"key":"Molten Egg 2"},{"floor":26,"key":"Happy Flower"},{"floor":29,"key":"Shovel"}],"event_choices":[{"damage_healed":0,"gold_gain":75,"player_choice":"Gather Gold","damage_taken":11,"max_hp_gain":0,"max_hp_loss":0,"event_name":"World of Goop","floor":2,"gold_loss":0},{"damage_healed":0,"gold_gain":0,"cards_transformed":["Strike_G"],"player_choice":"Transformed","damage_taken":0,"max_hp_gain":0,"max_hp_loss":0,"event_name":"Transmorgrifier","floor":3,"gold_loss":0,"cards_obtained":["Crippling Poison"]},{"damage_healed":0,"gold_gain":0,"player_choice":"Box","damage_taken":0,"relics_obtained":["PreservedInsect"],"max_hp_gain":0,"max_hp_loss":0,"event_name":"Big Fish","floor":13,"gold_loss":0,"cards_obtained":["Regret"]},{"damage_healed":0,"gold_gain":0,"player_choice":"Stopped","damage_taken":9,"max_hp_gain":0,"max_hp_loss":0,"event_name":"Cursed Tome","floor":22,"gold_loss":0},{"damage_healed":0,"gold_gain":0,"player_choice":"Opened","damage_taken":0,"relics_obtained":["Vajra"],"max_hp_gain":0,"max_hp_loss":0,"event_name":"The Mausoleum","floor":25,"gold_loss":0},{"damage_healed":0,"gold_gain":0,"player_choice":"Ignored","damage_taken":0,"max_hp_gain":0,"max_hp_loss":0,"event_name":"Ghosts","floor":31,"gold_loss":0},{"cards_removed":["Strike_G"],"damage_healed":0,"gold_gain":0,"player_choice":"Purged","damage_taken":0,"max_hp_gain":0,"max_hp_loss":0,"event_name":"Purifier","floor":36,"gold_loss":0}],"is_beta":false,"boss_relics":[{"not_picked":["Coffee Dripper","Ectoplasm"],"picked":"Tiny House"},{"not_picked":["Snecko Eye","WristBlade"],"picked":"SlaversCollar"}],"items_purged_floors":[],"is_endless":false,"potions_floor_spawned":[1,5,6,12,16,21,27,37],"killed_by":"Sphere and 2 Shapes","ascension_level":5}}