{"host":"soyfmymeou4emntr","time":1613434802,"event":{"mods":["BaseMod","Minty Spire (QoL Compilation)","Permanent Neow","Relic Sorter","Relic Stats","StSLib"],"gold_per_floor":[118,194,194,219,219,257,275,235,235,235,62,101,176,199,199,295,295,310,310,320,69,89,89,89,103,181,214,42,74,74,74,74,74,74],"floor_reached":33,"language":"ENG","playtime":5110,"items_purged":[],"score":582,"play_id":"51fbe09d-ac7b-4121-a3f1-f9b26a4c5ef3","local_time":"20210215172002","is_ascension_mode":true,"campfire_choices":[{"data":"Metallicize","floor":10.0,"key":"SMITH"},{"data":"Uppercut","floor":15.0,"key":"SMITH"},{"floor":23,"key":"REST"},{"floor":32,"key":"REST"}],"circlet_count":0,"master_deck":["AscendersBane","Bash","Carnage","Anger","Carnage+1","Evolve","Metallicize+1","Ghostly Armor","Uppercut+1","Feed","Heavy Blade","Shrug It Off","Immolate","Disarm","True Grit","Entrench","Twin Strike+1","Shockwave","Burning Pact","Inflame","Spot Weakness","Feel No Pain+1","J.A.X."],"relics":["Philosopher\u0027s Stone","Bloody Idol","Lizard Tail","Potion Belt","Matryoshka","Orichalcum","White Beast Statue","Pandora\u0027s Box","Whetstone","Bronze Scales","Question Card","Gambling Chip","Sling","Lantern"],"acts_visited":["Exordium","TheCity"],"potions_floor_usage":[20,27,33,33,33,33],"damage_taken":[{"damage":8.0,"enemies":"Jaw Worm","floor":1.0,"turns":3.0},{"damage":0.0,"enemies":"Small Slimes","floor":4.0,"turns":2.0},{"damage":3.0,"enemies":"Gremlin Nob","floor":6.0,"turns":3.0},{"damage":3.0,"enemies":"2 Louse","floor":7.0,"turns":3.0},{"damage":8.0,"enemies":"3 Sentries","floor":12.0,"turns":6.0},{"damage":3.0,"enemies":"Blue Slaver","floor":14.0,"turns":2.0},{"damage":50.0,"enemies":"The Guardian","floor":16.0,"turns":16.0},{"damage":22.0,"enemies":"2 Thieves","floor":18.0,"turns":5.0},{"damage":13,"enemies":"Spheric Guardian","floor":20,"turns":6},{"damage":0,"enemies":"Cultist and Chosen","floor":22,"turns":5},{"damage":7,"enemies":"3 Cultists","floor":25,"turns":5},{"damage":23,"enemies":"Book of Stabbing","floor":27,"turns":5},{"damage":19,"enemies":"Slavers","floor":29,"turns":3},{"damage":85,"enemies":"Collector","floor":33,"turns":8}],"seed_played":"3032055445662344413","potions_obtained":[{"floor":1.0,"key":"DuplicationPotion"},{"floor":6.0,"key":"BlessingOfTheForge"},{"floor":14.0,"key":"Energy Potion"},{"floor":16.0,"key":"Fire Potion"},{"floor":18.0,"key":"EssenceOfSteel"},{"floor":20,"key":"LiquidMemories"},{"floor":22,"key":"BlessingOfTheForge"},{"floor":25,"key":"ElixirPotion"},{"floor":27,"key":"FearPotion"}],"is_trial":false,"path_per_floor":["M","?","?","M","?","E","M","$","T","R","$","E","?","M","R","B",null,"M","?","M","$","M","R","?","M","T","E","$","E","?","?","R","B"],"character_chosen":"IRONCLAD","items_purchased":["Metallicize","Orichalcum","Whetstone","Inflame","Sling"],"campfire_rested":2,"item_purchase_floors":[8,11,21,21,28],"current_hp_per_floor":[60,60,60,60,42,39,36,36,36,36,36,28,17,14,14,2,52,33,33,28,28,33,55,74,75,77,59,59,48,48,48,72,0,0],"gold":74,"neow_bonus":"BOSS_RELIC","is_daily":false,"chose_seed":false,"campfire_upgraded":2,"win_rate":0.0,"timestamp":1613434802,"path_taken":["M","?","?","M","?","E","M","$","T","R","$","E","?","M","R","BOSS","M","?","M","$","M","R","?","?","T","E","$","E","?","?","R","BOSS"],"items_purchased_type":["Card","Relic","Relic","Card","Relic"],"build_version":"2020-12-22","purchased_purges":0,"victory":false,"max_hp_per_floor":[75,75,68,68,68,68,68,68,68,68,68,68,68,68,68,68,68,71,71,74,74,74,74,74,77,77,77,77,80,80,80,80,80,80],"relic_stats":{"Lizard Tail":34,"counters":[14,72],"Bloody Idol":27,"Bronze Scales":[72],"Gambling Chip":[0],"Pandora\u0027s Box":["Heavy Blade","Shrug It Off","Immolate","Blood for Blood","Disarm","True Grit","Entrench","Twin Strike","Shockwave"],"Whetstone":["Carnage","Twin Strike"],"Orichalcum":[186],"Question Card":2,"obtain_stats":[{"Potion Belt":6,"Lantern":29,"Golden Idol":3,"Whetstone":21,"Orichalcum":11,"Question Card":26,"Sling":28,"Burning Blood":0,"White Beast Statue":12,"Lizard Tail":5,"Matryoshka":9,"Bloody Idol":19,"Bronze Scales":26,"Gambling Chip":27,"Philosopher\u0027s Stone":0,"Pandora\u0027s Box":17},{"Potion Belt":3,"Lantern":13,"Golden Idol":1,"Whetstone":9,"Orichalcum":4,"Question Card":11,"Sling":12,"Burning Blood":0,"White Beast Statue":5,"Lizard Tail":2,"Matryoshka":4,"Bloody Idol":8,"Bronze Scales":11,"Gambling Chip":12,"Philosopher\u0027s Stone":0,"Pandora\u0027s Box":7},{"Potion Belt":8,"Lantern":64,"Golden Idol":3,"Whetstone":46,"Orichalcum":11,"Question Card":56,"Sling":61,"Burning Blood":0,"White Beast Statue":17,"Lizard Tail":5,"Matryoshka":11,"Bloody Idol":40,"Bronze Scales":56,"Gambling Chip":61,"Philosopher\u0027s Stone":0,"Pandora\u0027s Box":35}]},"card_choices":[{"not_picked":["Perfected Strike","Intimidate"],"picked":"Carnage","floor":1.0},{"not_picked":["Armaments","Havoc"],"picked":"Anger","floor":4.0},{"not_picked":["True Grit","Havoc"],"picked":"Carnage","floor":6.0},{"not_picked":["Body Slam","Havoc"],"picked":"Evolve","floor":7.0},{"not_picked":["Searing Blow","Thunderclap"],"picked":"Ghostly Armor","floor":12.0},{"not_picked":["Warcry","Iron Wave"],"picked":"Uppercut","floor":14.0},{"not_picked":["Demon Form","Double Tap"],"picked":"Feed","floor":16.0},{"not_picked":["Headbutt","Cleave"],"picked":"Burning Pact","floor":18.0},{"not_picked":["Body Slam","Wild Strike+1","Armaments"],"picked":"SKIP","floor":20},{"not_picked":["Heavy Blade","Armaments","Anger"],"picked":"SKIP","floor":22},{"not_picked":["Heavy Blade","Uppercut"],"picked":"Spot Weakness","floor":25},{"not_picked":["Warcry","Thunderclap","Cleave","Second Wind"],"picked":"SKIP","floor":27},{"not_picked":["Feed","Warcry","Immolate"],"picked":"Feel No Pain+1","floor":29}],"player_experience":3342639,"relics_obtained":[{"floor":6.0,"key":"Potion Belt"},{"floor":9.0,"key":"Matryoshka"},{"floor":12.0,"key":"White Beast Statue"},{"floor":26,"key":"Bronze Scales"},{"floor":26,"key":"Question Card"},{"floor":27,"key":"Gambling Chip"},{"floor":29,"key":"Lantern"}],"event_choices":[{"damage_healed":0.0,"max_hp_gain":0.0,"max_hp_loss":0.0,"gold_gain":76.0,"event_name":"Golden Wing","player_choice":"Gained Gold","floor":2.0,"gold_loss":0.0,"damage_taken":0.0},{"damage_healed":0.0,"max_hp_gain":0.0,"max_hp_loss":7.0,"gold_gain":0.0,"event_name":"Golden Idol","player_choice":"Lose Max HP","floor":3.0,"gold_loss":0.0,"damage_taken":0.0,"relics_obtained":["Golden Idol"]},{"damage_healed":0.0,"max_hp_gain":0.0,"max_hp_loss":0.0,"gold_gain":0.0,"event_name":"Scrap Ooze","player_choice":"Success","floor":5.0,"gold_loss":0.0,"damage_taken":18.0,"relics_obtained":["Lizard Tail"]},{"damage_healed":0.0,"max_hp_gain":0.0,"max_hp_loss":0.0,"gold_gain":75.0,"event_name":"World of Goop","player_choice":"Gather Gold","floor":13.0,"gold_loss":0.0,"damage_taken":11.0},{"damage_healed":0.0,"max_hp_gain":0.0,"max_hp_loss":0.0,"gold_gain":0.0,"event_name":"Forgotten Altar","player_choice":"Gave Idol","floor":19.0,"relics_lost":["Golden Idol"],"gold_loss":0.0,"damage_taken":0.0,"relics_obtained":["Bloody Idol"]},{"cards_removed":["Blood for Blood"],"damage_healed":19,"gold_gain":0,"player_choice":"Offered Uncommon","damage_taken":0,"max_hp_gain":0,"max_hp_loss":0,"event_name":"Bonfire Elementals","floor":24,"gold_loss":0},{"damage_healed":0,"gold_gain":0,"player_choice":"Obtain J.A.X.","damage_taken":0,"max_hp_gain":0,"max_hp_loss":0,"event_name":"Drug Dealer","floor":31,"gold_loss":0,"cards_obtained":["J.A.X."]}],"is_beta":false,"boss_relics":[{"not_picked":["Velvet Choker","Runic Dome"],"picked":"Pandora\u0027s Box"}],"items_purged_floors":[],"is_endless":false,"potions_floor_spawned":[1,6,14,16,18,20,22,25,27,29],"killed_by":"Collector","ascension_level":20}}