{"host":"9rehsd5oi9uaydbk","time":1613434672,"event":{"mods":["AchievementEnabler","Act Like it!","Aspiration","BaseMod","Colored Powertips","Curses Come First","Downfall","Hallownest","Hermit","Hubris","Jorbs\u0027s Wanderer Trilogy","Minty Spire (QoL Compilation)","Reliquary","Shop Mod","StSLib","The Bug Knight"],"gold_per_floor":[110,120,134,134,134,134,148,223,223,223,236,248,248,39,39,39,39],"floor_reached":16,"language":"ENG","playtime":537,"items_purged":[],"score":97,"play_id":"5774dc18-7244-4235-a79c-906180efebd9","local_time":"20210215191752","is_ascension_mode":true,"campfire_choices":[{"data":"hermit:FullyLoaded","floor":6,"key":"SMITH"},{"data":"hermit:TakeCover","floor":10,"key":"SMITH"},{"floor":13,"key":"REST"},{"data":"hermit:HighNoon","floor":15,"key":"SMITH"}],"circlet_count":0,"master_deck":["hermit:Strike_Hermit","hermit:Strike_Hermit","hermit:Strike_Hermit","hermit:Strike_Hermit","hermit:Defend_Hermit","hermit:Defend_Hermit","hermit:Defend_Hermit","hermit:Defend_Hermit","hermit:Snapshot","hermit:Covet","hermit:TakeCover+1","hermit:FullyLoaded+1","hermit:CursedWeapon","hermit:PistolWhip","hermit:HighNoon+1","hermit:Virtue","hermit:HighCaliber"],"relics":["hermit:Momento","NeowsBlessing","hubris:Towel","reliquary:PrincelyHelmet","reliquary:FerryPass"],"acts_visited":["Exordium"],"potions_floor_usage":[7,7,16,16],"damage_taken":[{"damage":0,"enemies":"Jaw Worm","floor":1,"turns":1},{"damage":0,"enemies":"Small Slimes","floor":2,"turns":1},{"damage":0,"enemies":"2 Louse","floor":3,"turns":1},{"damage":8,"enemies":"Lots of Slimes","floor":7,"turns":5},{"damage":6,"enemies":"Blue Slaver","floor":11,"turns":4},{"damage":22,"enemies":"Gremlin Gang","floor":12,"turns":6},{"damage":51,"enemies":"Slime Boss","floor":16,"turns":6}],"seed_played":"638050087901328629","potions_obtained":[{"floor":1,"key":"PowerPotion"},{"floor":2,"key":"hermit:Tonic"},{"floor":3,"key":"Fire Potion"},{"floor":11,"key":"Swift Potion"}],"is_trial":false,"path_per_floor":["M","M","M","?","?","R","M","?","T","R","M","M","R","$","R","B"],"character_chosen":"HERMIT","items_purchased":["hermit:HighCaliber","reliquary:FerryPass"],"campfire_rested":1,"item_purchase_floors":[14,14],"current_hp_per_floor":[75,75,75,75,75,75,67,56,56,56,50,28,50,50,50,0,0],"gold":39,"neow_bonus":"THREE_ENEMY_KILL","is_daily":false,"chose_seed":false,"campfire_upgraded":3,"win_rate":0.0,"timestamp":1613434672,"path_taken":["M","M","M","?","?","R","M","?","T","R","M","M","R","$","R","BOSS"],"items_purchased_type":["Card","Relic"],"build_version":"2020-12-22","purchased_purges":0,"victory":false,"max_hp_per_floor":[75,75,75,75,75,75,75,75,75,75,75,75,75,75,75,75,75],"card_choices":[{"not_picked":["hermit:ItchyTrigger","hermit:Coalescence"],"picked":"hermit:TakeCover","floor":1},{"not_picked":["hermit:Coalescence","hermit:TakeAim"],"picked":"hermit:FullyLoaded","floor":2},{"not_picked":["hermit:Midnight","hermit:Scavenge"],"picked":"hermit:CursedWeapon","floor":3},{"not_picked":["hermit:CalledShot","hermit:LowProfile"],"picked":"hermit:PistolWhip","floor":7},{"not_picked":["hermit:Determination","hermit:LowProfile"],"picked":"hermit:HighNoon","floor":11},{"not_picked":["hermit:BigShot","hermit:Feint"],"picked":"hermit:Virtue","floor":12}],"player_experience":214285,"relics_obtained":[{"floor":9,"key":"reliquary:PrincelyHelmet"}],"event_choices":[{"damage_healed":0,"gold_gain":0,"player_choice":"Leave","damage_taken":0,"max_hp_gain":0,"max_hp_loss":0,"event_name":"The Cleric","floor":5,"gold_loss":0},{"damage_healed":0,"gold_gain":75,"player_choice":"Gather Gold","damage_taken":11,"max_hp_gain":0,"max_hp_loss":0,"event_name":"World of Goop","floor":8,"gold_loss":0}],"is_beta":false,"boss_relics":[],"items_purged_floors":[],"is_endless":false,"potions_floor_spawned":[1,2,3,11],"killed_by":"Slime Boss","ascension_level":1}}