{"host":"81h68oe4mr04pk3r","time":1613455152,"event":{"mods":["Act Like it!","Aspiration","BaseMod","BetterRewards","Colored Map","Colored Powertips","Conspire","Downfall","Gensokyo","Hallownest","Hermit","Hubris","Infinite Spire","Jorbs\u0027s Wanderer Trilogy","Koishi","Lobotomy","LobotomyExtend","Marisa????????","Minty Spire (QoL Compilation)","Quick Restart","Reimu??????","Remilia??????","StSLib","The Bug Knight","The Construct","The Cursed","The Disciple","The Servant 0.9.4"],"gold_per_floor":[110,129,145,145,35,35,68,68,92,104,104,136,349,365,365,468,468,487,37,50,70,301,301,301],"floor_reached":23,"language":"ENG","playtime":1075,"items_purged":[],"score":203,"play_id":"75e9ff06-1e21-4752-b34f-d948bd84ff52","local_time":"20210215215912","is_ascension_mode":false,"campfire_choices":[{"data":"MasterSpark","floor":6,"key":"SMITH"},{"data":"AsteroidBelt","floor":8,"key":"SMITH"},{"data":"Acceleration","floor":11,"key":"SMITH"},{"data":"1","floor":15,"key":"LIFT"}],"circlet_count":0,"master_deck":["Strike_MRS","Strike_MRS","Strike_MRS","Strike_MRS","Defend_MRS","Defend_MRS","Defend_MRS","Defend_MRS","MasterSpark+1","UpSweep","Acceleration","AsteroidBelt+1","PowerUp+1","Acceleration+1","DeepEcoloBomb","BlazeAway","PulseMagic","Gensokyo:Apocalypse","Gensokyo:BlemishedSteel","Cold Snap"],"relics":["MiniHakkero","aspiration:Nostalgia","sneckomod:SneckoSoul","RedMistMask","LetterFromLob","construct:BoolHorns","Mastiff:ReiMu","Thread and Needle","Girya","aspiration:DefectSkillbook","SimpleLauncher","Kunai"],"acts_visited":["Gensokyo:Gensokyo","Gensokyo:Gensokyoer"],"potions_floor_usage":[12,16,22],"damage_taken":[{"damage":1,"enemies":"Gensokyo:Python","floor":1,"turns":3},{"damage":6,"enemies":"Gensokyo:2_Kodama","floor":2,"turns":2},{"damage":0,"enemies":"Gensokyo:3_Fairies","floor":3,"turns":3},{"damage":6,"enemies":"Gensokyo:Aya","floor":7,"turns":3},{"damage":9,"enemies":"Gensokyo:Gryphon_and_Rabbit","floor":10,"turns":3},{"damage":13,"enemies":"Gensokyo:Mamizou","floor":12,"turns":5},{"damage":5,"enemies":"Gensokyo:CorruptedTreant","floor":13,"turns":4},{"damage":7,"enemies":"Gensokyo:Python_and_Kodama","floor":14,"turns":3},{"damage":4,"enemies":"Gensokyo:Reimu","floor":16,"turns":7},{"damage":0,"enemies":"Gensokyo:2_Gloops","floor":18,"turns":3},{"damage":10,"enemies":"Gensokyo:CosmicMonolith","floor":20,"turns":2},{"damage":0,"enemies":"Gensokyo:3_Gloops","floor":21,"turns":3},{"damage":24,"enemies":"conspire:MimicChest","floor":22,"turns":5},{"damage":42,"enemies":"Nightmare","floor":23,"turns":9}],"seed_played":"6777757314056876532","potions_obtained":[{"floor":2,"key":"LiquidMemories"},{"floor":7,"key":"SkillPotion"},{"floor":20,"key":"LiquidMemories"}],"is_trial":false,"path_per_floor":["M","M","M","?","COS","R","E","R","T","M","R","E","M","M","R","B",null,"M","COS","M","M","?","NM"],"character_chosen":"MARISA","items_purchased":[],"campfire_rested":0,"item_purchase_floors":[],"current_hp_per_floor":[74,68,68,68,68,68,62,62,62,53,53,40,35,28,28,24,75,75,75,65,65,41,0,0],"gold":301,"neow_bonus":"NOSTALGIA","is_daily":false,"chose_seed":false,"campfire_upgraded":3,"win_rate":0.0,"timestamp":1613455152,"path_taken":["M","M","M","?","COS","R","E","R","T","M","R","E","M","M","R","BOSS","M","COS","M","M","?","NM"],"items_purchased_type":[],"build_version":"2020-12-22","purchased_purges":0,"victory":false,"max_hp_per_floor":[75,75,75,75,75,75,75,75,75,75,75,75,75,75,75,75,75,75,75,75,75,75,75,75],"card_choices":[{"not_picked":["DC","UnstableBomb"],"picked":"Acceleration","floor":1},{"not_picked":["Orbital","NonDirectionalLaser"],"picked":"AsteroidBelt","floor":2},{"not_picked":["WitchLeyline","EventHorizon"],"picked":"PowerUp","floor":3},{"not_picked":["IllusionStar","GravityBeat","ManaConvection"],"picked":"SKIP","floor":7},{"not_picked":["IllusionStar","GravityBeat","ManaConvection"],"picked":"SKIP","floor":7},{"not_picked":["MysteriousBeam","6A"],"picked":"Acceleration","floor":10},{"not_picked":["MeteoricShower","WitchLeyline"],"picked":"DeepEcoloBomb","floor":12},{"not_picked":["DoubleSpark","WitchOfGreed"],"picked":"BlazeAway","floor":13},{"not_picked":["GrandCross","DoubleSpark"],"picked":"PulseMagic","floor":14},{"not_picked":["DC","Hologram","ManaConvection","OneTimeOff"],"picked":"SKIP","floor":18},{"not_picked":["Streamline","Turbo","WitchOfGreed"],"picked":"Cold Snap","floor":20},{"not_picked":["StarBarrage","Self Repair","GravityBeat+1","Steam Power"],"picked":"SKIP","floor":21},{"not_picked":["StarBarrage","Self Repair","GravityBeat+1","Steam Power"],"picked":"SKIP","floor":21}],"player_experience":239010,"relics_obtained":[{"floor":1,"key":"RedMistMask"},{"floor":2,"key":"LetterFromLob"},{"floor":7,"key":"construct:BoolHorns"},{"floor":9,"key":"Mastiff:ReiMu"},{"floor":12,"key":"Thread and Needle"},{"floor":22,"key":"Kunai"}],"event_choices":[],"is_beta":false,"boss_relics":[{"not_picked":["Fusion Hammer","aspiration:SecretTechniqueScroll"],"picked":"aspiration:DefectSkillbook"}],"items_purged_floors":[],"is_endless":false,"potions_floor_spawned":[2,7,10,20],"killed_by":"Nightmare","ascension_level":0}}