{"host":"vxgtqwpb0ulpisda","time":1613519281,"event":{"mods":["BaseMod","Bestiary","Minty Spire (QoL Compilation)","Relic Stats"],"gold_per_floor":[117,137,151,174,192,192,226,226,226,253,253,281,293,303,303,303,303],"floor_reached":16,"language":"ENG","playtime":964,"items_purged":[],"score":153,"play_id":"2d235bf0-db3e-44f4-8b75-56b8ac743ea2","local_time":"20210216184801","is_ascension_mode":true,"campfire_choices":[{"data":"Eruption","floor":6,"key":"SMITH"},{"data":"Scrawl","floor":8,"key":"SMITH"},{"floor":11,"key":"REST"},{"floor":15,"key":"REST"}],"circlet_count":0,"master_deck":["Strike_P","Strike_P","Strike_P","Strike_P","Defend_P","Defend_P","Defend_P","Defend_P","Eruption+1","Vigilance","Normality","Scrawl+1","FlurryOfBlows","FearNoEvil","CutThroughFate","Protect","EmptyBody","Blasphemy","EmptyFist","ClearTheMind"],"relics":["PureWater","Oddly Smooth Stone","Smiling Mask","Pen Nib","Mummified Hand","Sundial"],"acts_visited":["Exordium"],"potions_floor_usage":[10,16,16],"damage_taken":[{"damage":0,"enemies":"Cultist","floor":1,"turns":3},{"damage":3,"enemies":"2 Louse","floor":2,"turns":3},{"damage":0,"enemies":"Small Slimes","floor":3,"turns":2},{"damage":3,"enemies":"3 Louse","floor":5,"turns":3},{"damage":18,"enemies":"Lagavulin","floor":7,"turns":7},{"damage":24,"enemies":"Gremlin Nob","floor":10,"turns":5},{"damage":21,"enemies":"3 Sentries","floor":12,"turns":6},{"damage":8,"enemies":"Lots of Slimes","floor":13,"turns":3},{"damage":6,"enemies":"Exordium Wildlife","floor":14,"turns":3},{"damage":47,"enemies":"The Guardian","floor":16,"turns":8}],"seed_played":"1587665189160082668","potions_obtained":[{"floor":1,"key":"Regen Potion"},{"floor":3,"key":"SkillPotion"},{"floor":7,"key":"DuplicationPotion"},{"floor":14,"key":"BottledMiracle"}],"is_trial":false,"path_per_floor":["M","M","M","T","M","R","E","R","T","E","R","E","M","M","R","B"],"character_chosen":"WATCHER","items_purchased":[],"campfire_rested":2,"item_purchase_floors":[],"current_hp_per_floor":[72,69,69,69,66,66,48,48,48,38,59,38,30,24,45,0,0],"gold":303,"neow_bonus":"THREE_RARE_CARDS","is_daily":false,"chose_seed":false,"campfire_upgraded":2,"win_rate":0.0,"timestamp":1613519281,"path_taken":["M","M","M","?","M","R","E","R","T","E","R","E","?","M","R","BOSS"],"items_purchased_type":[],"build_version":"2020-12-22","purchased_purges":0,"victory":false,"max_hp_per_floor":[72,72,72,72,72,72,72,72,72,72,72,72,72,72,72,72,72],"relic_stats":{"counters":[10,43],"Mummified Hand":[0],"Sundial":[2],"Pen Nib":[6],"Smiling Mask":0,"obtain_stats":[{"Mummified Hand":10,"Sundial":12,"Oddly Smooth Stone":4,"Pen Nib":9,"PureWater":0,"Smiling Mask":7},{"Mummified Hand":6,"Sundial":7,"Oddly Smooth Stone":3,"Pen Nib":5,"PureWater":0,"Smiling Mask":5},{"Mummified Hand":23,"Sundial":29,"Oddly Smooth Stone":8,"Pen Nib":18,"PureWater":0,"Smiling Mask":18}]},"card_choices":[{"not_picked":["ConjureBlade","MasterReality"],"picked":"Scrawl","floor":0},{"not_picked":["EmptyMind","Meditate"],"picked":"FlurryOfBlows","floor":1},{"not_picked":["Study","Prostrate"],"picked":"FearNoEvil","floor":2},{"not_picked":["Crescendo","Consecrate"],"picked":"CutThroughFate","floor":3},{"not_picked":["SashWhip","CrushJoints"],"picked":"Protect","floor":5},{"not_picked":["CutThroughFate","Meditate"],"picked":"EmptyBody","floor":7},{"not_picked":["FollowUp","Consecrate","SashWhip"],"picked":"SKIP","floor":10},{"not_picked":["Swivel","PathToVictory"],"picked":"Blasphemy","floor":12},{"not_picked":["Halt","Collect"],"picked":"EmptyFist","floor":13},{"not_picked":["FlyingSleeves","WindmillStrike"],"picked":"ClearTheMind","floor":14}],"player_experience":407066,"relics_obtained":[{"floor":4,"key":"Oddly Smooth Stone"},{"floor":7,"key":"Smiling Mask"},{"floor":9,"key":"Pen Nib"},{"floor":10,"key":"Mummified Hand"},{"floor":12,"key":"Sundial"}],"event_choices":[],"is_beta":false,"boss_relics":[],"items_purged_floors":[],"is_endless":false,"potions_floor_spawned":[1,3,7,14],"killed_by":"The Guardian","ascension_level":5}}