{"host":"hmb95rboouqzgqy7","time":1613505364,"event":{"mods":["BaseMod","Colored Map","Colored Powertips","Highlight Path","Minty Spire (QoL Compilation)","Permanent Neow","Quick Restart","Relic Stats","StSLib"],"gold_per_floor":[19,37,12,30,42,42,70,100,50,50,66,66,97,132,132,235,235,253,263,283,164,183,216,216,216,216,216,249,279,229,260,260,362,362,381,431,233,233,203,233,183,210,210,210,230,230,245,276,276,276,276,276,0,25,25],"floor_reached":56,"language":"ENG","playtime":3968,"items_purged":["Strike_G","Strike_G","Defend_G","Envenom","Defend_G","Strike_G"],"score":1668,"play_id":"324acf3e-02be-49be-a2d7-1da1cc90e2a6","local_time":"20210216135604","is_ascension_mode":true,"campfire_choices":[{"data":"Backstab","floor":6.0,"key":"SMITH"},{"data":"Cloak And Dagger","floor":10.0,"key":"SMITH"},{"data":"Finisher","floor":12.0,"key":"SMITH"},{"data":"Finisher","floor":15.0,"key":"SMITH"},{"data":"Blade Dance","floor":24.0,"key":"SMITH"},{"data":"Finisher","floor":25.0,"key":"SMITH"},{"data":"Backstab","floor":27.0,"key":"SMITH"},{"data":"Envenom","floor":32.0,"key":"SMITH"},{"data":"Blade Dance","floor":44.0,"key":"SMITH"},{"floor":46.0,"key":"RECALL"},{"data":"Wraith Form v2","floor":49.0,"key":"SMITH"},{"data":"Neutralize","floor":52.0,"key":"SMITH"}],"circlet_count":0,"master_deck":["Strike_G","Survivor","Neutralize+1","Backstab+1","Blade Dance+1","Finisher+1","Endless Agony","Finisher+1","Cloak And Dagger+1","Finisher+1","Flying Knee","Backstab+1","Envenom+1","Accuracy+1","Blade Dance+1","Infinite Blades","Calculated Gamble+1","Blade Dance+1","Adrenaline+1","Caltrops+1","Wraith Form v2+1","Adrenaline"],"relics":["Ring of the Snake","Oddly Smooth Stone","Ornamental Fan","Smiling Mask","Anchor","Coffee Dripper","Bronze Scales","Matryoshka","PreservedInsect","Tough Bandages","Ninja Scroll","WingedGreaves","Happy Flower","Cursed Key","Mango","Snake Skull","Letter Opener","Meat on the Bone","Potion Belt","Pen Nib","Sundial"],"acts_visited":["Exordium","TheCity","TheBeyond","TheEnding"],"potions_floor_usage":[55,55,55],"damage_taken":[{"damage":7.0,"enemies":"Small Slimes","floor":1.0,"turns":4.0},{"damage":0.0,"enemies":"Cultist","floor":2.0,"turns":3.0},{"damage":0.0,"enemies":"Jaw Worm","floor":4.0,"turns":3.0},{"damage":3.0,"enemies":"Large Slime","floor":5.0,"turns":4.0},{"damage":3.0,"enemies":"Lagavulin","floor":7.0,"turns":4.0},{"damage":1.0,"enemies":"Gremlin Nob","floor":8.0,"turns":3.0},{"damage":0.0,"enemies":"3 Louse","floor":11.0,"turns":2.0},{"damage":0.0,"enemies":"3 Sentries","floor":13.0,"turns":2.0},{"damage":0.0,"enemies":"Gremlin Nob","floor":14.0,"turns":1.0},{"damage":30.0,"enemies":"The Guardian","floor":16.0,"turns":8.0},{"damage":0.0,"enemies":"Shell Parasite","floor":18.0,"turns":4.0},{"damage":0.0,"enemies":"Chosen","floor":19.0,"turns":3.0},{"damage":0.0,"enemies":"Snake Plant","floor":20.0,"turns":1.0},{"damage":0.0,"enemies":"Cultist and Chosen","floor":22.0,"turns":3.0},{"damage":0.0,"enemies":"Book of Stabbing","floor":23.0,"turns":2.0},{"damage":0.0,"enemies":"Gremlin Leader","floor":28.0,"turns":4.0},{"damage":0.0,"enemies":"Book of Stabbing","floor":29.0,"turns":3.0},{"damage":0.0,"enemies":"Slavers","floor":31.0,"turns":2.0},{"damage":10.0,"enemies":"Automaton","floor":33.0,"turns":3.0},{"damage":0.0,"enemies":"3 Shapes","floor":35.0,"turns":3.0},{"damage":0.0,"enemies":"Mind Bloom Boss Battle","floor":36.0,"turns":1.0},{"damage":0.0,"enemies":"Orb Walker","floor":39.0,"turns":2.0},{"damage":0.0,"enemies":"Nemesis","floor":40.0,"turns":1.0},{"damage":0.0,"enemies":"Giant Head","floor":42.0,"turns":4.0},{"damage":0.0,"enemies":"Writhing Mass","floor":45.0,"turns":2.0},{"damage":0.0,"enemies":"Jaw Worm Horde","floor":47.0,"turns":2.0},{"damage":0.0,"enemies":"Reptomancer","floor":48.0,"turns":1.0},{"damage":38.0,"enemies":"Awakened One","floor":50.0,"turns":6.0},{"damage":0.0,"enemies":"Shield and Spear","floor":54.0,"turns":1.0},{"damage":25,"enemies":"The Heart","floor":55,"turns":5}],"seed_played":"-1708779602139612134","potions_obtained":[{"floor":2.0,"key":"SkillPotion"},{"floor":7.0,"key":"Ancient Potion"},{"floor":11.0,"key":"PowerPotion"},{"floor":18.0,"key":"Swift Potion"},{"floor":23.0,"key":"LiquidMemories"},{"floor":40.0,"key":"FairyPotion"}],"is_trial":false,"path_per_floor":["M","M","$","M","M","R","E","E","T","R","M","R","E","E","R","B",null,"M","M","M","$","M","E","R","R","T","R","E","E","$","E","R","B",null,"M","?","$","?","M","E","$","E","T","R","M","R","M","E","R","B",null,"R","$","E","B",null],"character_chosen":"THE_SILENT","items_purchased":["Infinite Blades","Snake Skull","Pen Nib","FearPotion","FairyPotion"],"campfire_rested":0,"item_purchase_floors":[21,37,53,53,53],"current_hp_per_floor":[63,63,63,63,60,60,57,56,56,56,56,56,56,56,56,26,70,70,70,70,70,70,70,70,70,70,70,70,70,70,70,70,60,70,70,84,84,84,84,84,84,84,84,84,84,84,84,84,84,46,84,84,84,84,59],"gold":25,"neow_bonus":"REMOVE_TWO","is_daily":false,"chose_seed":false,"campfire_upgraded":11,"win_rate":0.0,"timestamp":1613505364,"path_taken":["M","M","$","M","M","R","E","E","T","R","M","R","E","E","R","BOSS","M","M","M","$","M","E","R","R","T","R","E","E","$","E","R","BOSS","M","?","$","?","?","E","$","E","T","R","M","R","M","E","R","BOSS","R","$","E","BOSS"],"items_purchased_type":["Card","Relic","Relic","Potion","Potion"],"build_version":"2020-12-22","purchased_purges":6,"victory":true,"max_hp_per_floor":[70,70,70,70,70,70,70,70,70,70,70,70,70,70,70,70,70,70,70,70,70,70,70,70,70,70,70,70,70,70,70,70,70,70,70,84,84,84,84,84,84,84,84,84,84,84,84,84,84,84,84,84,84,84,84],"relic_stats":{"Happy Flower":[10],"counters":[30,87],"PreservedInsect":377,"Snake Skull":[166],"Pen Nib":[5],"Letter Opener":[25],"Smiling Mask":500,"Cursed Key":0,"Tough Bandages":[60],"Ornamental Fan":[440],"Sundial":[0],"Bronze Scales":[96],"obtain_stats":[{"Potion Belt":48,"Happy Flower":31,"Oddly Smooth Stone":7,"Circlet":17,"Mango":36,"PreservedInsect":28,"Snake Skull":37,"Pen Nib":53,"Letter Opener":40,"Smiling Mask":13,"Cursed Key":34,"Anchor":14,"Tough Bandages":29,"Matryoshka":26,"Ornamental Fan":8,"Ninja Scroll":30,"Sundial":54,"Bronze Scales":23,"WingedGreaves":0,"Coffee Dripper":17,"Ring of the Snake":0,"Meat on the Bone":42},{"Potion Belt":27,"Happy Flower":18,"Oddly Smooth Stone":5,"Circlet":10,"Mango":21,"PreservedInsect":16,"Snake Skull":21,"Pen Nib":28,"Letter Opener":23,"Smiling Mask":8,"Cursed Key":19,"Anchor":9,"Tough Bandages":17,"Matryoshka":15,"Ornamental Fan":6,"Ninja Scroll":17,"Sundial":29,"Bronze Scales":15,"WingedGreaves":0,"Coffee Dripper":10,"Ring of the Snake":0,"Meat on the Bone":24},{"Potion Belt":75,"Happy Flower":56,"Oddly Smooth Stone":18,"Circlet":34,"Mango":63,"PreservedInsect":51,"Snake Skull":63,"Pen Nib":81,"Letter Opener":66,"Smiling Mask":25,"Cursed Key":59,"Anchor":26,"Tough Bandages":54,"Matryoshka":47,"Ornamental Fan":21,"Ninja Scroll":54,"Sundial":82,"Bronze Scales":47,"WingedGreaves":0,"Coffee Dripper":34,"Ring of the Snake":0,"Meat on the Bone":70}],"Ring of the Snake":[60],"Meat on the Bone":0},"card_choices":[{"not_picked":["Slice","Reflex","Dodge and Roll"],"picked":"SKIP","floor":1.0},{"not_picked":["Tactician","Finisher"],"picked":"Blade Dance","floor":2.0},{"not_picked":["Bane","Dagger Throw","Predator"],"picked":"SKIP","floor":4.0},{"not_picked":["Slice","Caltrops"],"picked":"Endless Agony","floor":5.0},{"not_picked":["Night Terror","Poisoned Stab"],"picked":"Finisher","floor":7.0},{"not_picked":["Terror","Deflect"],"picked":"Cloak And Dagger","floor":8.0},{"not_picked":["Predator","Sucker Punch"],"picked":"Finisher","floor":11.0},{"not_picked":["Noxious Fumes","Deadly Poison"],"picked":"Flying Knee","floor":13.0},{"not_picked":["Glass Knife","Quick Slash"],"picked":"Backstab","floor":14.0},{"not_picked":["Burst","Malaise"],"picked":"Envenom","floor":16.0},{"not_picked":["Deflect","Dagger Throw"],"picked":"Accuracy+1","floor":18.0},{"not_picked":["Slice","Quick Slash"],"picked":"Blade Dance+1","floor":19.0},{"not_picked":["Footwork","Choke","Flying Knee"],"picked":"SKIP","floor":20.0},{"not_picked":["Prepared","Predator","All Out Attack+1"],"picked":"SKIP","floor":22.0},{"not_picked":["Dodge and Roll+1","Flying Knee","All Out Attack+1"],"picked":"SKIP","floor":23.0},{"not_picked":["Flying Knee","Glass Knife","A Thousand Cuts"],"picked":"SKIP","floor":28.0},{"not_picked":["Terror","Finisher+1"],"picked":"Calculated Gamble+1","floor":29.0},{"not_picked":["Dodge and Roll","Dagger Throw+1","Poisoned Stab"],"picked":"SKIP","floor":31.0},{"not_picked":["Unload","Glass Knife"],"picked":"Envenom","floor":33.0},{"not_picked":["Dash+1","Cloak And Dagger+1","Heel Hook"],"picked":"SKIP","floor":35.0},{"not_picked":["Dodge and Roll","Distraction"],"picked":"Blade Dance","floor":36.0},{"not_picked":["Catalyst","Dodge and Roll","Escape Plan"],"picked":"SKIP","floor":39.0},{"not_picked":["Catalyst","Dodge and Roll","Escape Plan"],"picked":"SKIP","floor":39.0},{"not_picked":["Riddle With Holes+1","Sucker Punch","Quick Slash"],"picked":"SKIP","floor":40.0},{"not_picked":["Riddle With Holes+1","Sucker Punch","Quick Slash"],"picked":"SKIP","floor":40.0},{"not_picked":["Dagger Spray","Prepared","Underhanded Strike"],"picked":"SKIP","floor":42.0},{"not_picked":["Deflect","Reflex"],"picked":"Adrenaline","floor":45.0},{"not_picked":["Skewer","Outmaneuver+1","Caltrops+1"],"picked":"SKIP","floor":47.0},{"not_picked":["Skewer","Outmaneuver+1"],"picked":"Caltrops+1","floor":47.0},{"not_picked":["Eviscerate","Footwork+1"],"picked":"Wraith Form v2","floor":48.0},{"not_picked":["Masterful Stab","PiercingWail+1"],"picked":"Adrenaline","floor":54.0}],"player_experience":113046,"relics_obtained":[{"floor":7.0,"key":"Oddly Smooth Stone"},{"floor":8.0,"key":"Ornamental Fan"},{"floor":13.0,"key":"Smiling Mask"},{"floor":14.0,"key":"Anchor"},{"floor":23.0,"key":"Bronze Scales"},{"floor":26.0,"key":"Matryoshka"},{"floor":28.0,"key":"PreservedInsect"},{"floor":29.0,"key":"Tough Bandages"},{"floor":31.0,"key":"Happy Flower"},{"floor":36.0,"key":"Mango"},{"floor":40.0,"key":"Letter Opener"},{"floor":42.0,"key":"Meat on the Bone"},{"floor":48.0,"key":"Potion Belt"},{"floor":54.0,"key":"Sundial"}],"event_choices":[{"damage_healed":0.0,"max_hp_gain":0.0,"max_hp_loss":0.0,"gold_gain":0.0,"event_name":"MindBloom","player_choice":"Fight","floor":36.0,"gold_loss":0.0,"damage_taken":0.0},{"damage_healed":0.0,"max_hp_gain":0.0,"max_hp_loss":0.0,"gold_gain":0.0,"event_name":"The Woman in Blue","player_choice":"Bought 0 Potions","floor":38.0,"gold_loss":0.0,"damage_taken":0.0}],"is_beta":false,"boss_relics":[{"not_picked":["Ectoplasm","Tiny House","Calling Bell"]},{"not_picked":["Runic Dome","Velvet Choker"],"picked":"Cursed Key"}],"items_purged_floors":[3,21,30,37,41,53],"is_endless":false,"potions_floor_spawned":[2,7,11,18,23,28,29,31,35,36,40],"ascension_level":2}}