{"host":"kmq7aw60w430zvtx","time":1613483248,"event":{"mods":["BaseMod","Downfall","GifTheSpireLib","Hermit","Hubris","Infinite Spire","Minty Spire (QoL Compilation)","Reliquary","Replay The Spire","Spire Arcade","StSLib","The Construct","The Cursed","The Hierophant","The Jungle","The Necromancer","The Runesmith"],"gold_per_floor":[113,32,32,32,52,80,80,115,115,131,37,66,66,66,66,26,26,127,127,139,156,156,175,175,175],"floor_reached":24,"language":"ENG","playtime":869,"items_purged":[],"score":332,"play_id":"47ea254f-2fcf-49a3-a385-ee577ed7d8da","local_time":"20210216144728","is_ascension_mode":true,"campfire_choices":[{"floor":7,"key":"RECALL"},{"floor":15,"key":"REST"},{"data":"Infinite Blades","floor":17,"key":"SMITH"}],"circlet_count":0,"master_deck":["Strike_G","Strike_G","Strike_G","Strike_G","Strike_G","Defend_G","Defend_G","Defend_G","Defend_G","Defend_G","Survivor","Neutralize","Finisher","Backflip","Escape Plan","ReplayTheSpireMod:Scrap Shanks","Slice","Blade Dance","Tactician","Infinite Blades+1","Tools of the Trade","Setup","Terror+1","infinitespire:Collect","ReplayTheSpireMod:Shiv Toss"],"relics":["Ring of the Snake","NeowsBlessing","reliquary:TridentHead","Vajra","infinitespire:PuzzleCube","Juzu Bracelet","Blood Vial","ChewingGum","TheAbacus"],"acts_visited":["Exordium","theJungle:Jungle"],"potions_floor_usage":[1,12,18,18,21,21,23],"damage_taken":[{"damage":0,"enemies":"Cultist","floor":1,"turns":1},{"damage":0,"enemies":"Small Slimes","floor":5,"turns":1},{"damage":0,"enemies":"Lagavulin","floor":6,"turns":1},{"damage":4,"enemies":"3 Sentries","floor":8,"turns":9},{"damage":0,"enemies":"Jaw Worm","floor":10,"turns":3},{"damage":25,"enemies":"Lagavulin","floor":12,"turns":4},{"damage":45,"enemies":"The Guardian","floor":18,"turns":8},{"damage":27,"enemies":"theJungle:MUSHROOMGANG","floor":20,"turns":6},{"damage":3,"enemies":"Shell Parasite","floor":21,"turns":2},{"damage":17,"enemies":"theJungle:JungleHuntersEncounter","floor":23,"turns":5},{"damage":20,"enemies":"Snake Plant","floor":24,"turns":2}],"seed_played":"5899611090578664829","potions_obtained":[{"floor":1,"key":"Fruit Juice"},{"floor":5,"key":"BlessingOfTheForge"},{"floor":16,"key":"SneckoOil"},{"floor":16,"key":"Toxic Potion"},{"floor":16,"key":"Slimebound:ThreeZeroPotion"},{"floor":18,"key":"CunningPotion"},{"floor":20,"key":"FearPotion"},{"floor":21,"key":"LiquidBronze"}],"is_trial":false,"path_per_floor":["M","$","?","?","M","E","R","E","T","M","$","E","PTL","PTL","R","?","R","B",null,"M","M","AVR","M","M"],"character_chosen":"THE_SILENT","items_purchased":["Finisher","Blade Dance","Tactician"],"campfire_rested":1,"item_purchase_floors":[2,11,11],"current_hp_per_floor":[68,68,61,61,61,61,61,57,57,57,57,32,32,32,54,54,54,11,59,34,33,33,18,0,0],"gold":175,"neow_bonus":"THREE_ENEMY_KILL","is_daily":false,"chose_seed":false,"campfire_upgraded":1,"win_rate":0.0,"timestamp":1613483248,"path_taken":["M","$","?","?","M","E","R","E","T","M","$","E","PTL","PTL","R","?","R","BOSS","M","M","AVR","M","M"],"items_purchased_type":["Card","Card","Card"],"build_version":"2020-12-22","purchased_purges":0,"victory":false,"max_hp_per_floor":[75,75,75,75,75,75,75,75,75,75,75,75,75,75,75,75,75,75,75,75,75,75,75,75,75],"card_choices":[{"not_picked":["Leg Sweep","Dash"],"picked":"Hidden Blade","floor":1},{"not_picked":["Skewer","Crippling Poison"],"picked":"Backflip","floor":5},{"not_picked":["Catalyst","Atom Bomb"],"picked":"Escape Plan","floor":6},{"not_picked":["Poisoned Stab","Draining Mist"],"picked":"ReplayTheSpireMod:Scrap Shanks","floor":8},{"not_picked":["ReplayTheSpireMod:Speed Training","Terror"],"picked":"Slice","floor":10},{"not_picked":["Tools of the Trade","Storm of Steel"],"picked":"Infinite Blades","floor":12},{"not_picked":["Bullet Time","ReplayTheSpireMod:Necrosis"],"picked":"Tools of the Trade","floor":18},{"not_picked":["Deadly Poison","Predator"],"picked":"Setup","floor":20},{"not_picked":["Bouncing Flask+1","Endless Agony"],"picked":"Terror+1","floor":21},{"not_picked":["Outmaneuver","Cloak And Dagger"],"picked":"ReplayTheSpireMod:Shiv Toss","floor":23}],"player_experience":376191,"relics_obtained":[{"floor":6,"key":"infinitespire:PuzzleCube"},{"floor":8,"key":"Juzu Bracelet"},{"floor":12,"key":"Blood Vial"}],"event_choices":[{"damage_healed":0,"gold_gain":0,"player_choice":"Success","damage_taken":7,"relics_obtained":["reliquary:TridentHead"],"max_hp_gain":0,"max_hp_loss":0,"event_name":"Scrap Ooze","floor":3,"gold_loss":0},{"cards_removed":["Hidden Blade"],"damage_healed":0,"gold_gain":0,"player_choice":"Gave Card","damage_taken":0,"relics_obtained":["Vajra"],"max_hp_gain":0,"max_hp_loss":0,"event_name":"WeMeetAgain","floor":4,"gold_loss":0},{"damage_healed":0,"gold_gain":0,"player_choice":"Bought 3 Potions","damage_taken":0,"max_hp_gain":0,"max_hp_loss":0,"event_name":"The Woman in Blue","floor":16,"gold_loss":0}],"is_beta":false,"boss_relics":[{"not_picked":["hubris:Stopwatch","hubris:CrackedHourglass"],"picked":"ChewingGum"}],"items_purged_floors":[],"is_endless":false,"potions_floor_spawned":[1,5,18,20,21],"killed_by":"Snake Plant","ascension_level":8}}