{"host":"s5i48q09v0un9rqc","time":1613464257,"event":{"mods":["BaseMod","BetterRewards","Highlight Path","Minty Spire (QoL Compilation)","Rare Cards Sparkle","Shop Mod"],"gold_per_floor":[110,124,139,139,139,139,150,150,150,184,184,184,184,210,210,284,284,300,93,93,72,22,47,47,80,128,128,156,173,202,202,202,278,278,293,293,304,304,304,304,333,353,353,353,353,364,314,334,334,334,334,334,184,213,213],"floor_reached":56,"language":"ZHS","playtime":3396,"items_purged":["Strike_G","Strike_G","Strike_G","Strike_G","Neutralize"],"score":2572,"play_id":"18fb7771-0893-446e-aa6a-5a0d78ec66ec","local_time":"20210216163057","is_ascension_mode":true,"campfire_choices":[{"data":"Noxious Fumes","floor":6.0,"key":"SMITH"},{"data":"Catalyst","floor":8.0,"key":"SMITH"},{"data":"Footwork","floor":12.0,"key":"SMITH"},{"floor":15.0,"key":"RECALL"},{"floor":24.0,"key":"REST"},{"floor":27.0,"key":"REST"},{"data":"Catalyst","floor":32.0,"key":"SMITH"},{"data":"Night Terror","floor":40.0,"key":"SMITH"},{"data":"Calculated Gamble","floor":44.0,"key":"SMITH"},{"data":"Venomology","floor":49.0,"key":"SMITH"},{"data":"Malaise","floor":52.0,"key":"SMITH"}],"circlet_count":0,"master_deck":["AscendersBane","Defend_G","Defend_G","Defend_G","Defend_G","Defend_G","Survivor","Noxious Fumes+1","Footwork+1","Well Laid Plans+1","Catalyst+1","Adrenaline+1","Malaise+1","Catalyst+1","Night Terror+1","Calculated Gamble+1","Venomology+1","Expertise+1","Impatience"],"relics":["Ring of the Snake","Pantograph","Bird Faced Urn","Centennial Puzzle","Medical Kit","Ginger","White Beast Statue","Pear","Art of War","Smiling Mask","SlaversCollar","Chemical X","InkBottle","Lizard Tail","Blue Candle","Boot","HoveringKite","Mercury Hourglass","Ninja Scroll","Lantern"],"acts_visited":["Exordium","TheCity","TheBeyond","TheEnding"],"potions_floor_usage":[55,55,55],"damage_taken":[{"damage":0.0,"enemies":"2 Louse","floor":1.0,"turns":5.0},{"damage":2.0,"enemies":"Cultist","floor":2.0,"turns":5.0},{"damage":4.0,"enemies":"Small Slimes","floor":3.0,"turns":5.0},{"damage":7.0,"enemies":"Exordium Wildlife","floor":7.0,"turns":6.0},{"damage":3.0,"enemies":"Lagavulin","floor":10.0,"turns":8.0},{"damage":21.0,"enemies":"Gremlin Nob","floor":14.0,"turns":5.0},{"damage":9.0,"enemies":"The Guardian","floor":16.0,"turns":12.0},{"damage":2.0,"enemies":"Spheric Guardian","floor":18.0,"turns":5.0},{"damage":11.0,"enemies":"2 Thieves","floor":21.0,"turns":5.0},{"damage":44.0,"enemies":"Slavers","floor":23.0,"turns":8.0},{"damage":50.0,"enemies":"Gremlin Leader","floor":25.0,"turns":10.0},{"damage":15.0,"enemies":"Slavers","floor":28.0,"turns":7.0},{"damage":13.0,"enemies":"Snecko","floor":29.0,"turns":8.0},{"damage":25.0,"enemies":"Gremlin Leader","floor":30.0,"turns":8.0},{"damage":9.0,"enemies":"Collector","floor":33.0,"turns":8.0},{"damage":23.0,"enemies":"3 Darklings","floor":35.0,"turns":10.0},{"damage":20.0,"enemies":"3 Shapes","floor":37.0,"turns":5.0},{"damage":10.0,"enemies":"Reptomancer","floor":41.0,"turns":2.0},{"damage":19.0,"enemies":"Sphere and 2 Shapes","floor":42.0,"turns":4.0},{"damage":26.0,"enemies":"3 Darklings","floor":46.0,"turns":10.0},{"damage":1.0,"enemies":"Spire Growth","floor":48.0,"turns":2.0},{"damage":10.0,"enemies":"Time Eater","floor":50.0,"turns":5.0},{"damage":47.0,"enemies":"Shield and Spear","floor":54.0,"turns":8.0},{"damage":47,"enemies":"The Heart","floor":55,"turns":6}],"seed_played":"-4937727753392127505","potions_obtained":[{"floor":7.0,"key":"SpeedPotion"},{"floor":14.0,"key":"SkillPotion"},{"floor":16.0,"key":"Poison Potion"},{"floor":18.0,"key":"LiquidMemories"},{"floor":21.0,"key":"Swift Potion"},{"floor":23.0,"key":"Dexterity Potion"},{"floor":25.0,"key":"LiquidBronze"},{"floor":28.0,"key":"Weak Potion"},{"floor":29.0,"key":"Block Potion"},{"floor":30.0,"key":"Poison Potion"},{"floor":33.0,"key":"SmokeBomb"},{"floor":35.0,"key":"Block Potion"},{"floor":37.0,"key":"LiquidBronze"},{"floor":41.0,"key":"AttackPotion"},{"floor":42.0,"key":"FearPotion"},{"floor":46.0,"key":"DuplicationPotion"},{"floor":48.0,"key":"Energy Potion"},{"floor":54.0,"key":"SkillPotion"}],"is_trial":false,"path_per_floor":["M","M","M","?","$","R","M","R","T","E","?","R","?","E","R","B",null,"M","$","?","M","$","E","R","E","T","R","E","M","E","?","R","B",null,"M","?","M","?","?","R","E","M","T","R","?","M","$","M","R","B",null,"R","$","E","B",null],"character_chosen":"THE_SILENT","items_purchased":["Noxious Fumes","Pantograph","Footwork","Centennial Puzzle","Medical Kit","AttackPotion","Chemical X","Impatience"],"campfire_rested":2,"item_purchase_floors":[0,0,0,0,0,0,19,53],"current_hp_per_floor":[22,26,28,23,23,23,22,22,32,35,28,28,28,13,13,35,66,70,70,70,65,65,27,49,5,5,27,18,11,38,38,38,60,72,53,53,45,45,41,41,35,22,22,22,22,2,2,7,7,28,64,64,64,23,9],"gold":213,"neow_bonus":"","is_daily":false,"chose_seed":false,"campfire_upgraded":8,"win_rate":0.0,"timestamp":1613464257,"path_taken":["M","M","M","?","$","R","M","R","T","E","?","R","?","E","R","BOSS","M","?","?","M","$","E","R","E","T","R","E","?","E","?","R","BOSS","M","?","?","?","?","R","E","?","T","R","?","M","$","M","R","BOSS","R","$","E","BOSS"],"items_purchased_type":["Card","Relic","Card","Relic","Relic","Potion","Relic","Card"],"build_version":"2020-12-22","purchased_purges":5,"victory":true,"max_hp_per_floor":[66,66,66,66,66,66,66,66,76,76,76,76,76,76,76,76,76,76,76,76,76,76,76,76,76,76,76,76,76,76,76,76,76,76,76,76,76,76,76,76,76,76,76,76,76,76,76,76,76,76,76,76,76,76,76],"card_choices":[{"not_picked":["Prepared","Blade Dance"],"picked":"Well Laid Plans","floor":1.0},{"not_picked":["Dodge and Roll","Expertise","Slice"],"picked":"SKIP","floor":2.0},{"not_picked":["Sucker Punch","Quick Slash"],"picked":"Catalyst","floor":3.0},{"not_picked":["Deadly Poison","Expertise","Underhanded Strike"],"picked":"SKIP","floor":7.0},{"not_picked":["Blade Dance","Flying Knee","Unload"],"picked":"SKIP","floor":10.0},{"not_picked":["Eviscerate","Setup","Dodge and Roll"],"picked":"SKIP","floor":14.0},{"not_picked":["Tools of the Trade","A Thousand Cuts"],"picked":"Adrenaline","floor":16.0},{"not_picked":["Underhanded Strike","Poisoned Stab","Well Laid Plans"],"picked":"SKIP","floor":18.0},{"not_picked":["Cloak And Dagger","Flying Knee","Deflect"],"picked":"SKIP","floor":21.0},{"not_picked":["Dagger Spray","Dodge and Roll","Cloak And Dagger"],"picked":"SKIP","floor":23.0},{"not_picked":["Infinite Blades","Dodge and Roll","Dash"],"picked":"SKIP","floor":25.0},{"not_picked":["Slice+1","Distraction","Blade Dance"],"picked":"SKIP","floor":28.0},{"not_picked":["Accuracy","Dagger Throw","Deadly Poison"],"picked":"SKIP","floor":29.0},{"not_picked":["Riddle With Holes","Reflex"],"picked":"Malaise","floor":30.0},{"not_picked":["Malaise","Phantasmal Killer"],"picked":"Night Terror","floor":33.0},{"not_picked":["Outmaneuver","Terror"],"picked":"Calculated Gamble","floor":35.0},{"not_picked":["Quick Slash+1","Prepared","Dagger Spray"],"picked":"SKIP","floor":37.0},{"not_picked":["Dagger Throw","Skewer+1"],"picked":"Venomology","floor":41.0},{"not_picked":["Blade Dance","Slice","Flying Knee"],"picked":"SKIP","floor":42.0},{"not_picked":["Choke","Outmaneuver+1","Quick Slash"],"picked":"SKIP","floor":46.0},{"not_picked":["Dagger Throw","Deflect"],"picked":"Expertise+1","floor":48.0},{"not_picked":["Backflip","Burst","Skewer"],"picked":"SKIP","floor":54.0}],"player_experience":846284,"relics_obtained":[{"floor":9.0,"key":"Pear"},{"floor":10.0,"key":"Art of War"},{"floor":14.0,"key":"Smiling Mask"},{"floor":23.0,"key":"InkBottle"},{"floor":25.0,"key":"Lizard Tail"},{"floor":28.0,"key":"Blue Candle"},{"floor":30.0,"key":"Boot"},{"floor":41.0,"key":"Mercury Hourglass"},{"floor":43.0,"key":"Ninja Scroll"},{"floor":54.0,"key":"Lantern"}],"event_choices":[{"damage_healed":0.0,"max_hp_gain":0.0,"max_hp_loss":0.0,"gold_gain":0.0,"event_name":"Scrap Ooze","player_choice":"Success","floor":4.0,"gold_loss":0.0,"damage_taken":5.0,"relics_obtained":["White Beast Statue"]},{"cards_removed":["Strike_G"],"damage_healed":0.0,"max_hp_gain":0.0,"max_hp_loss":0.0,"gold_gain":0.0,"event_name":"Golden Wing","player_choice":"Card Removal","floor":11.0,"gold_loss":0.0,"damage_taken":7.0},{"damage_healed":0.0,"max_hp_gain":0.0,"max_hp_loss":0.0,"gold_gain":0.0,"event_name":"Accursed Blacksmith","player_choice":"Forge","floor":13.0,"gold_loss":0.0,"damage_taken":0.0,"cards_upgraded":["Well Laid Plans"]},{"damage_healed":0.0,"max_hp_gain":0.0,"max_hp_loss":0.0,"gold_gain":0.0,"event_name":"Upgrade Shrine","player_choice":"Upgraded","floor":20.0,"gold_loss":0.0,"damage_taken":0.0,"cards_upgraded":["Adrenaline"]},{"damage_healed":0.0,"max_hp_gain":0.0,"max_hp_loss":0.0,"gold_gain":0.0,"event_name":"The Library","player_choice":"Read","floor":31.0,"gold_loss":0.0,"damage_taken":0.0,"cards_obtained":["Catalyst"]},{"damage_healed":0.0,"max_hp_gain":0.0,"max_hp_loss":0.0,"gold_gain":0.0,"event_name":"SecretPortal","player_choice":"Ignored","floor":36.0,"gold_loss":0.0,"damage_taken":0.0},{"damage_healed":0.0,"max_hp_gain":0.0,"max_hp_loss":0.0,"gold_gain":0.0,"event_name":"SensoryStone","player_choice":"Memory 1","floor":38.0,"gold_loss":0.0,"damage_taken":0.0},{"damage_healed":0.0,"max_hp_gain":0.0,"max_hp_loss":0.0,"gold_gain":0.0,"event_name":"The Woman in Blue","player_choice":"Bought 0 Potions","floor":39.0,"gold_loss":0.0,"damage_taken":0.0},{"damage_healed":0.0,"max_hp_gain":0.0,"max_hp_loss":0.0,"gold_gain":0.0,"event_name":"Tomb of Lord Red Mask","player_choice":"Ignored","floor":45.0,"gold_loss":0.0,"damage_taken":0.0}],"is_beta":false,"boss_relics":[{"not_picked":["Empty Cage","Sozu"],"picked":"SlaversCollar"},{"not_picked":["Runic Dome","Runic Pyramid"],"picked":"HoveringKite"}],"items_purged_floors":[0,19,22,47,53],"is_endless":false,"potions_floor_spawned":[7,10,14,16,18,21,23,25,28,29,30,33,35,37,41,42,46,48,54],"ascension_level":18}}