{"host":"wxz7488rqrwl2v46","time":1613446206,"event":{"mods":["BaseMod","Minty Spire (QoL Compilation)","Quick Restart","Replay The Spire","StSLib"],"gold_per_floor":[112,128,6,6,6,6,21,46,58,70,118,137,137,137,149,249,249,249,249],"floor_reached":18,"language":"ZHS","playtime":730,"items_purged":["Strike_R"],"score":114,"play_id":"b23bdbe6-9441-4fcf-8e4d-6014fe4ab4b2","local_time":"20210216113006","is_ascension_mode":false,"campfire_choices":[{"data":"Flex","floor":14,"key":"SMITH"},{"data":"ReplayTheSpireMod:Muscle Training","floor":17,"key":"SMITH"}],"circlet_count":0,"master_deck":["Strike_R","Strike_R","Strike_R","Strike_R","Defend_R","Defend_R","Defend_R","Defend_R","Bash","Rage","Spot Weakness","Flex+1","Self Repair+1","ReplayTheSpireMod:Strike From Hell","Headbutt","Feed","ReplayTheSpireMod:Muscle Training+1","ReplayTheSpireMod:Strike From Hell"],"relics":["NeowsBlessing","Iron Core","Boot","Omamori","Divine Protection"],"acts_visited":["Exordium"],"potions_floor_usage":[18,18],"damage_taken":[{"damage":0,"enemies":"Small Slimes","floor":1,"turns":1},{"damage":0,"enemies":"2 Louse","floor":2,"turns":1},{"damage":0,"enemies":"Cultist","floor":7,"turns":1},{"damage":38,"enemies":"Lagavulin","floor":8,"turns":6},{"damage":6,"enemies":"2 Fungi Beasts","floor":9,"turns":4},{"damage":19,"enemies":"Exordium Thugs","floor":10,"turns":5},{"damage":9,"enemies":"3 Louse","floor":12,"turns":4},{"damage":0,"enemies":"Exordium Wildlife","floor":15,"turns":5},{"damage":82,"enemies":"Slime Boss","floor":18,"turns":10}],"seed_played":"-6059359555735487485","potions_obtained":[{"floor":7,"key":"BloodPotion"},{"floor":8,"key":"DuplicationPotion"},{"floor":10,"key":"Languid Potion"}],"is_trial":false,"path_per_floor":["M","M","$","?","PTL","PTL","M","E","M","M","T","M","?","R","M","?","R","B"],"character_chosen":"IRONCLAD","items_purchased":["Flex"],"campfire_rested":0,"item_purchase_floors":[3],"current_hp_per_floor":[80,80,80,80,80,80,80,52,56,47,47,51,51,51,61,61,61,0,0],"gold":249,"neow_bonus":"THREE_ENEMY_KILL","is_daily":false,"chose_seed":false,"campfire_upgraded":2,"win_rate":0.0,"timestamp":1613446206,"path_taken":["M","M","$","?","PTL","PTL","M","E","M","M","T","M","?","R","?","?","R","BOSS"],"items_purchased_type":["Card"],"build_version":"2020-12-22","purchased_purges":1,"victory":false,"max_hp_per_floor":[80,80,80,80,80,80,80,80,80,80,80,83,83,83,83,83,83,83,83],"card_choices":[{"not_picked":["Run Through","Iron Wave"],"picked":"Rage","floor":1},{"not_picked":["ReplayTheSpireMod:Corrosion Curse","Warcry"],"picked":"Spot Weakness","floor":2},{"not_picked":["Havoc","Rebound"],"picked":"Headbutt","floor":7},{"not_picked":["Glacier","Clothesline"],"picked":"ReplayTheSpireMod:Strike From Hell","floor":8},{"not_picked":["Defy Death","True Grit"],"picked":"Headbutt","floor":9},{"not_picked":["Infernal Blade","Second Wind"],"picked":"Feed","floor":10},{"not_picked":["Rampage","Carnage"],"picked":"ReplayTheSpireMod:Muscle Training","floor":12},{"not_picked":["Dark Embrace","Run Through"],"picked":"ReplayTheSpireMod:Strike From Hell","floor":15}],"player_experience":31467,"relics_obtained":[{"floor":8,"key":"Boot"},{"floor":11,"key":"Omamori"}],"event_choices":[{"cards_removed":["Headbutt"],"damage_healed":0,"gold_gain":0,"player_choice":"Gave Card","damage_taken":0,"relics_obtained":["Divine Protection"],"max_hp_gain":0,"max_hp_loss":0,"event_name":"WeMeetAgain","floor":13,"gold_loss":0},{"damage_healed":0,"gold_gain":100,"player_choice":"Pray","damage_taken":0,"max_hp_gain":0,"max_hp_loss":0,"event_name":"Golden Shrine","floor":16,"gold_loss":0}],"is_beta":false,"boss_relics":[],"items_purged_floors":[3],"is_endless":false,"potions_floor_spawned":[7,8,10,12],"killed_by":"Slime Boss","ascension_level":0}}