{"host":"vhifjdba66khcqwn","time":1613504350,"event":{"mods":["AchievementEnabler","BaseMod","Bestiary","Energized Spire","Minty Spire (QoL Compilation)","Practice Mode","Relic Stats","Spicy Shops","StSLib","slay the spire mod where everything is the same but ironclad has a cowboy hat"],"gold_per_floor":[109,109,119,14,14,46,46,46,92,119,119,119,119,136,136,148,148,226,226,237,237,217,234,142,142,161,161,161],"floor_reached":27,"language":"ENG","playtime":2075,"items_purged":[],"score":401,"play_id":"8f1409b2-cd76-4696-addb-e6b78c6c2e98","local_time":"20210216113910","is_ascension_mode":true,"campfire_choices":[{"floor":12,"key":"REST"},{"data":"Ball Lightning","floor":15,"key":"SMITH"},{"data":"Zap","floor":17,"key":"SMITH"},{"floor":25,"key":"REST"}],"circlet_count":0,"master_deck":["AscendersBane","Strike_B","Strike_B","Strike_B","Strike_B","Defend_B","Defend_B","Defend_B","Defend_B","Zap+1","Dualcast","Seek","Steam","Cold Snap","Ball Lightning+1","Leap","Glacier","Fission","Sweeping Beam","FTL","Coolheaded","Capacitor"],"relics":["Cracked Core","Torii","Akabeko","Vajra","SlaversCollar","Bronze Scales"],"acts_visited":["Exordium","TheCity"],"potions_floor_usage":[18,18,27],"damage_taken":[{"damage":1.0,"enemies":"Cultist","floor":1.0,"turns":3.0},{"damage":2.0,"enemies":"Jaw Worm","floor":3.0,"turns":3.0},{"damage":16.0,"enemies":"Lagavulin","floor":6.0,"turns":6.0},{"damage":0,"enemies":"2 Louse","floor":14,"turns":2},{"damage":2,"enemies":"Blue Slaver","floor":16,"turns":2},{"damage":2,"enemies":"The Guardian","floor":18,"turns":7},{"damage":20,"enemies":"Shell Parasite","floor":20,"turns":5},{"damage":20,"enemies":"2 Thieves","floor":22,"turns":4},{"damage":33,"enemies":"Cultist and Chosen","floor":23,"turns":9},{"damage":12,"enemies":"Snecko","floor":26,"turns":5},{"damage":39,"enemies":"Gremlin Leader","floor":27,"turns":7}],"seed_played":"1217448126030596984","potions_obtained":[{"floor":3.0,"key":"Strength Potion"},{"floor":14,"key":"Explosive Potion"},{"floor":16,"key":"ColorlessPotion"},{"floor":22,"key":"DuplicationPotion"}],"is_trial":false,"path_per_floor":["M","$","M","$","?","E","?","$","T","T","?","R","$","M","R","M","R","B",null,"M","?","M","M","?","R","M","E"],"character_chosen":"DEFECT","items_purchased":["Ball Lightning","Leap"],"campfire_rested":2,"item_purchase_floors":[4,4],"current_hp_per_floor":[45,45,43,43,43,27,27,27,27,27,27,48,48,48,48,46,46,44,64,44,71,51,18,18,39,27,0,0],"gold":161,"neow_bonus":"THREE_RARE_CARDS","is_daily":false,"chose_seed":false,"campfire_upgraded":2,"win_rate":0.0,"timestamp":1613504350,"path_taken":["M","?","M","$","?","E","?","?","T","T","?","R","$","M","R","?","R","BOSS","M","?","?","M","?","R","?","E"],"items_purchased_type":["Card","Card"],"build_version":"2020-12-22","purchased_purges":0,"victory":false,"max_hp_per_floor":[71,71,71,71,71,71,71,71,71,71,71,71,71,71,71,71,71,71,71,71,71,71,71,71,71,71,71,71],"relic_stats":{"Torii":19,"counters":[11,53],"Bronze Scales":[41],"obtain_stats":[{"SlaversCollar":19,"Torii":6,"Bronze Scales":24,"Vajra":10,"Cracked Core":0,"Akabeko":9},{"SlaversCollar":6,"Torii":3,"Bronze Scales":9,"Vajra":3,"Cracked Core":0,"Akabeko":3},{"SlaversCollar":23,"Torii":12,"Bronze Scales":41,"Vajra":12,"Cracked Core":0,"Akabeko":12}]},"card_choices":[{"not_picked":["Meteor Strike","All For One"],"picked":"Seek","floor":0.0},{"not_picked":["Tempest","Reprogram"],"picked":"Steam","floor":1.0},{"not_picked":["Coolheaded","Scrape"],"picked":"Cold Snap","floor":3.0},{"not_picked":["Stack","Go for the Eyes"],"picked":"Static Discharge","floor":6.0},{"not_picked":["Heatsinks","Beam Cell"],"picked":"Glacier","floor":14},{"not_picked":["Streamline","Rebound","Multi-Cast"],"picked":"SKIP","floor":16},{"not_picked":["Thunder Strike","Hyperbeam"],"picked":"Fission","floor":18},{"not_picked":["Steam Power","Go for the Eyes"],"picked":"Sweeping Beam","floor":20},{"not_picked":["Turbo","Stack"],"picked":"FTL","floor":22},{"not_picked":["Sweeping Beam","Redo+1"],"picked":"Coolheaded","floor":23},{"not_picked":["Blizzard","Lockon"],"picked":"Capacitor","floor":26}],"player_experience":1180444,"relics_obtained":[{"floor":6.0,"key":"Torii"},{"floor":9,"key":"Akabeko"},{"floor":10,"key":"Vajra"}],"event_choices":[{"damage_healed":0.0,"max_hp_gain":0.0,"max_hp_loss":0.0,"gold_gain":0.0,"event_name":"Golden Wing","player_choice":"Ignored","floor":5.0,"gold_loss":0.0,"damage_taken":0.0},{"damage_healed":0,"gold_gain":0,"player_choice":"Fled","damage_taken":0,"max_hp_gain":0,"max_hp_loss":0,"event_name":"Scrap Ooze","floor":7,"gold_loss":0},{"damage_healed":0,"gold_gain":0,"player_choice":"Upgraded","damage_taken":0,"max_hp_gain":0,"max_hp_loss":0,"event_name":"Upgrade Shrine","floor":11,"gold_loss":0,"cards_upgraded":["Static Discharge"]},{"cards_removed":["Static Discharge"],"damage_healed":27,"gold_gain":0,"player_choice":"Offered Uncommon","damage_taken":0,"max_hp_gain":0,"max_hp_loss":0,"event_name":"Bonfire Elementals","floor":21,"gold_loss":0},{"damage_healed":0,"gold_gain":0,"player_choice":"Paid Gold","damage_taken":0,"relics_obtained":["Bronze Scales"],"max_hp_gain":0,"max_hp_loss":0,"event_name":"WeMeetAgain","floor":24,"gold_loss":92}],"is_beta":false,"boss_relics":[{"not_picked":["Busted Crown","energizedSpire:NeverEndingSparkler"],"picked":"SlaversCollar"}],"items_purged_floors":[],"is_endless":false,"potions_floor_spawned":[3,14,16,22],"killed_by":"Gremlin Leader","ascension_level":18}}