{"host":"d0jyg0jyhr2o2pjc","time":1613467549,"event":{"mods":["BaseMod","Downfall","Googly Eyes","Hermit","Marisa£®ÏF”Í°°ƒß¿Ì…≥£©","Minty Spire (QoL Compilation)","Replay The Spire","StSLib","The Cursed","The Marked","The Servant 0.9.4"],"gold_per_floor":[113,129,129,139,156,156,176,12,37,37,96,61,72,72,72,72,72],"floor_reached":16,"language":"ZHS","playtime":979,"items_purged":[],"score":92,"play_id":"e84944e0-9a8c-4e40-8deb-949e6eb50247","local_time":"20210216172549","is_ascension_mode":false,"campfire_choices":[{"data":"hexamod:ThermalTransfer","floor":6,"key":"SMITH"},{"floor":10,"key":"REST"},{"floor":15,"key":"REST"}],"circlet_count":0,"master_deck":["Strike_G","Strike_G","Strike_G","Strike_G","Defend_G","Defend_G","Defend_G","Defend_G","Defend_G","Survivor","Neutralize","Deadly Poison+1","hexamod:ThermalTransfer+1","hexamod:BurningTouch","hexamod:InspiringFlames+1","hexamod:ThermalTransfer","hexamod:SpectersWail+1","sneckomod:SoulRoll","hexamod:ExtraCrispy","bronze:Repair","bronze:ItsAFeature"],"relics":["Ring of the Snake","Gremlin Food","Pet Ghost","Ring of Peace","ReplayTheSpireMod:Ring of Collecting"],"acts_visited":["Exordium"],"potions_floor_usage":[],"damage_taken":[{"damage":2,"enemies":"Small Slimes","floor":1,"turns":6},{"damage":0,"enemies":"Cultist","floor":2,"turns":4},{"damage":0,"enemies":"2 Louse","floor":4,"turns":4},{"damage":13,"enemies":"2 Fungi Beasts","floor":5,"turns":5},{"damage":10,"enemies":"Large Slime","floor":7,"turns":7},{"damage":40,"enemies":"Lagavulin Event","floor":11,"turns":7},{"damage":5,"enemies":"Blue Slaver","floor":13,"turns":5},{"damage":65,"enemies":"The Guardian","floor":16,"turns":12}],"seed_played":"-6628323439010536744","potions_obtained":[{"floor":4,"key":"Elixir"},{"floor":5,"key":"Poison Potion"},{"floor":7,"key":"Explosive Potion"},{"floor":11,"key":"Fire Potion"}],"is_trial":false,"path_per_floor":["M","M","?","M","M","R","M","$","T","R","?","?","M","?","R","B"],"character_chosen":"THE_SILENT","items_purchased":["hexamod:SpectersWail+1","sneckomod:SoulRoll","hexamod:ExtraCrispy"],"campfire_rested":2,"item_purchase_floors":[8,8,8],"current_hp_per_floor":[68,68,70,70,57,57,47,47,47,68,28,45,40,40,61,0,0],"gold":72,"neow_bonus":"TRANSFORM_CARD","is_daily":false,"chose_seed":false,"campfire_upgraded":1,"win_rate":0.0,"timestamp":1613467549,"path_taken":["M","M","?","?","M","R","M","$","T","R","?","?","M","?","R","BOSS"],"items_purchased_type":["Card","Card","Card"],"build_version":"2020-12-22","purchased_purges":0,"victory":false,"max_hp_per_floor":[70,70,70,70,70,70,70,70,70,70,70,70,70,70,70,70,70],"card_choices":[{"not_picked":["Hidden Blade","Slimebound:ItLooksTasty"],"picked":"Deadly Poison","floor":1},{"not_picked":["Guardian:Repulse","bronze:Repulsor"],"picked":"hexamod:ThermalTransfer","floor":2},{"not_picked":["Acrobatics","Slimebound:SplitAcid"],"picked":"hexamod:BurningTouch","floor":4},{"not_picked":["Slimebound:Prepare","sneckomod:Unknown1Cost"],"picked":"hexamod:InspiringFlames","floor":5},{"not_picked":["champ:Lariat","Guardian:Gem_Yellow"],"picked":"hexamod:ThermalTransfer","floor":7},{"not_picked":["Footwork","Expertise"],"picked":"bronze:Repair","floor":11},{"not_picked":["sneckomod:UnknownCommonAttack","sneckomod:UnknownClassGREEN"],"picked":"bronze:ItsAFeature","floor":13}],"player_experience":10653,"relics_obtained":[{"floor":9,"key":"Gremlin Food"},{"floor":11,"key":"Pet Ghost"},{"floor":14,"key":"Ring of Peace"},{"floor":14,"key":"ReplayTheSpireMod:Ring of Collecting"}],"event_choices":[{"cards_removed":["Slimebound:Schlurp"],"damage_healed":5,"gold_gain":0,"player_choice":"Offered Common","damage_taken":0,"max_hp_gain":0,"max_hp_loss":0,"event_name":"Bonfire Elementals","floor":3,"gold_loss":0},{"cards_removed":["Slimebound:Schlurp"],"damage_healed":5,"gold_gain":0,"player_choice":"Offered Special","damage_taken":0,"max_hp_gain":0,"max_hp_loss":0,"event_name":"Bonfire Elementals","floor":3,"gold_loss":0},{"damage_healed":0,"gold_gain":30,"player_choice":"Searched \u00272\u0027 times","damage_taken":0,"max_hp_gain":0,"max_hp_loss":0,"event_name":"Dead Adventurer","floor":11,"gold_loss":0},{"damage_healed":17,"gold_gain":0,"player_choice":"Healed","damage_taken":0,"max_hp_gain":0,"max_hp_loss":0,"event_name":"The Cleric","floor":12,"gold_loss":35}],"is_beta":false,"boss_relics":[],"items_purged_floors":[],"is_endless":false,"potions_floor_spawned":[4,5,7,11],"killed_by":"The Guardian","ascension_level":0}}