{"host":"5on5jp4vj4dvuydb","time":1613502889,"event":{"mods":["2.2 Compatiblity","BaseMod","Colored Powertips","Dio Mod","Highlight Path","Minty Spire (QoL Compilation)","Relic Stats","StSLib","everything is the same but u backflip on backflip"],"gold_per_floor":[117,127,202,220,232,232,232,232],"floor_reached":7,"language":"ENG","playtime":1386,"items_purged":[],"score":43,"play_id":"0426ecd8-fb8e-429b-ae7c-63c3feff9590","local_time":"20210216141449","is_ascension_mode":false,"campfire_choices":[{"data":"dioMod:HeavyLifting","floor":6,"key":"SMITH"}],"circlet_count":0,"master_deck":["dioMod:Strike","dioMod:Strike","dioMod:Strike","dioMod:Strike","Bite","dioMod:Defend","dioMod:Defend","dioMod:Defend","dioMod:Defend","dioMod:LaserVision","dioMod:HeavyLifting+1","dioMod:PathToHeaven","dioMod:ComboFever"],"relics":["dioMod:VampireBlood"],"acts_visited":[],"potions_floor_usage":[],"damage_taken":[{"damage":7.0,"enemies":"Cultist","floor":1.0,"turns":5.0},{"damage":3.0,"enemies":"Small Slimes","floor":2.0,"turns":3.0},{"damage":6,"enemies":"2 Louse","floor":4,"turns":3},{"damage":25,"enemies":"Blue Slaver","floor":5,"turns":6},{"damage":61,"enemies":"3 Sentries","floor":7,"turns":8}],"seed_played":"8880550059441426773","potions_obtained":[{"floor":1.0,"key":"Weak Potion"}],"is_trial":false,"path_per_floor":["M","M","?","M","M","R","E"],"character_chosen":"THE_DEFAULT","items_purchased":[],"campfire_rested":0,"item_purchase_floors":[],"current_hp_per_floor":[81,82,71,73,57,57,0,0],"gold":232,"neow_bonus":"TEN_PERCENT_HP_BONUS","is_daily":false,"chose_seed":false,"campfire_upgraded":1,"win_rate":0.0,"timestamp":1613502889,"path_taken":["M","M","?","M","M","R","E"],"items_purchased_type":[],"build_version":"2020-12-22","purchased_purges":0,"victory":false,"max_hp_per_floor":[82,82,82,82,82,82,82,82],"relic_stats":{"counters":[3,17],"obtain_stats":[{"dioMod:VampireBlood":0},{"dioMod:VampireBlood":0},{"dioMod:VampireBlood":0}]},"card_choices":[{"not_picked":["dioMod:GoodbyeJojo","dioMod:FlyAway"],"picked":"dioMod:LaserVision","floor":1.0},{"not_picked":["dioMod:ComposedMuda","dioMod:BlendIn"],"picked":"dioMod:HeavyLifting","floor":2.0},{"not_picked":["dioMod:HeavyLifting","dioMod:FlyAway"],"picked":"dioMod:PathToHeaven","floor":4},{"not_picked":["dioMod:CoffinBath","dioMod:CautiousMuda"],"picked":"dioMod:ComboFever","floor":5}],"player_experience":7613,"relics_obtained":[],"event_choices":[{"damage_healed":0.0,"max_hp_gain":0.0,"max_hp_loss":0.0,"gold_gain":75.0,"event_name":"World of Goop","player_choice":"Gather Gold","floor":3.0,"gold_loss":0.0,"damage_taken":11.0}],"is_beta":false,"boss_relics":[],"items_purged_floors":[],"is_endless":false,"potions_floor_spawned":[1],"killed_by":"3 Sentries","ascension_level":0}}