{"host":"dn6kke80v5f7isus","time":1613486991,"event":{"mods":["AchievementEnabler","Act Like it!","Astrologer","BaseMod","Colored Powertips","Custom Start","Defuse TimeMaze Blight","Energized Spire","Gremlin Skip","Highlight Path","Hubris","Infinite Spire","Marisa????????","Marked Mod","Minty Spire (QoL Compilation)","Quick Restart","Rare Cards Sparkle","Reliquary","Replay The Spire","StSLib","The Hierophant","The Servant 0.9.4","Uncapped","Unceasing Turn Reminder"],"gold_per_floor":[113,113,130,130,130,158,215,231,231,231,256,274,52,82,82,82,82],"floor_reached":16,"language":"ENG","playtime":470,"items_purged":["Strike_P"],"score":150,"play_id":"23f812ec-bab1-43b8-8312-c955043bbcae","local_time":"20210216094951","is_ascension_mode":true,"campfire_choices":[{"data":"Prostrate","floor":10,"key":"SMITH"},{"floor":15,"key":"DIG"}],"circlet_count":0,"master_deck":["Strike_P","Strike_P","Defend_P","Defend_P","Defend_P","Defend_P","Eruption","Vigilance","PathToVictory+1","Prostrate+1","MarkedMod:Acupuncture","Prostrate"],"relics":["PureWater","NeowsBlessing","hubris:Towel","Gambling Chip","White Beast Statue","Replay:Bottled Eggs","Letter Opener","PreservedInsect","MealTicket","MarkedMod:AcupunctureKit"],"acts_visited":["Exordium"],"potions_floor_usage":[8,11,11,14,14,16],"damage_taken":[{"damage":0,"enemies":"Small Slimes","floor":1,"turns":1},{"damage":0,"enemies":"Cultist","floor":3,"turns":1},{"damage":0,"enemies":"Lagavulin","floor":6,"turns":1},{"damage":0,"enemies":"Jaw Worm","floor":8,"turns":4},{"damage":16,"enemies":"Gremlin Nob","floor":11,"turns":4},{"damage":5,"enemies":"2 Fungi Beasts","floor":12,"turns":3},{"damage":5,"enemies":"3 Sentries","floor":14,"turns":5},{"damage":0,"enemies":"Slime Boss","floor":16,"turns":4}],"seed_played":"-2365303128918690286","potions_obtained":[{"floor":1,"key":"EssenceOfSteel"},{"floor":7,"key":"Ambrosia"},{"floor":8,"key":"Fire Potion"},{"floor":11,"key":"Ambrosia"},{"floor":12,"key":"Regen Potion"},{"floor":14,"key":"Regen Potion"}],"is_trial":false,"path_per_floor":["M","?","M","?","?","E","?","M","T","R","E","M","$","E","R","B"],"character_chosen":"WATCHER","items_purchased":["PreservedInsect"],"campfire_rested":0,"item_purchase_floors":[13],"current_hp_per_floor":[72,72,72,72,72,72,54,54,54,54,38,33,33,42,42,54,54],"gold":82,"neow_bonus":"THREE_ENEMY_KILL","is_daily":false,"chose_seed":false,"campfire_upgraded":1,"win_rate":0.0,"timestamp":1613486991,"path_taken":["M","?","?","?","?","E","?","M","T","R","E","?","$","E","R","BOSS"],"items_purchased_type":["Relic"],"build_version":"2020-12-22","purchased_purges":1,"victory":false,"max_hp_per_floor":[72,72,72,72,72,72,72,72,72,72,72,72,72,72,72,72,72],"card_choices":[{"not_picked":["WindmillStrike","ClearTheMind"],"picked":"PathToVictory","floor":1},{"not_picked":["Replay:ManipulateFuture","ThirdEye","Blasphemy"],"picked":"SKIP","floor":3},{"not_picked":["Replay:Battleflow","DeusExMachina"],"picked":"Prostrate","floor":6},{"not_picked":["Wallop","ClearTheMind"],"picked":"MarkedMod:Acupuncture","floor":8},{"not_picked":["FollowUp","EmptyBody"],"picked":"Prostrate","floor":11},{"not_picked":["ForeignInfluence","FearNoEvil","EmptyFist"],"picked":"SKIP","floor":12},{"not_picked":["WindmillStrike","Tantrum","Replay:Anticipation"],"picked":"SKIP","floor":14}],"player_experience":491985,"relics_obtained":[{"floor":6,"key":"Gambling Chip"},{"floor":7,"key":"White Beast Statue"},{"floor":9,"key":"Replay:Bottled Eggs"},{"floor":11,"key":"Letter Opener"},{"floor":14,"key":"MealTicket"},{"floor":15,"key":"MarkedMod:AcupunctureKit"}],"event_choices":[{"damage_healed":0,"gold_gain":0,"player_choice":"0 cards matched","damage_taken":0,"max_hp_gain":0,"max_hp_loss":0,"event_name":"Match and Keep!","floor":2,"gold_loss":0,"cards_obtained":[]}],"is_beta":false,"boss_relics":[],"items_purged_floors":[13],"is_endless":false,"potions_floor_spawned":[1,8,11,12,14],"killed_by":"Slime Boss","ascension_level":1}}