{"host":"tcdxiwht2vajk3tk","time":1613481808,"event":{"mods":["AchievementEnabler","BaseMod","Beaked The Cultist","Colored Powertips","Conspire","Defuse TimeMaze Blight","Downfall","Halation","Hermit","Hubris","Infinite Spire","Lobotomy","LobotomyExtend","Minty Spire (QoL Compilation)","Replay The Spire","Shop Mod","StSLib","The Cursed","The Disciple"],"gold_per_floor":[117,11,11,11,22,55,55,68,68,103,103,103,143,160,160,277,277,301,301,301,315,315,315],"floor_reached":22,"language":"ENG","playtime":2094,"items_purged":[],"score":232,"play_id":"2891dcf1-0f82-44f6-8c08-24ecaee57018","local_time":"20210216082328","is_ascension_mode":true,"campfire_choices":[{"floor":7.0,"key":"REST"},{"floor":15.0,"key":"REST"}],"circlet_count":0,"master_deck":["Strike_Br","Strike_Br","Strike_Br","Strike_Br","Defend_Br","Defend_Br","Defend_Br","Defend_Br","OSAHOGD","Engulf","BiteCommand","WallGazer","Stagnate","VoidDream","FieryBird","ShyLook","AlternateTimeline","WhitesApple","Echoward","Parasite","OldLady","MasterKey","LockedScales","Parasite","BodiesMountain","BackFourSeconds","MHz","ResonantCall","SingingMachine","DaylightSavings+3"],"relics":["Chronometer","CogitoBucket","LetterFromLob","halation:LostSnail","infinitespire:Broken Mirror","Torii","Dream Catcher","SpringShield","hexamod:BolsterEngine","AspirationHeart","halation:PrussianBluePaint"],"acts_visited":["Exordium","TheCity"],"potions_floor_usage":[],"damage_taken":[{"damage":0.0,"enemies":"2 Louse","floor":1.0,"turns":4.0},{"damage":7.0,"enemies":"Small Slimes","floor":5.0,"turns":6.0},{"damage":56.0,"enemies":"Lagavulin","floor":6.0,"turns":12.0},{"damage":10.0,"enemies":"Cultist","floor":8.0,"turns":6.0},{"damage":17.0,"enemies":"3 Sentries","floor":10.0,"turns":9.0},{"damage":5.0,"enemies":"Gremlin Nob","floor":13.0,"turns":8.0},{"damage":18.0,"enemies":"Red Slaver","floor":14.0,"turns":3.0},{"damage":28.0,"enemies":"Hexaghost","floor":16.0,"turns":9.0},{"damage":41.0,"enemies":"Spheric Guardian","floor":18.0,"turns":6.0},{"damage":35.0,"enemies":"3 Byrds","floor":21.0,"turns":7.0},{"damage":37,"enemies":"3 Cultists","floor":22,"turns":5}],"seed_played":"1182888373724621805","potions_obtained":[{"floor":6.0,"key":"Energy Potion"},{"floor":10.0,"key":"hexamod:SoulburnPotion"},{"floor":16.0,"key":"HastePotion"}],"is_trial":false,"path_per_floor":["M","$","?","?","M","E","R","M","T","E","?","?","E","M","R","B",null,"M","?","?","M","M"],"character_chosen":"CHRONO_CLASS","items_purchased":["halation:LostSnail","BiteCommand"],"campfire_rested":2,"item_purchase_floors":[2,2],"current_hp_per_floor":[65,65,68,68,61,5,25,15,15,33,33,33,28,20,43,15,78,43,43,43,11,0,0],"gold":315,"neow_bonus":"","is_daily":false,"chose_seed":false,"campfire_upgraded":0,"win_rate":0.0,"timestamp":1613481808,"path_taken":["M","$","?","?","M","E","R","M","T","E","?","?","E","?","R","BOSS","M","?","?","M","?"],"items_purchased_type":["Relic","Card"],"build_version":"2020-12-22","purchased_purges":0,"victory":false,"max_hp_per_floor":[65,65,68,68,68,68,68,68,68,68,68,68,68,78,78,78,78,78,78,78,78,78,78],"card_choices":[{"not_picked":["LittlePrince","SingingMachine","CENSORED"],"picked":"Singing Bowl","floor":1.0},{"not_picked":["BeautyBeast","PunishingBird"],"picked":"OSAHOGD","floor":1.0},{"not_picked":["Goo","LockedOrichalcum"],"picked":"Engulf","floor":1.0},{"not_picked":["CrumblingArmor","SpiderBud","PunishingBird"],"picked":"Singing Bowl","floor":5.0},{"not_picked":["Bloodbath","Wellcheers"],"picked":"WallGazer","floor":5.0},{"not_picked":["PrimeTime","LockedWhetstone"],"picked":"Stagnate","floor":5.0},{"not_picked":["FieryBird","Murderer","CrumblingArmor"],"picked":"Singing Bowl","floor":6.0},{"not_picked":["HeroicMonk","GreedKing"],"picked":"VoidDream","floor":6.0},{"not_picked":["FormalWear","Backlash"],"picked":"Flay","floor":6.0},{"not_picked":["Porccubus","DespairKnight","CherryBlossoms"],"picked":"Singing Bowl","floor":8.0},{"not_picked":["LittlePrince","SingingMachine"],"picked":"FieryBird","floor":8.0},{"not_picked":["Recurrance","LockedTurtyl"],"picked":"LockedMawBank","floor":8.0},{"not_picked":["Mercenary","PunishingBird"],"picked":"ShyLook","floor":10.0},{"not_picked":["VestedLegacy","OverTime"],"picked":"AlternateTimeline","floor":10.0},{"not_picked":["GalaxyChild","Rudolta"],"picked":"WhitesApple","floor":13.0},{"not_picked":["WakeUpCall","LockedScales"],"picked":"Echoward","floor":13.0},{"not_picked":["HappyTeddy","LaLuna","UniverseFragment"],"picked":"Singing Bowl","floor":14.0},{"not_picked":["Yin","Funeral"],"picked":"OldLady","floor":14.0},{"not_picked":["LockedPlans","Goo"],"picked":"MasterKey","floor":14.0},{"not_picked":["Engulf","Accruing"],"picked":"LockedScales","floor":15.0},{"not_picked":["MeatLantern","PunishingBird","HappyTeddy"],"picked":"Singing Bowl","floor":16.0},{"not_picked":["DespairKnight","Bloodbath"],"picked":"BodiesMountain","floor":16.0},{"not_picked":["OverTime","LockedLightning"],"picked":"BackFourSeconds","floor":16.0},{"not_picked":["SnowQueen","MeatLantern"],"picked":"MHz","floor":18.0},{"not_picked":["LockedMedicine","TickedOff+1"],"picked":"ResonantCall","floor":18.0},{"not_picked":["SilentOrchestra","Rudolta"],"picked":"SingingMachine","floor":21.0},{"not_picked":["LockedTornado","Parity"],"picked":"DaylightSavings+1","floor":21.0}],"player_experience":1786556,"relics_obtained":[{"floor":1.0,"key":"LetterFromLob"},{"floor":6.0,"key":"infinitespire:Broken Mirror"},{"floor":9.0,"key":"Torii"},{"floor":10.0,"key":"Dream Catcher"},{"floor":11.0,"key":"SpringShield"},{"floor":13.0,"key":"hexamod:BolsterEngine"}],"event_choices":[{"damage_healed":0.0,"max_hp_gain":0.0,"max_hp_loss":0.0,"gold_gain":0.0,"event_name":"Transmorgrifier","player_choice":"Ignored","floor":12.0,"gold_loss":0.0,"damage_taken":0.0},{"damage_healed":0.0,"max_hp_gain":0.0,"max_hp_loss":0.0,"gold_gain":0.0,"event_name":"Vampires","player_choice":"Ignored","floor":19.0,"gold_loss":0.0,"damage_taken":0.0},{"cards_removed":["LockedMawBank"],"damage_healed":0.0,"max_hp_gain":0.0,"max_hp_loss":0.0,"gold_gain":0.0,"event_name":"WeMeetAgain","player_choice":"Gave Card","floor":20.0,"gold_loss":0.0,"damage_taken":0.0,"relics_obtained":["halation:PrussianBluePaint"]}],"is_beta":false,"boss_relics":[{"not_picked":["hubris:VirtuousBlindfold","Sozu","hubris:GrandSneckoEye"]}],"items_purged_floors":[],"is_endless":false,"potions_floor_spawned":[6,10,16],"killed_by":"3 Cultists","ascension_level":3}}