{"host":"e4udrxcgdvpx3wcj","time":1613515101,"event":{"mods":["Act Like it!","Aspiration","Astrologer","BaseMod","Gensokyo","Highlight Path","Infinite Spire","Koishi","Marisa????????","Minty Spire (QoL Compilation)","Replay The Spire","StSLib","SuperFastMode","The Bug Knight","The Construct","The Jungle","The Runesmith","The Servant 0.9.4","TheBandit"],"gold_per_floor":[119,139,149,165,183,183,183,183],"floor_reached":7,"language":"ENG","playtime":327,"items_purged":[],"score":90,"play_id":"b938f32a-4ffe-404b-a737-e910a352ef6a","local_time":"20210216173821","is_ascension_mode":true,"campfire_choices":[{"data":"Manipulate","floor":6,"key":"SMITH"}],"circlet_count":0,"master_deck":["AscendersBane","Strike_S","Strike_S","Strike_S","Strike_S","Defend_S","Defend_S","Defend_S","Defend_S","KidneyShot","Exchange","Dilation","BottledTime","BottledTime","ReturningBlade","Manipulate+1","Ricochet"],"relics":["Uniform"],"acts_visited":["Exordium"],"potions_floor_usage":[7],"damage_taken":[{"damage":0,"enemies":"Cultist","floor":1,"turns":5},{"damage":0,"enemies":"Small Slimes","floor":2,"turns":3},{"damage":4,"enemies":"Jaw Worm","floor":3,"turns":5},{"damage":3,"enemies":"Blue Slaver","floor":4,"turns":7},{"damage":2,"enemies":"2 Fungi Beasts","floor":5,"turns":4},{"damage":60,"enemies":"Gremlin Nob","floor":7,"turns":5}],"seed_played":"9025203747168462724","potions_obtained":[{"floor":1,"key":"Milkshake"},{"floor":3,"key":"Elixir"},{"floor":5,"key":"Weak Potion"}],"is_trial":false,"path_per_floor":["M","M","M","M","M","R","E"],"character_chosen":"THE_SERVANT","items_purchased":[],"campfire_rested":0,"item_purchase_floors":[],"current_hp_per_floor":[54,54,50,47,45,45,0,0],"gold":183,"neow_bonus":"ONE_RANDOM_RARE_CARD","is_daily":false,"chose_seed":false,"campfire_upgraded":1,"win_rate":0.0,"timestamp":1613515101,"path_taken":["M","M","M","?","M","R","E"],"items_purchased_type":[],"build_version":"2020-12-22","purchased_purges":0,"victory":false,"max_hp_per_floor":[60,60,60,60,60,60,60,60],"card_choices":[{"not_picked":["Rewind","Alleviate"],"picked":"BottledTime","floor":1},{"not_picked":["Unruled","Snipe"],"picked":"BottledTime","floor":2},{"not_picked":["Alleviate","Rearm"],"picked":"ReturningBlade","floor":3},{"not_picked":["Shuttle","FastForward"],"picked":"Manipulate","floor":4},{"not_picked":["Collapse","Starlight"],"picked":"Ricochet","floor":5}],"player_experience":2414307,"relics_obtained":[],"event_choices":[],"is_beta":false,"boss_relics":[],"items_purged_floors":[],"is_endless":false,"potions_floor_spawned":[1,3,5],"killed_by":"Gremlin Nob","ascension_level":20}}