{"host":"h3yie3u3olngyjol","time":1613477612,"event":{"mods":["BaseMod","Colored Powertips","Downfall","Highlight Path","Infinite Spire","Lobotomy","LobotomyExtend","Marked Mod","Minty Spire (QoL Compilation)","Prisma Mod","Replay The Spire","RumiaBox-露米娅的神秘盒子","Shop Mod","StSLib","The Hierophant","The Runesmith"],"gold_per_floor":[19,19,35,35,52,52,52,67,92,92,92,104,104,121,121,199,199,219,144,144,144],"floor_reached":20,"language":"ZHS","playtime":600,"items_purged":["Defend_P"],"score":396,"play_id":"1dcdc059-9f3d-45a7-beac-d855c7da96f0","local_time":"20210216201332","is_ascension_mode":true,"campfire_choices":[{"data":"Eruption","floor":6.0,"key":"SMITH"},{"data":"CrushJoints","floor":11.0,"key":"SMITH"}],"circlet_count":0,"master_deck":["AscendersBane","Strike_P","Strike_P","Strike_P","Defend_P","Defend_P","Eruption+1","Vigilance","BattleHymn","CrushJoints+1","Consecrate+1","Sanctity+1","SignatureMove","DeusExMachina","Meditate"],"relics":["PureWater","LetterFromLob","Lantern","Replay:WaspNest","Empty Cage"],"acts_visited":["Exordium","TheCity"],"potions_floor_usage":[],"damage_taken":[{"damage":0.0,"enemies":"Cultist","floor":1.0,"turns":2.0},{"damage":5.0,"enemies":"2 Louse","floor":3.0,"turns":4.0},{"damage":2.0,"enemies":"Jaw Worm","floor":5.0,"turns":4.0},{"damage":4.0,"enemies":"Red Slaver","floor":8.0,"turns":2.0},{"damage":0.0,"enemies":"3 Louse","floor":12.0,"turns":2.0},{"damage":18.0,"enemies":"Large Slime","floor":14.0,"turns":3.0},{"damage":0,"enemies":"Slime Boss","floor":16,"turns":3},{"damage":0,"enemies":"Chosen","floor":18,"turns":3},{"damage":110,"enemies":"2 Thieves","floor":20,"turns":3}],"seed_played":"-5379014836389680014","potions_obtained":[{"floor":3.0,"key":"SpeedPotion"},{"floor":12.0,"key":"GamblersBrew"}],"is_trial":false,"path_per_floor":["M","?","M","$","M","R","$","M","T","?","R","M","T","M","R","B",null,"M","$","M"],"character_chosen":"WATCHER","items_purchased":[],"campfire_rested":0,"item_purchase_floors":[],"current_hp_per_floor":[73,73,68,68,66,66,66,62,62,62,62,62,62,44,68,68,77,77,77,0,0],"gold":144,"neow_bonus":"TWENTY_PERCENT_HP_BONUS","is_daily":false,"chose_seed":false,"campfire_upgraded":2,"win_rate":0.0,"timestamp":1613477612,"path_taken":["M","?","M","$","M","R","$","M","T","?","R","M","?","?","R","BOSS","M","$","M"],"items_purchased_type":[],"build_version":"2020-12-22","purchased_purges":1,"victory":false,"max_hp_per_floor":[80,80,80,80,80,80,80,80,80,80,80,80,80,80,80,80,80,80,80,80,80],"card_choices":[{"not_picked":["MarkedMod:GentlePulse","SashWhip"],"picked":"BattleHymn","floor":1.0},{"not_picked":["Worship","MarkedMod:FirstStrike","Replay:Anticipation"],"picked":"SKIP","floor":3.0},{"not_picked":["Consecrate","CutThroughFate"],"picked":"CrushJoints","floor":5.0},{"not_picked":["Fasting2","Protect"],"picked":"Consecrate","floor":8.0},{"not_picked":["MarkedMod:GentlePulse","SashWhip"],"picked":"Sanctity","floor":12.0},{"not_picked":["Consecrate","Replay:Anticipation"],"picked":"SignatureMove","floor":14.0},{"not_picked":["Replay:LoomingThreat","LessonLearned"],"picked":"DeusExMachina","floor":16},{"not_picked":["Worship","JustLucky"],"picked":"Meditate","floor":18}],"player_experience":453214,"relics_obtained":[{"floor":1.0,"key":"LetterFromLob"},{"floor":9.0,"key":"Lantern"},{"floor":13.0,"key":"Replay:WaspNest"}],"event_choices":[{"damage_healed":0.0,"max_hp_gain":0.0,"max_hp_loss":0.0,"gold_gain":0.0,"event_name":"Living Wall","player_choice":"Grow","floor":10.0,"gold_loss":0.0,"damage_taken":0.0,"cards_upgraded":["Consecrate"]}],"is_beta":false,"boss_relics":[{"not_picked":["SacredBark","Philosopher\u0027s Stone"],"picked":"Empty Cage"}],"items_purged_floors":[19],"is_endless":false,"potions_floor_spawned":[3,12],"killed_by":"2 Thieves","ascension_level":17}}