{"host":"67z713vnjolu4670","time":1613448418,"event":{"mods":["Act Like it!","BaseMod","BetterRewards","Colored Map","Colored Powertips","Downfall","Gensokyo","Lobotomy","Minty Spire (QoL Compilation)","Quick Restart","Rare Cards Sparkle","Replay The Spire","StSLib","The Jungle","The Servant 0.9.4","[IsaacMod]ÒÔÈö¼âËþ"],"gold_per_floor":[109,184,359,10,27,57,57,57,82,82,82],"floor_reached":10,"language":"ZHS","playtime":959,"items_purged":["Doubt"],"score":64,"play_id":"331b2d62-eab8-4f11-9e46-c6e2a0ccabd7","local_time":"20210216120658","is_ascension_mode":false,"campfire_choices":[{"data":"Apotheosis","floor":8,"key":"SMITH"}],"circlet_count":0,"master_deck":["Strike_S","Strike_S","Strike_S","Strike_S","Defend_S","Defend_S","Defend_S","Defend_S","KidneyShot","Exchange","OldLady","FastForward","Apotheosis+1","Finesse","Flash of Steel","SilverBlades","CherryBlossoms","Ricochet","FloweringNight+1"],"relics":["Uniform","HushsDoor","CogitoBucket","Blood Vial","ReplayTheSpireMod:ShopPack","TuHaoJin","Replay:Bottled Snecko","TheBean"],"acts_visited":["Exordium"],"potions_floor_usage":[],"damage_taken":[{"damage":4,"enemies":"2 Louse","floor":1,"turns":4},{"damage":1,"enemies":"Jaw Worm","floor":5,"turns":4},{"damage":8,"enemies":"Gremlin Nob","floor":6,"turns":5},{"damage":0,"enemies":"Lagavulin","floor":10,"turns":2}],"seed_played":"-4340994053726948514","potions_obtained":[{"floor":1,"key":"Fire Potion"}],"is_trial":false,"path_per_floor":["M","?","?","$","M","E","?","R","T","E"],"character_chosen":"THE_SERVANT","items_purchased":["Blood Vial","ReplayTheSpireMod:ShopPack"],"campfire_rested":0,"item_purchase_floors":[4,4],"current_hp_per_floor":[61,50,50,50,51,45,45,45,45,47,47],"gold":82,"neow_bonus":"","is_daily":false,"chose_seed":false,"campfire_upgraded":1,"win_rate":0.0,"timestamp":1613448418,"path_taken":["M","?","?","$","M","E","?","R","T","E"],"items_purchased_type":["Relic","Relic"],"build_version":"2020-12-22","purchased_purges":1,"victory":false,"max_hp_per_floor":[65,65,65,65,65,65,65,65,65,65,65],"card_choices":[{"not_picked":["UniverseFragment","PunishingBird"],"picked":"OldLady","floor":1},{"not_picked":["DualDimension","Starlight"],"picked":"FastForward","floor":1},{"not_picked":["Sadistic Nature","Midas Touch"],"picked":"Apotheosis","floor":4},{"not_picked":["ReplayTheSpireMod:Trickstab","Bomb"],"picked":"Finesse","floor":4},{"not_picked":["Mayhem","Bandage Up"],"picked":"Flash of Steel","floor":4},{"not_picked":["ShyLook","Scorched"],"picked":"SpiderBud","floor":5},{"not_picked":["ShatteredReality","FastForward"],"picked":"SilverBlades","floor":5},{"not_picked":["WallGazer","GreedKing"],"picked":"CherryBlossoms","floor":6},{"not_picked":["Alleviate","Defy"],"picked":"Ricochet","floor":6}],"player_experience":11913,"relics_obtained":[{"floor":6,"key":"Replay:Bottled Snecko"},{"floor":9,"key":"TheBean"}],"event_choices":[{"damage_healed":0,"gold_gain":75,"player_choice":"Gather Gold","damage_taken":11,"max_hp_gain":0,"max_hp_loss":0,"event_name":"World of Goop","floor":2,"gold_loss":0},{"damage_healed":0,"gold_gain":175,"player_choice":"AGREE","damage_taken":0,"max_hp_gain":0,"max_hp_loss":0,"event_name":"Liars Game","floor":3,"gold_loss":0,"cards_obtained":["Doubt"]}],"is_beta":false,"boss_relics":[],"items_purged_floors":[4],"is_endless":false,"potions_floor_spawned":[1],"killed_by":"Lagavulin","ascension_level":0}}