{"host":"cz96naaoibjp08st","time":1613470432,"event":{"mods":["Act Like it!","BaseMod","BetterRewards","GifTheSpireLib","Minty Spire (QoL Compilation)","Replay The Spire","Shop Mod","StSLib"],"gold_per_floor":[114,214,1,1,14,39,39,56,109,109,124,124,142,142,142,247,247,265,540,550,569,586,601,193,193,216,249,264,280,280,123,123,226,226,239,284,87,87,87,87,116,116,116,128,138,138,138,168,168,168],"floor_reached":51,"language":"ZHS","playtime":2142,"items_purged":["Strike_G","Regret","Pain"],"score":800,"play_id":"6a2d1034-a0d5-4ec3-a39a-5e7587f6a4ff","local_time":"20210216181352","is_ascension_mode":false,"campfire_choices":[{"data":"Poison Darts","floor":7,"key":"SMITH"},{"data":"Sucker Punch","floor":12,"key":"SMITH"},{"data":"Neutralize","floor":15,"key":"SMITH"},{"data":"Wraith Form v2","floor":30,"key":"SMITH"},{"floor":32,"key":"REST"},{"data":"Catalyst","floor":40,"key":"SMITH"},{"data":"Adrenaline","floor":42,"key":"SMITH"},{"data":"PiercingWail","floor":47,"key":"SMITH"},{"data":"Survivor","floor":49,"key":"SMITH"}],"circlet_count":0,"master_deck":["Strike_G","Strike_G","Strike_G+1","Strike_G","Defend_G","Defend_G","Defend_G","Defend_G","Defend_G","Survivor+1","Neutralize+1","Cloak And Dagger","Adrenaline+1","Sucker Punch+1","Poison Darts+1","Cloak And Dagger","Toxin Wave+1","Wraith Form v2+1","Draining Mist+1","Backflip","Catalyst+1","PiercingWail+1","Pot Of Greed","Pot Of Greed","Pot Of Greed","ReplayTheSpireMod:Necrosis","Deadly Poison+1","Catalyst+1"],"relics":["Painkiller Herb","NlothsMask","Pen Nib","Oddly Smooth Stone","Sozu","Centennial Puzzle","Pet Ghost","WarpedTongs","ReplayFunnel","Paper Crane","Grinning Jar","SlaversCollar","Turnip","Gremlin Food","ReplayTheSpireMod:Shallot","Bottled Tornado"],"acts_visited":["Exordium","TheCity","TheBeyond"],"potions_floor_usage":[16,33],"damage_taken":[{"damage":0,"enemies":"2 Louse","floor":1,"turns":3},{"damage":0,"enemies":"Cultist","floor":5,"turns":4},{"damage":3,"enemies":"Replay:BlueRogue","floor":6,"turns":9},{"damage":0,"enemies":"Small Slimes","floor":8,"turns":2},{"damage":0,"enemies":"Red Slaver","floor":11,"turns":3},{"damage":0,"enemies":"2 Fungi Beasts","floor":13,"turns":3},{"damage":2,"enemies":"Hexaghost","floor":16,"turns":8},{"damage":0,"enemies":"Chosen","floor":18,"turns":4},{"damage":4,"enemies":"Shell Parasite","floor":20,"turns":3},{"damage":1,"enemies":"Snake Plant","floor":21,"turns":4},{"damage":6,"enemies":"3 Cultists","floor":22,"turns":6},{"damage":9,"enemies":"Sentry and Sphere","floor":23,"turns":4},{"damage":22,"enemies":"Slavers","floor":27,"turns":7},{"damage":0,"enemies":"Snecko","floor":28,"turns":2},{"damage":0,"enemies":"Chosen and Byrds","floor":29,"turns":4},{"damage":48,"enemies":"Collector","floor":33,"turns":12},{"damage":3,"enemies":"Orb Walker","floor":35,"turns":3},{"damage":19,"enemies":"2 Orb Walkers","floor":36,"turns":8},{"damage":9,"enemies":"R_Hoarder","floor":41,"turns":3},{"damage":0,"enemies":"3 Shapes","floor":44,"turns":4},{"damage":0,"enemies":"Maw","floor":45,"turns":5},{"damage":2,"enemies":"Nemesis","floor":48,"turns":5},{"damage":7,"enemies":"Time Eater","floor":50,"turns":10}],"seed_played":"-5632279374981560060","potions_obtained":[{"floor":5,"key":"Languid Potion"},{"floor":6,"key":"Energy Potion"},{"floor":16,"key":"Block Potion"}],"is_trial":false,"path_per_floor":["?","?","T","?","?","E","T","?","T","?","?","T","?","?","T","B",null,"?","?","?","?","?","?","T","?","T","E","?","?","T","T","T","B",null,"?","?","T","?","?","T","E","T","T","?","?","T","T","E","T","B",null],"character_chosen":"THE_SILENT","items_purchased":["Adrenaline","Centennial Puzzle","Pet Ghost","Grinning Jar","Catalyst"],"campfire_rested":1,"item_purchase_floors":[3,24,24,31,37],"current_hp_per_floor":[70,70,70,70,70,67,67,67,67,64,64,64,64,50,50,48,70,70,70,66,65,59,50,50,50,50,28,28,28,28,28,49,1,70,67,48,48,48,66,66,57,57,57,57,57,57,57,55,55,48],"gold":168,"neow_bonus":"BOSS_RELIC","is_daily":false,"chose_seed":false,"campfire_upgraded":8,"win_rate":0.0,"timestamp":1613470432,"path_taken":["?","?","?","?","?","E","T","?","T","?","?","T","?","?","T","BOSS","?","?","?","?","?","?","T","?","T","E","?","?","T","T","T","BOSS","?","?","T","?","?","T","E","T","T","?","?","T","T","E","T","BOSS"],"items_purchased_type":["Card","Relic","Relic","Relic","Card"],"build_version":"2020-12-22","purchased_purges":3,"victory":true,"max_hp_per_floor":[70,70,70,70,70,70,70,70,70,70,70,70,70,70,70,70,70,70,70,70,70,70,70,70,70,70,70,70,70,70,70,70,70,70,70,70,70,66,66,66,66,66,66,66,66,66,66,66,66,66],"card_choices":[{"not_picked":["Outmaneuver","Blade Dance"],"picked":"Cloak And Dagger","floor":1},{"not_picked":["Acrobatics","Underhanded Strike"],"picked":"Sucker Punch","floor":5},{"not_picked":["Deflect","Backflip"],"picked":"Poison Darts","floor":6},{"not_picked":["Dagger Throw","Deflect"],"picked":"Cloak And Dagger","floor":8},{"not_picked":["Storm of Steel","Skewer","Prepared"],"picked":"SKIP","floor":11},{"not_picked":["Dodge and Roll","Sneak Up"],"picked":"Toxin Wave","floor":13},{"not_picked":["Glass Knife","Phantasmal Killer"],"picked":"Wraith Form v2","floor":16},{"not_picked":["Underhanded Strike","Dagger Spray","Finisher"],"picked":"SKIP","floor":18},{"not_picked":["Tactician","Acrobatics+1","Quick Slash"],"picked":"SKIP","floor":20},{"not_picked":["ReplayTheSpireMod:Scrap Shanks","Expertise"],"picked":"Draining Mist+1","floor":21},{"not_picked":["Quick Slash","Dagger Throw+1"],"picked":"Backflip","floor":22},{"not_picked":["Distraction+1","Outmaneuver+1"],"picked":"Catalyst+1","floor":23},{"not_picked":["Dagger Spray+1","Bane"],"picked":"ReplayTheSpireMod:Exploit Weakness","floor":27},{"not_picked":["Setup","Outmaneuver"],"picked":"PiercingWail","floor":28},{"not_picked":["Terror","Outmaneuver","Bane"],"picked":"SKIP","floor":29},{"not_picked":["Envenom","A Thousand Cuts"],"picked":"ReplayTheSpireMod:Necrosis","floor":33},{"not_picked":["Flying Knee+1","Sucker Punch","Tactician"],"picked":"SKIP","floor":35},{"not_picked":["Calculated Gamble+1","Prepared+1"],"picked":"Deadly Poison+1","floor":36},{"not_picked":["Bullet Time","Riddle With Holes","Underhanded Strike"],"picked":"SKIP","floor":41},{"not_picked":["Infinite Blades+1","Poisoned Stab","Escape Plan+1"],"picked":"SKIP","floor":44},{"not_picked":["Prepared","Blade Dance","Terror"],"picked":"SKIP","floor":45},{"not_picked":["Dagger Spray+1","Acrobatics+1","Poisoned Stab"],"picked":"SKIP","floor":48}],"player_experience":290176,"relics_obtained":[{"floor":6,"key":"Pen Nib"},{"floor":26,"key":"ReplayFunnel"},{"floor":27,"key":"Paper Crane"},{"floor":36,"key":"Turnip"},{"floor":41,"key":"Gremlin Food"},{"floor":43,"key":"ReplayTheSpireMod:Shallot"},{"floor":48,"key":"Bottled Tornado"}],"event_choices":[{"damage_healed":0,"gold_gain":100,"player_choice":"Gold","damage_taken":0,"max_hp_gain":0,"max_hp_loss":0,"event_name":"Wheel of Change","floor":2,"gold_loss":0},{"damage_healed":0,"gold_gain":0,"player_choice":"Trade","damage_taken":0,"relics_obtained":["NlothsMask"],"max_hp_gain":0,"max_hp_loss":0,"event_name":"FaceTrader","floor":4,"gold_loss":0},{"damage_healed":0,"gold_gain":0,"player_choice":"Success","damage_taken":3,"relics_obtained":["Oddly Smooth Stone"],"max_hp_gain":0,"max_hp_loss":0,"event_name":"Scrap Ooze","floor":10,"gold_loss":0},{"damage_healed":0,"gold_gain":0,"player_choice":"Entered Light","damage_taken":14,"max_hp_gain":0,"max_hp_loss":0,"event_name":"Shining Light","floor":14,"gold_loss":0,"cards_upgraded":["Strike_G","Toxin Wave"]},{"damage_healed":0,"gold_gain":275,"player_choice":"Desecrate","damage_taken":0,"max_hp_gain":0,"max_hp_loss":0,"event_name":"Golden Shrine","floor":19,"gold_loss":0,"cards_obtained":["Regret"]},{"damage_healed":0,"gold_gain":0,"player_choice":"Rummage","damage_taken":0,"relics_obtained":["WarpedTongs"],"max_hp_gain":0,"max_hp_loss":0,"event_name":"Accursed Blacksmith","floor":25,"gold_loss":0,"cards_obtained":["Pain"]},{"damage_healed":0,"gold_gain":0,"player_choice":"Fight","damage_taken":0,"max_hp_gain":0,"max_hp_loss":0,"event_name":"Mysterious Sphere","floor":36,"gold_loss":0},{"damage_healed":0,"gold_gain":0,"player_choice":"Max HP","damage_taken":0,"max_hp_gain":0,"max_hp_loss":4,"event_name":"Winding Halls","floor":38,"gold_loss":0},{"cards_removed":["ReplayTheSpireMod:Exploit Weakness"],"damage_healed":18,"gold_gain":0,"player_choice":"Offered Uncommon","damage_taken":0,"max_hp_gain":0,"max_hp_loss":0,"event_name":"Bonfire Elementals","floor":39,"gold_loss":0}],"is_beta":false,"boss_relics":[{"not_picked":["Runic Dome","Ring of Chaos"],"picked":"Sozu"},{"not_picked":["Snecko Scales","Busted Crown"],"picked":"SlaversCollar"}],"items_purged_floors":[3,24,37],"is_endless":false,"potions_floor_spawned":[5,6,16,20,21,23,29,35,36,44],"ascension_level":0}}