{"host":"or8fr2mp0k3eluj8","time":1613487627,"event":{"mods":["AchievementEnabler","BaseMod","Colored Map","DeckTracker","Minty Spire (QoL Compilation)","StSLib","SuperFastMode"],"gold_per_floor":[109,109,128,92,92,117,133,165,165,165,185,198,214,249,249,354,354,370,382,382,307,3,3,36,36,36,67,67,102,116,150,150,247,247,262,262,289,307,320,320,320,651,700,725,725,750,761,84,84,84,84,84,84,118,118],"floor_reached":56,"language":"KOR","playtime":1751,"items_purged":["Doubt"],"score":1642,"play_id":"c7e235a7-372e-4a29-adaf-03b9674bae73","local_time":"20210217000027","is_ascension_mode":true,"campfire_choices":[{"data":"Evolve","floor":10,"key":"SMITH"},{"data":"Rage","floor":15,"key":"SMITH"},{"data":"Perfected Strike","floor":23,"key":"SMITH"},{"data":"Second Wind","floor":25,"key":"SMITH"},{"floor":32,"key":"REST"},{"floor":40,"key":"REST"},{"floor":49,"key":"RECALL"},{"data":"Impervious","floor":52,"key":"SMITH"}],"circlet_count":0,"master_deck":["Strike_R","Strike_R","Strike_R","Strike_R","Strike_R+1","Defend_R","Defend_R","Defend_R","Bash+1","Perfected Strike+1","Armaments","Evolve+1","Headbutt","Pommel Strike","Rage+1","Perfected Strike+1","Shrug It Off","Impervious+1","Second Wind+1","Fire Breathing+1","Corruption+1","Shrug It Off+1","Demon Form+1","Havoc","Pummel+1","Wild Strike+1","True Grit","Clothesline+1","Cleave"],"relics":["Burning Blood","NeowsBlessing","Bronze Scales","Frozen Egg 2","Bag of Preparation","MealTicket","Thread and Needle","SlaversCollar","Enchiridion","Lantern","PreservedInsect","TungstenRod","Magic Flower","Pantograph","Gremlin Horn","Ice Cream","Anchor","Busted Crown","Old Coin","Whetstone","Eternal Feather","FossilizedHelix","Kunai","Centennial Puzzle","Strange Spoon","Dead Branch"],"acts_visited":["Exordium","TheCity","TheBeyond","TheEnding"],"potions_floor_usage":[29,55,55],"damage_taken":[{"damage":0,"enemies":"Jaw Worm","floor":1,"turns":1},{"damage":0,"enemies":"Cultist","floor":3,"turns":1},{"damage":0,"enemies":"Gremlin Nob","floor":6,"turns":1},{"damage":4,"enemies":"Small Slimes","floor":7,"turns":2},{"damage":20,"enemies":"3 Sentries","floor":8,"turns":8},{"damage":11,"enemies":"Blue Slaver","floor":11,"turns":3},{"damage":13,"enemies":"Exordium Wildlife","floor":12,"turns":3},{"damage":5,"enemies":"Looter","floor":13,"turns":2},{"damage":25,"enemies":"Lagavulin","floor":14,"turns":6},{"damage":24,"enemies":"Hexaghost","floor":16,"turns":7},{"damage":14,"enemies":"3 Byrds","floor":18,"turns":3},{"damage":20,"enemies":"Shell Parasite","floor":19,"turns":5},{"damage":0,"enemies":"Gremlin Leader","floor":24,"turns":3},{"damage":19,"enemies":"Book of Stabbing","floor":27,"turns":4},{"damage":31,"enemies":"Gremlin Leader","floor":29,"turns":5},{"damage":12,"enemies":"Shelled Parasite and Fungi","floor":30,"turns":7},{"damage":2,"enemies":"Slavers","floor":31,"turns":4},{"damage":1,"enemies":"Collector","floor":33,"turns":6},{"damage":26,"enemies":"3 Darklings","floor":35,"turns":5},{"damage":0,"enemies":"3 Shapes","floor":38,"turns":3},{"damage":68,"enemies":"Transient","floor":39,"turns":5},{"damage":32,"enemies":"Reptomancer","floor":42,"turns":4},{"damage":13,"enemies":"Giant Head","floor":44,"turns":7},{"damage":41,"enemies":"Reptomancer","floor":46,"turns":5},{"damage":0,"enemies":"4 Shapes","floor":47,"turns":2},{"damage":37,"enemies":"Time Eater","floor":50,"turns":8},{"damage":22,"enemies":"Shield and Spear","floor":54,"turns":5},{"damage":124,"enemies":"The Heart","floor":55,"turns":9}],"seed_played":"-363601415718797194","potions_obtained":[{"floor":6,"key":"Block Potion"},{"floor":7,"key":"Ancient Potion"},{"floor":16,"key":"Energy Potion"},{"floor":29,"key":"PowerPotion"},{"floor":39,"key":"Energy Potion"},{"floor":47,"key":"BloodPotion"}],"is_trial":false,"path_per_floor":["M","?","M","$","?","E","M","E","T","R","M","M","M","E","R","B",null,"M","M","?","?","$","R","E","R","T","E","T","E","M","E","R","B",null,"M","?","T","M","M","R","?","E","T","E","?","E","M","$","R","B",null,"R","$","E","B",null],"character_chosen":"IRONCLAD","items_purchased":["Evolve","Lantern","PreservedInsect","Kunai","Centennial Puzzle","Strange Spoon","BloodPotion"],"campfire_rested":2,"item_purchase_floors":[4,22,22,48,48,48,48],"current_hp_per_floor":[80,62,68,68,68,74,76,62,62,62,57,50,51,32,32,14,80,72,58,42,42,57,57,63,63,63,53,53,31,28,35,59,80,80,63,63,63,72,13,37,37,14,14,10,80,48,57,72,80,52,80,80,80,67,13],"gold":118,"neow_bonus":"THREE_ENEMY_KILL","is_daily":false,"chose_seed":false,"campfire_upgraded":5,"win_rate":0.0,"timestamp":1613487627,"path_taken":["M","?","M","$","?","E","?","E","T","R","M","M","M","E","R","BOSS","M","M","?","?","$","R","E","R","T","E","?","E","M","E","R","BOSS","M","?","?","M","M","R","?","E","T","E","?","E","?","$","R","BOSS","R","$","E","BOSS"],"items_purchased_type":["Card","Relic","Relic","Relic","Relic","Relic","Potion"],"build_version":"2020-12-22","purchased_purges":1,"victory":true,"max_hp_per_floor":[80,80,80,80,80,80,80,80,80,80,80,80,80,80,80,80,80,80,80,80,80,80,80,80,80,80,80,80,80,80,80,80,80,80,80,80,80,80,80,80,80,80,80,80,80,80,80,80,80,80,80,80,80,80,80],"card_choices":[{"not_picked":["Pommel Strike","Dual Wield"],"picked":"Perfected Strike","floor":1},{"not_picked":["True Grit","Sword Boomerang"],"picked":"Armaments","floor":3},{"not_picked":["Rupture+1","Heavy Blade","Thunderclap"],"picked":"SKIP","floor":6},{"not_picked":["Metallicize+1","Flex"],"picked":"Headbutt","floor":7},{"not_picked":["Sword Boomerang","Feed"],"picked":"Pommel Strike","floor":8},{"not_picked":["Sentinel","Heavy Blade","Havoc"],"picked":"SKIP","floor":11},{"not_picked":["Carnage","Metallicize+1"],"picked":"Rage","floor":12},{"not_picked":["Cleave","Pommel Strike"],"picked":"Perfected Strike","floor":13},{"not_picked":["Flex","Flame Barrier"],"picked":"Shrug It Off","floor":14},{"not_picked":["Exhume","Double Tap"],"picked":"Impervious","floor":16},{"not_picked":["Headbutt","Burning Pact"],"picked":"Second Wind","floor":18},{"not_picked":["Iron Wave","Warcry"],"picked":"Fire Breathing+1","floor":19},{"not_picked":["Sword Boomerang","Entrench"],"picked":"Corruption+1","floor":24},{"not_picked":["Entrench+1","Heavy Blade","Havoc"],"picked":"SKIP","floor":27},{"not_picked":["Pummel","Flex","Carnage"],"picked":"SKIP","floor":29},{"not_picked":["Flex","Rupture+1"],"picked":"Shrug It Off+1","floor":30},{"not_picked":["Infernal Blade","Impervious","Havoc"],"picked":"SKIP","floor":31},{"not_picked":["Corruption+1","Impervious"],"picked":"Demon Form+1","floor":33},{"not_picked":[],"picked":"Havoc","floor":35},{"not_picked":[],"picked":"Pummel+1","floor":38},{"not_picked":["Havoc"],"picked":"SKIP","floor":39},{"not_picked":[],"picked":"Wild Strike+1","floor":42},{"not_picked":["Headbutt"],"picked":"SKIP","floor":44},{"not_picked":[],"picked":"True Grit","floor":46},{"not_picked":[],"picked":"Clothesline+1","floor":47},{"not_picked":[],"picked":"Cleave","floor":54}],"player_experience":385089,"relics_obtained":[{"floor":6,"key":"Frozen Egg 2"},{"floor":8,"key":"Bag of Preparation"},{"floor":9,"key":"MealTicket"},{"floor":14,"key":"Thread and Needle"},{"floor":20,"key":"Enchiridion"},{"floor":24,"key":"TungstenRod"},{"floor":26,"key":"Magic Flower"},{"floor":27,"key":"Pantograph"},{"floor":28,"key":"Gremlin Horn"},{"floor":29,"key":"Ice Cream"},{"floor":31,"key":"Anchor"},{"floor":42,"key":"Old Coin"},{"floor":43,"key":"Whetstone"},{"floor":44,"key":"Eternal Feather"},{"floor":46,"key":"FossilizedHelix"},{"floor":54,"key":"Dead Branch"}],"event_choices":[{"damage_healed":0,"gold_gain":0,"player_choice":"Success","damage_taken":18,"relics_obtained":["Bronze Scales"],"max_hp_gain":0,"max_hp_loss":0,"event_name":"Scrap Ooze","floor":2,"gold_loss":0},{"damage_healed":0,"gold_gain":0,"player_choice":"Upgraded","damage_taken":0,"max_hp_gain":0,"max_hp_loss":0,"event_name":"Upgrade Shrine","floor":5,"gold_loss":0,"cards_upgraded":["Perfected Strike"]},{"damage_healed":0,"gold_gain":0,"player_choice":"Obtained Book","damage_taken":16,"max_hp_gain":0,"max_hp_loss":0,"event_name":"Cursed Tome","floor":20,"gold_loss":0},{"cards_removed":["Defend_R"],"damage_healed":0,"gold_gain":0,"player_choice":"Gave Gold","damage_taken":0,"max_hp_gain":0,"max_hp_loss":0,"event_name":"Beggar","floor":21,"gold_loss":75},{"damage_healed":0,"gold_gain":0,"player_choice":"Memory 1","damage_taken":0,"max_hp_gain":0,"max_hp_loss":0,"event_name":"SensoryStone","floor":36,"gold_loss":0},{"damage_healed":0,"gold_gain":0,"player_choice":"Ignored","damage_taken":0,"max_hp_gain":0,"max_hp_loss":0,"event_name":"The Moai Head","floor":41,"gold_loss":0},{"damage_healed":70,"gold_gain":0,"player_choice":"Heal","damage_taken":0,"max_hp_gain":0,"max_hp_loss":0,"event_name":"MindBloom","floor":45,"gold_loss":0,"cards_obtained":["Doubt"]}],"is_beta":false,"boss_relics":[{"not_picked":["Astrolabe","Fusion Hammer"],"picked":"SlaversCollar"},{"not_picked":["Empty Cage","Tiny House"],"picked":"Busted Crown"}],"items_purged_floors":[48],"is_endless":false,"potions_floor_spawned":[6,7,16,18,19,29,35,39,46,47],"ascension_level":4}}