{"host":"whe4vf9w0yuhsr02","time":1613469634,"event":{"mods":["Act Like it!","Ascension Reborn","BaseMod","Bestiary","Better Altar","Better Match","Better Note","Better Sensory Stone","Better Skull","Better Third Choice","Colored Map","Dark Map","Hallownest","Hermit","Highlight Path","Hubris","Lobotomy","LobotomyExtend","Minty Spire (QoL Compilation)","Poor People Problems","Quick Restart","Replay The Spire","StSLib","The Animator","The Bug Knight","The Judge","The Jungle","The Necromancer","everything is the same but u backflip on backflip"],"gold_per_floor":[114,130,305,316,316,316,39,52,97,128,128,128,138,63,63,160,160,173,4,4,228,242,242,262,289,314,340,29,29,39,39,310,415,415,431,128,139,156,156,156,189,204,204,234,33,33,33,33,89,89,89,89,89,89,89,41,70,70],"floor_reached":59,"language":"ENG","playtime":2838,"items_purged":["Doubt","Strike_W","Strike_W","Blood_Whip"],"score":1356,"play_id":"2e20f72b-c8ad-4762-8e95-a574eed668c2","local_time":"20210216120034","is_ascension_mode":true,"campfire_choices":[{"data":"Summon_Death_Knight","floor":6.0,"key":"SMITH"},{"data":"Defend_W","floor":12.0,"key":"SMITH"},{"floor":15.0,"key":"DIG"},{"data":"Summon_Undead_Army","floor":23.0,"key":"SMITH"},{"floor":40.0,"key":"RECALL"},{"data":"Summon_Lich","floor":46,"key":"SMITH"},{"data":"Defend_W","floor":55,"key":"SMITH"}],"circlet_count":0,"master_deck":["Defend_W+2","Defend_W","Defend_W","Defend_W","Bone_Wall","Summon_Death_Knight+1","Stop_Heart","Summon_Lich+1","Pandemic","Hellfire","Slay_Living+1","Summon_Vampire_Lady","Spectral_Walk","Summon_Undead_Army+1","Toxic_Smoke_Screen","Siphon_Strength+1","Summon_Undead_Army+1","Summon_Vampire_Lady","Uncharnel+1","Stop_Heart+1","Slay_Living+1","Plague_Bolt+1","Bone_Prison","Grasp_Heart+1","Siphon_Strength","Siphon_Strength","Consume_Illness","Shackles_Of_Pain+1"],"relics":["Vampire_Amulet","LetterFromLob","Lantern","ReplayTheSpireMod:Lightbulb","Simple Rune","hubris:SphereOfDissonance","Blood Vial","Bag of Marbles","Coffee Dripper","Hallownest:NailmastersGloryRelic","Replay:Bottled Eggs","hubris:SlimyHat","Orichalcum","Replay:Rubber Ducky","Astrolabe","Replay:Baseball","Art of War","Replay:Wax Seal","Whetstone","hubris:CuriousFeather","hubris:DeckOfHolding","Nunchaku"],"acts_visited":["Exordium","Exordium","Hallownest:CityofTears","TheEnding"],"potions_floor_usage":[44,49,52,57,58],"damage_taken":[{"damage":10.0,"enemies":"Small Slimes","floor":1.0,"turns":3.0},{"damage":1.0,"enemies":"Cultist","floor":2.0,"turns":3.0},{"damage":7.0,"enemies":"Jaw Worm","floor":4.0,"turns":4.0},{"damage":3.0,"enemies":"Blue Slaver","floor":8.0,"turns":4.0},{"damage":16.0,"enemies":"Gremlin Nob","floor":10.0,"turns":5.0},{"damage":5.0,"enemies":"Lots of Slimes","floor":13.0,"turns":3.0},{"damage":9.0,"enemies":"The Guardian","floor":16.0,"turns":8.0},{"damage":13.0,"enemies":"Hallownest:Guard_and_Sentry","floor":18.0,"turns":5.0},{"damage":5.0,"enemies":"Hallownest:3_Youths","floor":22.0,"turns":6.0},{"damage":25.0,"enemies":"Hallownest:2_Husk_Sentries","floor":24.0,"turns":4.0},{"damage":4.0,"enemies":"Hallownest:eliteSoulWarrior","floor":25.0,"turns":4.0},{"damage":4.0,"enemies":"Hallownest:eliteWatcherKnight","floor":27.0,"turns":13.0},{"damage":0.0,"enemies":"Hallownest:monsterMisterMushroom","floor":30.0,"turns":4.0},{"damage":5.0,"enemies":"Hallownest:BossGrimm","floor":33.0,"turns":8.0},{"damage":4.0,"enemies":"Hallownest:3_Siblings","floor":35.0,"turns":8.0},{"damage":15.0,"enemies":"Hallownest:2_Littles","floor":37.0,"turns":6.0},{"damage":0.0,"enemies":"Hallownest:2_Great","floor":38.0,"turns":4.0},{"damage":0.0,"enemies":"Hallownest:eliteHiveKnight","floor":41.0,"turns":7.0},{"damage":0,"enemies":"Hallownest:2_Wandering_and_1_Horned","floor":42,"turns":6},{"damage":15,"enemies":"Hallownest:StalkingDevout","floor":44,"turns":5},{"damage":84,"enemies":"Hallownest:2_Primals","floor":49,"turns":6},{"damage":0,"enemies":"Hallownest:Radiance","floor":52,"turns":8},{"damage":60,"enemies":"Shield and Spear","floor":57,"turns":7},{"damage":57,"enemies":"The Heart","floor":58,"turns":10}],"seed_played":"1789429029056531258","potions_obtained":[{"floor":4.0,"key":"Energy Potion"},{"floor":8.0,"key":"Reflective Coating"},{"floor":10.0,"key":"Block Potion"},{"floor":16.0,"key":"AttackPotion"},{"floor":18.0,"key":"Dexterity Potion"},{"floor":24.0,"key":"Block Potion"},{"floor":30.0,"key":"DuplicationPotion"},{"floor":35.0,"key":"Adrenaline Potion"},{"floor":44,"key":"Venom Potion"},{"floor":49,"key":"GamblersBrew"}],"is_trial":false,"path_per_floor":["M","M","?","M","?","R","$","M","T","E","?","R","M","$","R_BF","B",null,"M","$","?","?","M","R","M","E","T","E","$","?","M","?","R_BF","B",null,"M","$","M","M","?","R","E","M","T","E","$","R","PTL","PTL","?","T","R_BF","B",null,null,"R","$","E","B",null],"character_chosen":"NECROMANCER","items_purchased":["ReplayTheSpireMod:Lightbulb","Summon_Lich","Summon_Undead_Army","Replay:Rubber Ducky","Summon_Undead_Army","Replay:Baseball","Whetstone","Siphon_Strength","BlessingOfTheForge"],"campfire_rested":0,"item_purchase_floors":[7,7,19,28,28,36,45,45,56],"current_hp_per_floor":[69,70,70,65,65,65,65,64,64,50,38,38,45,45,45,40,75,72,72,72,37,49,49,36,36,36,62,62,62,75,75,75,75,75,75,75,72,75,75,75,75,75,75,75,75,75,75,75,16,16,38,75,75,75,75,75,43,41],"gold":70,"neow_bonus":"ONE_RANDOM_RARE_CARD","is_daily":false,"chose_seed":false,"campfire_upgraded":5,"win_rate":0.0,"timestamp":1613469634,"path_taken":["M","M","?","M","?","R","$","?","T","E","?","R","M","$","R_BF","BOSS","M","$","?","?","M","R","?","E","T","E","?","?","M","?","R_BF","BOSS","M","$","M","M","?","R","E","M","T","E","$","R","PTL","PTL","?","?","R_BF","BOSS","R","$","E","BOSS"],"items_purchased_type":["Relic","Card","Card","Relic","Card","Relic","Relic","Card","Potion"],"build_version":"2020-12-22","purchased_purges":4,"victory":true,"max_hp_per_floor":[75,75,75,75,75,75,75,75,75,75,75,75,75,75,75,75,75,75,75,75,75,75,75,75,75,75,75,75,75,75,75,75,75,75,75,75,75,75,75,75,75,75,75,75,75,75,75,75,75,75,75,75,75,75,75,75,75,75],"card_choices":[{"not_picked":["Scare","Bones_to_Steel"],"picked":"Stop_Heart","floor":1.0},{"not_picked":["Scare","Necromantic_Selection"],"picked":"Blood_Whip","floor":2.0},{"not_picked":["Blood_Shield","Blood_Curse","Bone_Bullets"],"picked":"SKIP","floor":4.0},{"not_picked":["Toxic_Smoke_Screen","Thousand_Bone_Knives"],"picked":"Pandemic","floor":8.0},{"not_picked":["Death_Knell","Negative_Energy_Sphere"],"picked":"Hellfire","floor":10.0},{"not_picked":["Negative_Energy_Mist","Plague_Bolt"],"picked":"Slay_Living","floor":13.0},{"not_picked":["Reap_The_Weak","Requiem"],"picked":"Summon_Vampire_Lady","floor":16.0},{"not_picked":["Bones_to_Steel","Blood_Whip"],"picked":"Spectral_Walk","floor":18.0},{"not_picked":["Bone_Spikes","Bone_Bullets+1","Bones_to_Steel"],"picked":"SKIP","floor":22.0},{"not_picked":["Finger_Of_Death","Flesh_Made_Foul"],"picked":"Toxic_Smoke_Screen","floor":24.0},{"not_picked":["Shackles_Of_Pain","Scare+1","Negative_Energy_Javelin+1"],"picked":"SKIP","floor":25.0},{"not_picked":["Scare","Reap_The_Weak"],"picked":"Siphon_Strength","floor":27.0},{"not_picked":["Bone_Armor","Necrotic_Claws","Blood_for_Blood"],"picked":"SKIP","floor":30.0},{"not_picked":["Cloudkill","Reap_The_Weak"],"picked":"Summon_Vampire_Lady","floor":33.0},{"not_picked":["Negative_Energy_Shield+1","Shackles_Of_Pain","Scare"],"picked":"SKIP","floor":35.0},{"not_picked":["Epidemic","Slay_Living+1"],"picked":"Plague_Bolt+1","floor":37.0},{"not_picked":["Death_March_Dance","Negative_Energy_Sphere+1","Vampiric_Strike+1"],"picked":"SKIP","floor":38.0},{"not_picked":["Bone_Shift+1","Negative_Energy_Mist+1"],"picked":"Bone_Prison","floor":41.0},{"not_picked":["Negative_Energy_Bomb","Pandemic+1","Bone_Spikes"],"picked":"SKIP","floor":42},{"not_picked":["Negative_Energy_Mist+1","Blood_Is_Power"],"picked":"Grasp_Heart","floor":44},{"not_picked":["Negative_Energy_Sphere+1","Slay_Living"],"picked":"Consume_Illness","floor":49},{"not_picked":["Blood_Whip","Chill_Blood+1"],"picked":"Shackles_Of_Pain+1","floor":57}],"player_experience":488070,"relics_obtained":[{"floor":1.0,"key":"LetterFromLob"},{"floor":9.0,"key":"Simple Rune"},{"floor":10.0,"key":"hubris:SphereOfDissonance"},{"floor":15.0,"key":"Bag of Marbles"},{"floor":25.0,"key":"Replay:Bottled Eggs"},{"floor":26.0,"key":"hubris:SlimyHat"},{"floor":27.0,"key":"Orichalcum"},{"floor":41.0,"key":"Art of War"},{"floor":44,"key":"Replay:Wax Seal"},{"floor":49,"key":"hubris:CuriousFeather"},{"floor":50,"key":"hubris:DeckOfHolding"},{"floor":57,"key":"Nunchaku"}],"event_choices":[{"damage_healed":0.0,"max_hp_gain":0.0,"max_hp_loss":0.0,"gold_gain":175.0,"event_name":"betterThird:BetterSerpent","player_choice":"AGREE","floor":3.0,"gold_loss":0.0,"damage_taken":130.0},{"damage_healed":0.0,"max_hp_gain":0.0,"max_hp_loss":0.0,"gold_gain":0.0,"event_name":"WeMeetAgain","player_choice":"Gave Potion","floor":5.0,"gold_loss":0.0,"damage_taken":0.0,"relics_obtained":["Lantern"]},{"damage_healed":0.0,"max_hp_gain":0.0,"max_hp_loss":0.0,"gold_gain":0.0,"event_name":"betterThird:BetterScrap","player_choice":"Relic ","floor":11.0,"gold_loss":0.0,"damage_taken":12.0,"cards_obtained":["Rupture"]},{"damage_healed":0.0,"max_hp_gain":0.0,"max_hp_loss":0.0,"gold_gain":224.0,"event_name":"betterSkull:BetterSkull","player_choice":"RE GO GO ","floor":21.0,"gold_loss":0.0,"damage_taken":39.0,"cards_upgraded":[],"relics_obtained":["Vajra"]}],"is_beta":false,"boss_relics":[{"not_picked":["hubris:CrackedHourglass","Runic Dome"],"picked":"Coffee Dripper"},{"not_picked":["hubris:GrandSneckoEye","hubris:BlackHole"],"picked":"Astrolabe"}],"items_purged_floors":[14,19,28,36],"is_endless":false,"potions_floor_spawned":[4,8,10,16,18,24,30,35,38,44,49],"ascension_level":0}}