{"host":"qj2ynjh122p6ybyd","time":1613478819,"event":{"mods":["AchievementEnabler","Aspiration","BaseMod","Better Match","Better Note","Highlight Path","Infinite Spire","Minty Spire (QoL Compilation)","Quick Restart","Relic Stats","Reliquary","Replay The Spire","StSLib","SuperFastMode","The Blackbeard","The Gatherer"],"gold_per_floor":[109,109,109,109,122,148,161,161,187,214,226,226,226,5,5,77,77,87,102,102,27,27,78,88,88,88,117,117,128,139,223,223,296,296,312,312,329,329,348,348,362,362,387,387,387,196,212,224,224,224],"floor_reached":51,"language":"RUS","playtime":1536,"items_purged":["Pain"],"score":1213,"play_id":"fc80ce5a-463c-480f-a64a-ddd2975f1336","local_time":"20210216143339","is_ascension_mode":true,"campfire_choices":[{"data":"infinitespire:Oblivion","floor":8,"key":"SMITH"},{"floor":13,"key":"REST"},{"floor":25,"key":"REST"},{"floor":28,"key":"REST"},{"floor":32,"key":"REST"},{"floor":40,"key":"REST"},{"floor":45,"key":"REST"},{"floor":49,"key":"REST"}],"circlet_count":0,"master_deck":["AscendersBane","Strike_B","Strike_B","Strike_B","Strike_B","Defend_B","Defend_B","Defend_B+1","Defend_B","Zap","Dualcast","Hello World+1","infinitespire:Oblivion+1","ReplayTheSpireMod:Calculation Training+1","Heatsinks+1","Coolheaded","Glacier+1","Crystallizer+1","Core Surge","Auto Shields+1","Storm+1","Conserve Battery","Buffer+1","White Noise+1","Beam Cell+1","Self Repair+1","ReplayRNGCard","Static Discharge+1","Storm+1"],"relics":["Cracked Core","NeowsBlessing","Frozen Egg 2","War Paint","reliquary:SilkGlove","Pantograph","Tiny Chest","Busted Crown","WarpedTongs","infinitespire:Lucky Rock","reliquary:LoveEmittingDiode","Question Card","reliquary:TatteredRug","Velvet Choker","reliquary:Vitrine","reliquary:ExpiredCoupon","Centennial Puzzle","Prayer Wheel"],"acts_visited":["Exordium","TheCity","TheBeyond"],"potions_floor_usage":[10,10,16,27,33,41,50],"damage_taken":[{"damage":0,"enemies":"Jaw Worm","floor":1,"turns":1},{"damage":0,"enemies":"2 Louse","floor":5,"turns":1},{"damage":0,"enemies":"Lagavulin","floor":6,"turns":1},{"damage":1,"enemies":"Cultist","floor":7,"turns":3},{"damage":35,"enemies":"Gremlin Nob","floor":10,"turns":5},{"damage":0,"enemies":"Large Slime","floor":11,"turns":5},{"damage":7,"enemies":"Slime Boss","floor":16,"turns":9},{"damage":1,"enemies":"Spheric Guardian","floor":18,"turns":4},{"damage":0,"enemies":"Chosen","floor":19,"turns":5},{"damage":26,"enemies":"Snake Plant","floor":24,"turns":4},{"damage":42,"enemies":"Slavers","floor":27,"turns":6},{"damage":30,"enemies":"Shelled Parasite and Fungi","floor":29,"turns":4},{"damage":4,"enemies":"Centurion and Healer","floor":30,"turns":11},{"damage":30,"enemies":"Collector","floor":33,"turns":10},{"damage":33,"enemies":"3 Darklings","floor":35,"turns":7},{"damage":8,"enemies":"Orb Walker","floor":37,"turns":4},{"damage":0,"enemies":"Spire Growth","floor":39,"turns":6},{"damage":6,"enemies":"Maw","floor":41,"turns":7},{"damage":0,"enemies":"3 Darklings","floor":47,"turns":6},{"damage":36,"enemies":"Spire Growth","floor":48,"turns":4},{"damage":60,"enemies":"infinitespire:MassOfShapes","floor":50,"turns":13}],"seed_played":"-6469801659568758249","potions_obtained":[{"floor":5,"key":"Block Potion"},{"floor":7,"key":"FocusPotion"},{"floor":10,"key":"SpeedPotion"},{"floor":11,"key":"infinitespire:BlackPotion"},{"floor":18,"key":"Weak Potion"},{"floor":27,"key":"Elixir"},{"floor":37,"key":"Strength Potion"},{"floor":41,"key":"Fire Potion"}],"is_trial":false,"path_per_floor":["M","?","?","?","M","E","M","R","T","E","M","?","R","$","R","B",null,"M","M","?","$","?","T","M","R","T","E","R","M","M","?","R","B",null,"M","T","M","?","M","R","M","?","T","T","R","$","M","M","R","B",null],"character_chosen":"DEFECT","items_purchased":["Crystallizer+1","Tiny Chest","Self Repair+1","ReplayTheSpireMod:Fabricate Wheel+1"],"campfire_rested":7,"item_purchase_floors":[14,14,46,46],"current_hp_per_floor":[64,47,47,47,47,47,46,46,46,11,11,34,55,55,71,64,69,68,68,68,68,68,68,42,63,63,21,42,12,8,8,29,24,59,26,26,18,18,18,39,33,33,33,33,54,54,71,45,66,21],"gold":224,"neow_bonus":"THREE_ENEMY_KILL","is_daily":false,"chose_seed":false,"campfire_upgraded":1,"win_rate":0.0,"timestamp":1613478819,"path_taken":["M","?","?","?","?","E","M","R","T","E","M","?","R","?","R","BOSS","M","M","?","?","?","?","?","R","T","E","R","?","M","?","R","BOSS","M","?","M","?","?","R","M","?","T","?","R","?","?","M","R","BOSS"],"items_purchased_type":["Card","Relic","Card","Card"],"build_version":"2020-12-22","purchased_purges":1,"victory":true,"max_hp_per_floor":[71,71,71,71,71,71,71,71,71,71,71,71,71,71,71,71,71,71,71,71,71,71,71,71,71,71,71,71,71,71,71,71,71,71,71,71,71,71,71,71,71,71,71,71,71,71,71,71,71,71],"relic_stats":{"Centennial Puzzle":[6],"Busted Crown":48,"counters":[21,116],"Pantograph":30,"Tiny Chest":3,"Prayer Wheel":2,"War Paint":["ReplayTheSpireMod:Calculation Training","Defend_B"],"Question Card":18,"obtain_stats":[{"reliquary:SilkGlove":9,"reliquary:LoveEmittingDiode":26,"NeowsBlessing":0,"Velvet Choker":34,"reliquary:TatteredRug":31,"infinitespire:Lucky Rock":23,"Frozen Egg 2":3,"War Paint":6,"Question Card":27,"WarpedTongs":20,"reliquary:ExpiredCoupon":43,"Centennial Puzzle":44,"Busted Crown":17,"Pantograph":10,"Tiny Chest":14,"Prayer Wheel":47,"reliquary:Vitrine":36,"Cracked Core":0},{"reliquary:SilkGlove":4,"reliquary:LoveEmittingDiode":10,"NeowsBlessing":0,"Velvet Choker":14,"reliquary:TatteredRug":13,"infinitespire:Lucky Rock":9,"Frozen Egg 2":1,"War Paint":3,"Question Card":11,"WarpedTongs":9,"reliquary:ExpiredCoupon":18,"Centennial Puzzle":18,"Busted Crown":7,"Pantograph":5,"Tiny Chest":6,"Prayer Wheel":19,"reliquary:Vitrine":15,"Cracked Core":0},{"reliquary:SilkGlove":6,"reliquary:LoveEmittingDiode":38,"NeowsBlessing":0,"Velvet Choker":69,"reliquary:TatteredRug":59,"infinitespire:Lucky Rock":34,"Frozen Egg 2":1,"War Paint":3,"Question Card":44,"WarpedTongs":34,"reliquary:ExpiredCoupon":93,"Centennial Puzzle":93,"Busted Crown":25,"Pantograph":11,"Tiny Chest":16,"Prayer Wheel":98,"reliquary:Vitrine":76,"Cracked Core":0}],"WarpedTongs":[80]},"card_choices":[{"not_picked":["Cold Snap","Panic Button"],"picked":"Hello World","floor":1},{"not_picked":["infinitespire:Starlight","Replay:Fractal Strike"],"picked":"infinitespire:Oblivion","floor":2},{"not_picked":["ReplayTheSpireMod:Repulse","Blizzard"],"picked":"ReplayTheSpireMod:Calculation Training","floor":5},{"not_picked":["Redo","Turbo"],"picked":"Heatsinks+1","floor":6},{"not_picked":["Doom and Gloom","Gash"],"picked":"Coolheaded","floor":7},{"not_picked":["Rip and Tear","Gash","Hologram"],"picked":"SKIP","floor":10},{"not_picked":["Beam Cell","Redo"],"picked":"Glacier","floor":11},{"not_picked":["Multi-Cast","Reboot"],"picked":"Core Surge","floor":16},{"not_picked":[],"picked":"Auto Shields+1","floor":18},{"not_picked":["Hologram"],"picked":"SKIP","floor":19},{"not_picked":["ReplayTheSpireMod:Calculation Training"],"picked":"SKIP","floor":24},{"not_picked":["Reboot"],"picked":"SKIP","floor":27},{"not_picked":["Beam Cell","Time Bomb"],"picked":"SKIP","floor":29},{"not_picked":["Leap","Sweeping Beam"],"picked":"SKIP","floor":30},{"not_picked":["Chill"],"picked":"Conserve Battery","floor":31},{"not_picked":["Fission"],"picked":"Buffer+1","floor":33},{"not_picked":["Coolheaded","Blizzard"],"picked":"SKIP","floor":35},{"not_picked":["Lockon","Barrage"],"picked":"SKIP","floor":37},{"not_picked":["Panic Button"],"picked":"White Noise+1","floor":39},{"not_picked":["Panic Button"],"picked":"Beam Cell+1","floor":41},{"not_picked":["Cold Snap","BasicCrystalCard"],"picked":"SKIP","floor":47},{"not_picked":["Rebound","FTL+1"],"picked":"SKIP","floor":47},{"not_picked":["ReplayGash+1"],"picked":"Static Discharge+1","floor":48},{"not_picked":["Leap"],"picked":"Storm+1","floor":48}],"player_experience":388744,"relics_obtained":[{"floor":6,"key":"War Paint"},{"floor":9,"key":"reliquary:SilkGlove"},{"floor":10,"key":"Pantograph"},{"floor":23,"key":"infinitespire:Lucky Rock"},{"floor":26,"key":"reliquary:LoveEmittingDiode"},{"floor":27,"key":"Question Card"},{"floor":31,"key":"reliquary:TatteredRug"},{"floor":36,"key":"reliquary:Vitrine"},{"floor":43,"key":"reliquary:ExpiredCoupon"},{"floor":44,"key":"Centennial Puzzle"}],"event_choices":[{"cards_removed":["Injury"],"damage_healed":0,"gold_gain":0,"player_choice":"Purged","damage_taken":0,"max_hp_gain":0,"max_hp_loss":0,"event_name":"Purifier","floor":4,"gold_loss":0},{"damage_healed":23,"gold_gain":0,"player_choice":"Banana","damage_taken":0,"max_hp_gain":0,"max_hp_loss":0,"event_name":"Big Fish","floor":12,"gold_loss":0},{"damage_healed":0,"gold_gain":0,"player_choice":"Rummage","damage_taken":0,"relics_obtained":["WarpedTongs"],"max_hp_gain":0,"max_hp_loss":0,"event_name":"Accursed Blacksmith","floor":20,"gold_loss":0,"cards_obtained":["Pain"]},{"damage_healed":0,"gold_gain":0,"player_choice":"Read","damage_taken":0,"max_hp_gain":0,"max_hp_loss":0,"event_name":"The Library","floor":22,"gold_loss":0,"cards_obtained":["Storm"]},{"damage_healed":0,"gold_gain":0,"player_choice":"Upgraded","damage_taken":0,"max_hp_gain":0,"max_hp_loss":0,"event_name":"Upgrade Shrine","floor":38,"gold_loss":0,"cards_upgraded":["Hello World"]},{"damage_healed":0,"gold_gain":0,"player_choice":"Ignored","damage_taken":0,"max_hp_gain":0,"max_hp_loss":0,"event_name":"Tomb of Lord Red Mask","floor":42,"gold_loss":0}],"is_beta":false,"boss_relics":[{"not_picked":["Ectoplasm","reliquary:ThirdArm"],"picked":"Busted Crown"},{"not_picked":["reliquary:Craggleroot","aspiration:FutureDiary"],"picked":"Velvet Choker"}],"items_purged_floors":[21],"is_endless":false,"potions_floor_spawned":[5,7,10,11,18,24,27,37,41],"ascension_level":15}}