{"host":"sc0o2qwpf9j16a4i","time":1613483507,"event":{"mods":["AchievementEnabler","BaseMod","BetterRewards","Block Reminder","Colored Map","Colored Powertips","Custom Start","Highlight Path","Minty Spire (QoL Compilation)","Relic Stats"],"gold_per_floor":[114,114,131,35,110,110,110,110,188,220,237,263,283,317,317,419,419,436,436,535,535,535,561,581,592,592,608,638,638,668,688,688,786,786,798,813,813,813,151,151,169,200,255,277,312,340,27,27,27,27],"floor_reached":51,"language":"ENG","playtime":2296,"items_purged":["Regret"],"score":1133,"play_id":"f4994c06-400a-4c04-a7f1-96b96c30577e","local_time":"20210216155147","daily_mods":["Heirloom","Colorless Cards","Terminal"],"is_ascension_mode":false,"campfire_choices":[{"data":"Dagger Spray","floor":6,"key":"SMITH"},{"data":"Neutralize","floor":8,"key":"SMITH"},{"data":"Cloak And Dagger","floor":15,"key":"SMITH"},{"data":"Apotheosis","floor":32,"key":"SMITH"},{"data":"After Image","floor":40,"key":"SMITH"},{"data":"1","floor":49,"key":"LIFT"}],"circlet_count":0,"master_deck":["Strike_G+1","Strike_G+1","Defend_G+1","Defend_G+1","Defend_G+1","Defend_G+1","Survivor+1","Neutralize+1","Cloak And Dagger+1","Dagger Spray+1","Blade Dance+1","Slice+1","Calculated Gamble+1","Cloak And Dagger+1","Calculated Gamble+1","Deflect+1","Blade Dance+1","Apotheosis+1","Sucker Punch+1","Dagger Spray+1","Masterful Stab+1","PiercingWail+1","Ghostly+1","Ghostly+1","Ghostly+1","Ghostly+1","Ghostly+1","Shame","Dark Shackles+1","Footwork+1","Secret Technique+1","Calculated Gamble+1","Calculated Gamble+1","After Image+1","Accuracy+1","Prepared+1","Discovery+1","Backstab+1","Distraction+1","Secret Technique+1"],"relics":["Ring of the Snake","Ginger","Juzu Bracelet","Bronze Scales","Kunai","War Paint","Thread and Needle","Bag of Preparation","Astrolabe","Girya","Enchiridion","Meat on the Bone","InkBottle","Pear","Tingsha","Smiling Mask","Coffee Dripper","Lee\u0027s Waffle","Lantern","White Beast Statue","Torii","CeramicFish","Gremlin Horn","Unceasing Top","Mark of the Bloom"],"acts_visited":["Exordium","TheCity","TheBeyond"],"potions_floor_usage":[18,24,25,42,50,50,50,50,50,50],"damage_taken":[{"damage":0,"enemies":"2 Louse","floor":1,"turns":2},{"damage":0,"enemies":"Cultist","floor":3,"turns":4},{"damage":0,"enemies":"Lagavulin","floor":10,"turns":7},{"damage":0,"enemies":"Jaw Worm","floor":11,"turns":3},{"damage":2,"enemies":"3 Sentries","floor":12,"turns":5},{"damage":0,"enemies":"Large Slime","floor":13,"turns":4},{"damage":0,"enemies":"Gremlin Nob","floor":14,"turns":4},{"damage":36,"enemies":"Slime Boss","floor":16,"turns":10},{"damage":0,"enemies":"Spheric Guardian","floor":18,"turns":4},{"damage":3,"enemies":"Gremlin Leader","floor":23,"turns":6},{"damage":0,"enemies":"3 Byrds","floor":24,"turns":2},{"damage":6,"enemies":"Snecko","floor":25,"turns":6},{"damage":6,"enemies":"Centurion and Healer","floor":27,"turns":6},{"damage":1,"enemies":"Book of Stabbing","floor":28,"turns":6},{"damage":2,"enemies":"Gremlin Leader","floor":30,"turns":8},{"damage":0,"enemies":"Cultist and Chosen","floor":31,"turns":5},{"damage":2,"enemies":"Champ","floor":33,"turns":15},{"damage":0,"enemies":"3 Darklings","floor":35,"turns":4},{"damage":0,"enemies":"3 Shapes","floor":36,"turns":4},{"damage":0,"enemies":"Sphere and 2 Shapes","floor":41,"turns":3},{"damage":0,"enemies":"Giant Head","floor":42,"turns":7},{"damage":0,"enemies":"Maw","floor":44,"turns":5},{"damage":0,"enemies":"Reptomancer","floor":45,"turns":5},{"damage":0,"enemies":"4 Shapes","floor":46,"turns":1},{"damage":10,"enemies":"Donu and Deca","floor":50,"turns":7}],"seed_played":"-2828147847681670589","potions_obtained":[{"floor":14,"key":"LiquidBronze"},{"floor":16,"key":"SpeedPotion"},{"floor":23,"key":"DistilledChaos"},{"floor":27,"key":"SteroidPotion"},{"floor":28,"key":"Strength Potion"},{"floor":41,"key":"EntropicBrew"},{"floor":42,"key":"EssenceOfSteel"}],"is_trial":true,"path_per_floor":["M","?","M","$","?","R","?","R","T","E","M","E","M","E","R","B",null,"M","?","?","?","?","E","M","M","T","M","E","T","E","M","R","B",null,"M","M","?","?","$","R","M","E","T","M","E","M","$","?","R","B",null],"character_chosen":"THE_SILENT","items_purchased":["Blade Dance","Slice","Lee\u0027s Waffle","Lantern","Swift Potion","White Beast Statue","Unceasing Top"],"campfire_rested":0,"item_purchase_floors":[4,4,39,39,39,39,47],"current_hp_per_floor":[68,61,61,61,50,50,50,50,50,50,50,48,48,48,48,12,52,51,24,23,22,6,3,15,18,17,11,20,20,18,18,18,16,19,18,17,16,15,21,20,19,18,17,16,15,14,13,12,11,1],"gold":27,"neow_bonus":"","is_daily":false,"chose_seed":false,"campfire_upgraded":5,"win_rate":0.0,"timestamp":1613483507,"path_taken":["M","?","M","$","?","R","?","R","T","E","M","E","M","E","R","BOSS","M","?","?","?","?","E","M","M","T","M","E","?","E","M","R","BOSS","M","M","?","?","$","R","M","E","T","M","E","M","?","?","R","BOSS"],"items_purchased_type":["Card","Card","Relic","Relic","Potion","Relic","Relic"],"build_version":"2020-12-22","purchased_purges":1,"victory":true,"max_hp_per_floor":[68,67,66,65,64,63,62,61,60,59,58,57,56,55,54,53,52,51,24,23,22,21,20,19,18,17,16,25,24,23,22,21,20,19,18,17,16,15,21,20,19,18,17,16,15,14,13,12,11,10],"relic_stats":{"Lee\u0027s Waffle":7,"Mark of the Bloom":12,"Torii":0,"Gremlin Horn":[4,4],"counters":[25,133],"Astrolabe":["Sucker Punch","Dagger Spray","Masterful Stab"],"CeramicFish":18,"Tingsha":[377],"Juzu Bracelet":0,"Bag of Preparation":[36],"Ginger":[15],"War Paint":["Survivor","Defend_G"],"Smiling Mask":25,"Bronze Scales":[290],"Kunai":[110],"obtain_stats":[{"Lantern":39,"Mark of the Bloom":48,"Torii":42,"Gremlin Horn":45,"CeramicFish":43,"Enchiridion":22,"Juzu Bracelet":2,"Bag of Preparation":14,"Ginger":0,"Smiling Mask":30,"Kunai":9,"InkBottle":26,"Ring of the Snake":0,"Girya":21,"Lee\u0027s Waffle":39,"Pear":28,"Astrolabe":17,"Thread and Needle":12,"Tingsha":29,"War Paint":10,"White Beast Statue":39,"Bronze Scales":7,"Coffee Dripper":34,"Unceasing Top":47,"Meat on the Bone":23},{"Lantern":19,"Mark of the Bloom":24,"Torii":21,"Gremlin Horn":23,"CeramicFish":21,"Enchiridion":9,"Juzu Bracelet":1,"Bag of Preparation":7,"Ginger":0,"Smiling Mask":15,"Kunai":2,"InkBottle":12,"Ring of the Snake":0,"Girya":9,"Lee\u0027s Waffle":19,"Pear":14,"Astrolabe":8,"Thread and Needle":5,"Tingsha":14,"War Paint":3,"White Beast Statue":19,"Bronze Scales":2,"Coffee Dripper":17,"Unceasing Top":24,"Meat on the Bone":10},{"Lantern":105,"Mark of the Bloom":126,"Torii":115,"Gremlin Horn":125,"CeramicFish":115,"Enchiridion":43,"Juzu Bracelet":2,"Bag of Preparation":29,"Ginger":0,"Smiling Mask":77,"Kunai":6,"InkBottle":57,"Ring of the Snake":0,"Girya":43,"Lee\u0027s Waffle":105,"Pear":69,"Astrolabe":39,"Thread and Needle":21,"Tingsha":69,"War Paint":13,"White Beast Statue":105,"Bronze Scales":6,"Coffee Dripper":97,"Unceasing Top":126,"Meat on the Bone":49}],"InkBottle":[52],"Unceasing Top":[0],"Ring of the Snake":[50],"Meat on the Bone":22},"card_choices":[{"not_picked":["Deflect","Purity"],"picked":"Cloak And Dagger","floor":1},{"not_picked":["Madness","Finisher"],"picked":"Dagger Spray","floor":3},{"not_picked":["Purity","Backflip"],"picked":"Calculated Gamble","floor":10},{"not_picked":["Deflect","Slice"],"picked":"Cloak And Dagger","floor":11},{"not_picked":["Bouncing Flask","Poisoned Stab"],"picked":"Calculated Gamble","floor":12},{"not_picked":["Acrobatics","Sadistic Nature"],"picked":"Deflect","floor":13},{"not_picked":["Dodge and Roll","Dagger Throw"],"picked":"Blade Dance","floor":14},{"not_picked":["Panache","Phantasmal Killer"],"picked":"Apotheosis","floor":16},{"not_picked":["Swift Strike","Dagger Spray+1"],"picked":"PiercingWail","floor":18},{"not_picked":["Forethought","Leg Sweep"],"picked":"Dark Shackles","floor":23},{"not_picked":["Slice","Underhanded Strike"],"picked":"Footwork","floor":24},{"not_picked":["Reflex","Sucker Punch","Outmaneuver"],"picked":"SKIP","floor":25},{"not_picked":["Dagger Spray+1","Bouncing Flask","Dagger Throw"],"picked":"SKIP","floor":27},{"not_picked":["Distraction+1","Caltrops"],"picked":"Secret Technique","floor":28},{"not_picked":["Acrobatics","PiercingWail"],"picked":"Calculated Gamble+1","floor":30},{"not_picked":["Sucker Punch","Bane"],"picked":"Calculated Gamble","floor":31},{"not_picked":["Thinking Ahead","Malaise"],"picked":"After Image","floor":33},{"not_picked":["Deadly Poison+1","Madness+1"],"picked":"Accuracy","floor":35},{"not_picked":["Slice","Setup"],"picked":"Prepared","floor":36},{"not_picked":["Catalyst+1","Dagger Throw+1"],"picked":"Discovery+1","floor":41},{"not_picked":["Bane+1","Deep Breath"],"picked":"Backstab+1","floor":42},{"not_picked":["Outmaneuver","Masterful Stab"],"picked":"Distraction+1","floor":44},{"not_picked":["Expertise","Quick Slash","Deadly Poison"],"picked":"SKIP","floor":45},{"not_picked":["Finesse","Discovery"],"picked":"Secret Technique","floor":46}],"player_experience":1441673,"relics_obtained":[{"floor":9,"key":"Kunai"},{"floor":10,"key":"War Paint"},{"floor":12,"key":"Thread and Needle"},{"floor":14,"key":"Bag of Preparation"},{"floor":22,"key":"Enchiridion"},{"floor":23,"key":"Meat on the Bone"},{"floor":26,"key":"InkBottle"},{"floor":28,"key":"Pear"},{"floor":29,"key":"Tingsha"},{"floor":30,"key":"Smiling Mask"},{"floor":42,"key":"Torii"},{"floor":43,"key":"CeramicFish"},{"floor":45,"key":"Gremlin Horn"}],"event_choices":[{"damage_healed":0,"gold_gain":0,"player_choice":"Success","damage_taken":7,"relics_obtained":["Juzu Bracelet"],"max_hp_gain":0,"max_hp_loss":0,"event_name":"Scrap Ooze","floor":2,"gold_loss":0},{"damage_healed":0,"gold_gain":75,"player_choice":"Gather Gold","damage_taken":11,"max_hp_gain":0,"max_hp_loss":0,"event_name":"World of Goop","floor":5,"gold_loss":0},{"damage_healed":0,"gold_gain":0,"player_choice":"Box","damage_taken":0,"relics_obtained":["Bronze Scales"],"max_hp_gain":0,"max_hp_loss":0,"event_name":"Big Fish","floor":7,"gold_loss":0,"cards_obtained":["Regret"]},{"damage_healed":0,"gold_gain":0,"player_choice":"Became a Ghost","damage_taken":0,"max_hp_gain":0,"max_hp_loss":26,"event_name":"Ghosts","floor":19,"gold_loss":0,"cards_obtained":["Ghostly","Ghostly","Ghostly","Ghostly","Ghostly"]},{"damage_healed":0,"gold_gain":99,"player_choice":"Stole From Cult","damage_taken":0,"max_hp_gain":0,"max_hp_loss":0,"event_name":"Nest","floor":20,"gold_loss":0},{"damage_healed":0,"gold_gain":0,"player_choice":"Stole Relic","damage_taken":0,"relics_obtained":["Girya"],"max_hp_gain":0,"max_hp_loss":0,"event_name":"Addict","floor":21,"gold_loss":0,"cards_obtained":["Shame"]},{"damage_healed":0,"gold_gain":0,"player_choice":"Obtained Book","damage_taken":16,"max_hp_gain":0,"max_hp_loss":0,"event_name":"Cursed Tome","floor":22,"gold_loss":0},{"damage_healed":0,"gold_gain":0,"player_choice":"Ignored","damage_taken":0,"max_hp_gain":0,"max_hp_loss":0,"event_name":"Tomb of Lord Red Mask","floor":37,"gold_loss":0},{"cards_removed":["Strike_G"],"damage_healed":0,"gold_gain":0,"player_choice":"Removed Attack","damage_taken":0,"max_hp_gain":0,"max_hp_loss":0,"event_name":"Falling","floor":38,"gold_loss":0},{"damage_healed":0,"gold_gain":0,"player_choice":"Upgrade","damage_taken":0,"relics_obtained":["Mark of the Bloom"],"max_hp_gain":0,"max_hp_loss":0,"event_name":"MindBloom","floor":48,"gold_loss":0,"cards_upgraded":["Strike_G","Strike_G","Defend_G","Defend_G","Defend_G","Cloak And Dagger","Blade Dance","Slice","Calculated Gamble","Calculated Gamble","Deflect","Blade Dance","PiercingWail","Ghostly","Ghostly","Ghostly","Ghostly","Ghostly","Dark Shackles","Footwork","Secret Technique","Calculated Gamble","Accuracy","Prepared","Secret Technique"]}],"is_beta":false,"boss_relics":[{"not_picked":["Pandora\u0027s Box","Velvet Choker"],"picked":"Astrolabe"},{"not_picked":["Ring of the Serpent","Tiny House"],"picked":"Coffee Dripper"}],"items_purged_floors":[39],"is_endless":false,"potions_floor_spawned":[14,16,23,27,28,41,42,44,45,46],"ascension_level":0}}