{"host":"8jwrv7sn1174lfer","time":1613488749,"event":{"mods":["BaseMod","Colored Map","Colored Powertips","Highlight Path","Minty Spire (QoL Compilation)","StSLib"],"gold_per_floor":[216,229,240,86,106,106,133,152,152,174,186,148,190,212,224,313,325,350,362,389,316,340,385,397,409,409],"floor_reached":25,"language":"ENG","playtime":1404,"items_purged":["Strike_R"],"score":400,"play_id":"fc879b0f-fbda-4c3d-8d5d-c9218764ee12","local_time":"20210216101909","is_ascension_mode":true,"campfire_choices":[{"data":"Whirlwind","floor":6,"key":"SMITH"},{"data":"Armaments","floor":11,"key":"SMITH"},{"data":"Barricade","floor":15,"key":"SMITH"}],"circlet_count":0,"master_deck":["AscendersBane","Strike_R","Strike_R","Strike_R","Defend_R","Defend_R","Defend_R","Defend_R","Bash","Ghostly Armor","Sword Boomerang","Armaments+1","Whirlwind+1","Thunderclap","Iron Wave","Reaper","Anger","Inflame","Barricade+1","Feed","Shockwave","Headbutt","Disarm","Decay"],"relics":["Burning Blood","White Beast Statue","MawBank","PreservedInsect","Velvet Choker","The Courier","Bottled Tornado"],"acts_visited":["Exordium","TheCity"],"potions_floor_usage":[5,7,8,10,13,16,16,20,20,22,23,25],"damage_taken":[{"damage":8,"enemies":"2 Louse","floor":1,"turns":5},{"damage":4,"enemies":"Small Slimes","floor":2,"turns":4},{"damage":0,"enemies":"Cultist","floor":3,"turns":4},{"damage":7,"enemies":"Looter","floor":5,"turns":3},{"damage":3,"enemies":"3 Sentries","floor":7,"turns":6},{"damage":24,"enemies":"Large Slime","floor":8,"turns":7},{"damage":13,"enemies":"Red Slaver","floor":10,"turns":6},{"damage":20,"enemies":"Lagavulin","floor":13,"turns":7},{"damage":13,"enemies":"Lots of Slimes","floor":14,"turns":3},{"damage":14,"enemies":"The Guardian","floor":16,"turns":18},{"damage":18,"enemies":"Spheric Guardian","floor":18,"turns":5},{"damage":12,"enemies":"Shell Parasite","floor":20,"turns":3},{"damage":13,"enemies":"Cultist and Chosen","floor":22,"turns":6},{"damage":37,"enemies":"Book of Stabbing","floor":23,"turns":7},{"damage":45,"enemies":"Centurion and Healer","floor":25,"turns":5}],"seed_played":"328308478809177466","potions_obtained":[{"floor":1,"key":"GamblersBrew"},{"floor":3,"key":"Energy Potion"},{"floor":5,"key":"Block Potion"},{"floor":8,"key":"Weak Potion"},{"floor":10,"key":"Fire Potion"},{"floor":13,"key":"FearPotion"},{"floor":14,"key":"Fire Potion"},{"floor":16,"key":"EssenceOfSteel"},{"floor":18,"key":"DuplicationPotion"},{"floor":19,"key":"Strength Potion"},{"floor":20,"key":"BlessingOfTheForge"},{"floor":22,"key":"SkillPotion"},{"floor":23,"key":"SkillPotion"}],"is_trial":false,"path_per_floor":["M","M","M","$","M","R","E","M","T","M","R","?","E","M","R","B",null,"M","?","M","?","M","E","?","M"],"character_chosen":"IRONCLAD","items_purchased":["Whirlwind"],"campfire_rested":0,"item_purchase_floors":[4],"current_hp_per_floor":[66,68,74,74,73,73,75,57,57,55,55,55,41,49,49,48,68,56,56,50,50,52,27,27,0,0],"gold":409,"neow_bonus":"HUNDRED_GOLD","is_daily":false,"chose_seed":false,"campfire_upgraded":3,"win_rate":0.0,"timestamp":1613488749,"path_taken":["M","M","M","$","M","R","E","M","T","M","R","?","E","M","R","BOSS","M","?","?","?","M","E","?","M"],"items_purchased_type":["Card"],"build_version":"2020-12-22","purchased_purges":1,"victory":false,"max_hp_per_floor":[75,75,75,75,75,75,75,75,75,75,75,75,75,75,75,75,75,75,75,75,75,79,79,79,79,79],"card_choices":[{"not_picked":["Cleave","Clash"],"picked":"Ghostly Armor","floor":1},{"not_picked":["Cleave","Evolve"],"picked":"Sword Boomerang","floor":2},{"not_picked":["Thunderclap","Entrench"],"picked":"Armaments","floor":3},{"not_picked":["Entrench","Sever Soul"],"picked":"Thunderclap","floor":5},{"not_picked":["Clash","True Grit"],"picked":"Iron Wave","floor":7},{"not_picked":["Power Through","Wild Strike"],"picked":"Reaper","floor":8},{"not_picked":["Wild Strike","Perfected Strike"],"picked":"Anger","floor":10},{"not_picked":["Flame Barrier","Headbutt"],"picked":"Inflame","floor":13},{"not_picked":["Sever Soul","Thunderclap"],"picked":"Barricade","floor":14},{"not_picked":["Brutality","Exhume"],"picked":"Feed","floor":16},{"not_picked":["Ghostly Armor","Second Wind"],"picked":"Shockwave","floor":18},{"not_picked":["Fire Breathing","Rage"],"picked":"Headbutt","floor":20},{"not_picked":["Pommel Strike","Havoc"],"picked":"Disarm","floor":22},{"not_picked":["Cleave","Flex","Perfected Strike+1"],"picked":"SKIP","floor":23}],"player_experience":639071,"relics_obtained":[{"floor":7,"key":"White Beast Statue"},{"floor":9,"key":"MawBank"},{"floor":13,"key":"PreservedInsect"},{"floor":23,"key":"Bottled Tornado"}],"event_choices":[{"cards_removed":["Strike_R"],"damage_healed":0,"gold_gain":0,"player_choice":"Card Removal","damage_taken":0,"max_hp_gain":0,"max_hp_loss":0,"event_name":"The Cleric","floor":12,"gold_loss":50},{"damage_healed":0,"gold_gain":0,"player_choice":"Got Potions","damage_taken":0,"max_hp_gain":0,"max_hp_loss":0,"event_name":"Lab","floor":19,"gold_loss":0},{"damage_healed":0,"gold_gain":0,"player_choice":"Obtained Relic","damage_taken":0,"relics_obtained":["The Courier"],"max_hp_gain":0,"max_hp_loss":0,"event_name":"Addict","floor":21,"gold_loss":85},{"damage_healed":0,"gold_gain":0,"player_choice":"Cursed","damage_taken":0,"max_hp_gain":0,"max_hp_loss":0,"event_name":"Wheel of Change","floor":24,"gold_loss":0,"cards_obtained":["Decay"]}],"is_beta":false,"boss_relics":[{"not_picked":["Runic Dome","Runic Cube"],"picked":"Velvet Choker"}],"items_purged_floors":[4],"is_endless":false,"potions_floor_spawned":[1,3,5,8,10,13,14,16,18,20,22,23],"killed_by":"Centurion and Healer","ascension_level":14}}