{"host":"a1eatafr7pisesky","time":1613462034,"event":{"mods":["AchievementEnabler","BaseMod","Colored Map","Keyboard Shortcuts","Minty Spire (QoL Compilation)","Say the Spire","StSLib","SuperFastMode","everything is the same but u backflip on backflip"],"gold_per_floor":[15,34,34,53,69,112,112,112,112,112],"floor_reached":9,"language":"KOR","playtime":213,"items_purged":[],"score":110,"play_id":"5330c55d-a90b-4183-b2dd-dd1f5657366a","local_time":"20210216165354","is_ascension_mode":true,"campfire_choices":[{"floor":8.0,"key":"REST"}],"circlet_count":0,"master_deck":["AscendersBane","Strike_P","Strike_P","Strike_P","Strike_P","Defend_P","Defend_P","Defend_P","Defend_P","Eruption","Vigilance","Devotion","BowlingBash","Indignation","Adaptation","EmptyFist","Pray"],"relics":["PureWater","Golden Idol","PreservedInsect"],"acts_visited":["Exordium"],"potions_floor_usage":[9],"damage_taken":[{"damage":2.0,"enemies":"Cultist","floor":1.0,"turns":3.0},{"damage":0.0,"enemies":"2 Louse","floor":2.0,"turns":3.0},{"damage":11.0,"enemies":"Small Slimes","floor":4.0,"turns":3.0},{"damage":6.0,"enemies":"Red Slaver","floor":5.0,"turns":3.0},{"damage":15.0,"enemies":"Gremlin Nob","floor":6.0,"turns":5.0},{"damage":22,"enemies":"3 Sentries","floor":9,"turns":6}],"seed_played":"8106468601253659317","potions_obtained":[{"floor":2.0,"key":"Block Potion"},{"floor":5.0,"key":"Swift Potion"}],"is_trial":false,"path_per_floor":["M","M","?","M","M","E","?","R","E"],"character_chosen":"WATCHER","items_purchased":[],"campfire_rested":1,"item_purchase_floors":[],"current_hp_per_floor":[59,59,36,25,19,4,4,24,2,2],"gold":112,"neow_bonus":"THREE_RARE_CARDS","is_daily":false,"chose_seed":false,"campfire_upgraded":0,"win_rate":0.0,"timestamp":1613462034,"path_taken":["M","M","?","M","M","E","?","R","E"],"items_purchased_type":[],"build_version":"2020-12-22","purchased_purges":0,"victory":false,"max_hp_per_floor":[68,68,68,68,68,68,68,68,68,68],"card_choices":[{"not_picked":["Establishment","Judgement"],"picked":"Devotion","floor":0.0},{"not_picked":["EmptyBody","CutThroughFate"],"picked":"BowlingBash","floor":1.0},{"not_picked":["WindmillStrike","TalkToTheHand"],"picked":"Indignation","floor":2.0},{"not_picked":["Swivel","FlurryOfBlows"],"picked":"Adaptation","floor":4.0},{"not_picked":["ClearTheMind","SashWhip"],"picked":"EmptyFist","floor":5.0},{"not_picked":["EmptyBody","ConjureBlade"],"picked":"Pray","floor":6.0}],"player_experience":456635,"relics_obtained":[{"floor":6.0,"key":"PreservedInsect"}],"event_choices":[{"damage_healed":0.0,"max_hp_gain":0.0,"max_hp_loss":0.0,"gold_gain":0.0,"event_name":"Golden Idol","player_choice":"Take Damage","floor":3.0,"gold_loss":0.0,"damage_taken":23.0,"relics_obtained":["Golden Idol"]},{"damage_healed":0.0,"max_hp_gain":0.0,"max_hp_loss":0.0,"gold_gain":0.0,"event_name":"Shining Light","player_choice":"Ignored","floor":7.0,"gold_loss":0.0,"damage_taken":0.0}],"is_beta":false,"boss_relics":[],"items_purged_floors":[],"is_endless":false,"potions_floor_spawned":[2,5],"killed_by":"3 Sentries","ascension_level":15}}