{"host":"o88u0awh8mkwl1l8","time":1613444256,"event":{"mods":["BaseMod","Colored Map","Highlight Path","Minty Spire (QoL Compilation)","Relic Sorter"],"gold_per_floor":[112,131,146,157,170,170,197,211,237,237,268,343,343,369,369,441,441,460,460,472,472,487,487,522,533,557,557,557],"floor_reached":27,"language":"JPN","playtime":1533,"items_purged":[],"score":660,"play_id":"9b1f2b9b-3e19-40c9-a5ac-973dbc95e989","local_time":"20210216115736","is_ascension_mode":true,"campfire_choices":[{"data":"Eruption","floor":6.0,"key":"SMITH"},{"floor":10.0,"key":"REST"},{"data":"TalkToTheHand","floor":15.0,"key":"SMITH"},{"floor":23.0,"key":"REST"}],"circlet_count":0,"master_deck":["AscendersBane","Strike_P","Strike_P","Strike_P","Strike_P","Defend_P+1","Defend_P","Defend_P","Defend_P","Eruption+1","Vigilance","SpiritShield+1","CutThroughFate","EmptyBody","Perseverance","Tantrum+1","TalkToTheHand+1","Vault","BowlingBash","FlurryOfBlows","SpiritShield","WreathOfFlame"],"relics":["PureWater","Nunchaku","Tiny Chest","PreservedInsect","Damaru","Sozu","Pen Nib","War Paint"],"acts_visited":["Exordium","TheCity"],"potions_floor_usage":[],"damage_taken":[{"damage":4.0,"enemies":"Small Slimes","floor":1.0,"turns":4.0},{"damage":7.0,"enemies":"Jaw Worm","floor":2.0,"turns":4.0},{"damage":0.0,"enemies":"2 Louse","floor":3.0,"turns":2.0},{"damage":5.0,"enemies":"Gremlin Gang","floor":4.0,"turns":7.0},{"damage":5.0,"enemies":"Looter","floor":5.0,"turns":3.0},{"damage":19.0,"enemies":"3 Sentries","floor":7.0,"turns":11.0},{"damage":3.0,"enemies":"3 Louse","floor":8.0,"turns":6.0},{"damage":1.0,"enemies":"Lagavulin","floor":11.0,"turns":8.0},{"damage":0.0,"enemies":"Gremlin Nob","floor":14.0,"turns":2.0},{"damage":0.0,"enemies":"Slime Boss","floor":16.0,"turns":7.0},{"damage":14.0,"enemies":"Chosen","floor":18.0,"turns":4.0},{"damage":6.0,"enemies":"3 Byrds","floor":20.0,"turns":5.0},{"damage":12.0,"enemies":"Snake Plant","floor":22.0,"turns":5.0},{"damage":9.0,"enemies":"Book of Stabbing","floor":24.0,"turns":4.0},{"damage":0.0,"enemies":"3 Cultists","floor":25.0,"turns":3.0},{"damage":45,"enemies":"Slavers","floor":27,"turns":3}],"seed_played":"-7256222014728887327","potions_obtained":[{"floor":1.0,"key":"Energy Potion"},{"floor":2.0,"key":"DuplicationPotion"},{"floor":7.0,"key":"SkillPotion"},{"floor":8.0,"key":"Weak Potion"},{"floor":14.0,"key":"SkillPotion"}],"is_trial":false,"path_per_floor":["M","M","M","M","M","R","E","M","T","R","E","?","?","E","R","B",null,"M","?","M","T","M","R","E","M","T","E"],"character_chosen":"WATCHER","items_purchased":[],"campfire_rested":2,"item_purchase_floors":[],"current_hp_per_floor":[57,50,50,45,40,40,21,18,18,38,37,26,48,48,48,48,63,49,49,43,43,31,51,42,42,42,0,0],"gold":557,"neow_bonus":"ONE_RANDOM_RARE_CARD","is_daily":false,"chose_seed":false,"campfire_upgraded":2,"win_rate":0.0,"timestamp":1613444256,"path_taken":["M","M","M","M","M","R","E","M","T","R","E","?","?","E","R","BOSS","M","?","M","?","M","R","E","M","T","E"],"items_purchased_type":[],"build_version":"2020-12-22","purchased_purges":0,"victory":false,"max_hp_per_floor":[68,68,68,68,68,68,68,68,68,68,68,68,68,68,68,68,68,68,68,68,68,68,68,68,68,68,68,68],"card_choices":[{"not_picked":["MentalFortress","ThirdEye"],"picked":"CutThroughFate","floor":1.0},{"not_picked":["ForeignInfluence","Evaluate"],"picked":"EmptyBody","floor":2.0},{"not_picked":["JustLucky","PathToVictory"],"picked":"Perseverance","floor":3.0},{"not_picked":["CrushJoints","FlurryOfBlows"],"picked":"Tantrum","floor":4.0},{"not_picked":["SashWhip","EmptyMind","Protect"],"picked":"SKIP","floor":5.0},{"not_picked":["JustLucky","Perseverance"],"picked":"TalkToTheHand","floor":7.0},{"not_picked":["FollowUp","SashWhip"],"picked":"Vault","floor":8.0},{"not_picked":["Indignation","FollowUp"],"picked":"BowlingBash","floor":11.0},{"not_picked":["TalkToTheHand","Vengeance"],"picked":"FlurryOfBlows","floor":14.0},{"not_picked":["Alpha","ConjureBlade"],"picked":"SpiritShield","floor":16.0},{"not_picked":["Pray","Nirvana"],"picked":"WreathOfFlame","floor":18.0},{"not_picked":["Worship","Weave","Perseverance"],"picked":"SKIP","floor":20.0},{"not_picked":["Pray","JustLucky","BattleHymn"],"picked":"SKIP","floor":22.0},{"not_picked":["FollowUp","Evaluate","Prostrate"],"picked":"SKIP","floor":24.0},{"not_picked":["ForeignInfluence","Sanctity","ThirdEye"],"picked":"SKIP","floor":25.0}],"player_experience":1265145,"relics_obtained":[{"floor":7.0,"key":"Damaru"},{"floor":9.0,"key":"PreservedInsect"},{"floor":11.0,"key":"Tiny Chest"},{"floor":14.0,"key":"Nunchaku"},{"floor":24.0,"key":"Pen Nib"},{"floor":26.0,"key":"War Paint"}],"event_choices":[{"damage_healed":0.0,"max_hp_gain":0.0,"max_hp_loss":0.0,"gold_gain":75.0,"event_name":"World of Goop","player_choice":"Gather Gold","floor":12.0,"gold_loss":0.0,"damage_taken":11.0},{"damage_healed":22.0,"max_hp_gain":0.0,"max_hp_loss":0.0,"gold_gain":0.0,"event_name":"Big Fish","player_choice":"Banana","floor":13.0,"gold_loss":0.0,"damage_taken":0.0},{"damage_healed":0.0,"max_hp_gain":0.0,"max_hp_loss":0.0,"gold_gain":0.0,"event_name":"Accursed Blacksmith","player_choice":"Forge","floor":19.0,"gold_loss":0.0,"damage_taken":0.0,"cards_upgraded":["Tantrum"]}],"is_beta":false,"boss_relics":[{"not_picked":["Runic Dome","SacredBark"],"picked":"Sozu"}],"items_purged_floors":[],"is_endless":false,"potions_floor_spawned":[1,2,7,8,14,20,22,24],"killed_by":"Slavers","ascension_level":20}}