{"host":"y4fuci1jk2rsxnep","time":1613514245,"event":{"mods":["AchievementEnabler","BaseMod","Colored Powertips","Custom Start","Defuse TimeMaze Blight","Dio Mod","Downfall","Hermit","Hero for Fun","Hubris","Hunter ??","Infinite Spire","Minty Spire (QoL Compilation)","Quick Restart","Reliquary","Remove Card Discount Mod","Replay The Spire","StSLib","The Blackbeard","The Bug Knight","The Mystic","The Runesmith"],"gold_per_floor":[109,109,209,226,226,226,222,239,263,336,336,348,348,365,365,466,466,441,456,456,456,419,419,532,543,569,696,744,744,744,744,744,754,754],"floor_reached":33,"language":"ENG","playtime":3364,"items_purged":["downfall:Haunted","downfall:Haunted"],"score":433,"play_id":"a0253073-483d-4406-9774-3e8253560eaa","local_time":"20210216232405","is_ascension_mode":true,"campfire_choices":[{"data":"hermit:ShadowCloak","floor":6,"key":"SMITH"},{"data":"hermit:Determination","floor":13,"key":"SMITH"},{"data":"hermit:Covet","floor":15,"key":"SMITH"},{"data":"hermit:Magnum","floor":23,"key":"SMITH"},{"floor":32,"key":"REST"}],"circlet_count":0,"master_deck":["hermit:Strike_Hermit","hermit:Strike_Hermit","hermit:Strike_Hermit","hermit:Strike_Hermit","hermit:Defend_Hermit+1","hermit:Defend_Hermit","hermit:Defend_Hermit","hermit:Defend_Hermit","hermit:Snapshot","hermit:Covet+1","hermit:Virtue","ReplayTheSpireMod:Restless Dread","Spreading Infection","hermit:HeroicBravado","Doubt","hermit:ShadowCloak+1","hermit:GhostlyPresence","Delirium","hermit:Determination+1","hermit:Quickdraw","hermit:BodyArmor","hermit:Magnum+1","hermit:CursedWeapon","Decay","downfall:Bewildered","hubris:Despair","hermit:Desperado+1","hermit:BodyArmor","hermit:HighCaliber+1","hermit:Roulette","CommonCold"],"relics":["hermit:Momento","Lizard Tail","Darkstone Periapt","Oddly Smooth Stone","ReplayTheSpireMod:CursedCoin","hubris:Icosahedron","hubris:Backtick","Du-Vu Doll","Replay:Bandana","Nunchaku","Ring of Peace","Ring of Fangs"],"acts_visited":["Exordium","TheCity"],"potions_floor_usage":[16,24,24,28,28,28,28,28,33,33],"damage_taken":[{"damage":0,"enemies":"Small Slimes","floor":1,"turns":4},{"damage":26,"enemies":"Jaw Worm","floor":4,"turns":6},{"damage":1,"enemies":"2 Louse","floor":8,"turns":4},{"damage":16,"enemies":"Exordium Wildlife","floor":12,"turns":7},{"damage":0,"enemies":"3 Louse","floor":14,"turns":6},{"damage":72,"enemies":"The Guardian","floor":16,"turns":21},{"damage":13,"enemies":"2 Thieves","floor":18,"turns":5},{"damage":12,"enemies":"Shell Parasite","floor":19,"turns":9},{"damage":47,"enemies":"Shelled Parasite and Fungi","floor":22,"turns":5},{"damage":50,"enemies":"Centurion and Healer","floor":24,"turns":5},{"damage":4,"enemies":"Cultist and Chosen","floor":25,"turns":6},{"damage":4,"enemies":"Snecko","floor":27,"turns":4},{"damage":12,"enemies":"Slavers","floor":28,"turns":5},{"damage":36,"enemies":"Collector","floor":33,"turns":7}],"seed_played":"-3856510422888112526","potions_obtained":[{"floor":1,"key":"SteroidPotion"},{"floor":8,"key":"ColorlessPotion"},{"floor":12,"key":"Strength Potion"},{"floor":18,"key":"hermit:BlackBile"},{"floor":22,"key":"Regen Potion"},{"floor":25,"key":"BlessingOfTheForge"},{"floor":28,"key":"SneckoOil"},{"floor":31,"key":"Fire Potion"}],"is_trial":false,"path_per_floor":["M","$","?","M","?","R","$","M","T","$","?","M","R","M","R","B",null,"M","M","?","?","M","R","M","M","T","M","E","?","$","?","R","B"],"character_chosen":"HERMIT","items_purchased":["ReplayTheSpireMod:CursedCoin","hermit:Determination"],"campfire_rested":1,"item_purchase_floors":[10,10],"current_hp_per_floor":[54,54,89,63,63,63,63,62,62,68,68,52,52,52,52,40,116,103,91,97,109,62,62,12,8,8,4,6,12,12,12,54,18,18],"gold":754,"neow_bonus":"ONE_RARE_RELIC","is_daily":false,"chose_seed":false,"campfire_upgraded":4,"win_rate":0.0,"timestamp":1613514245,"path_taken":["M","$","?","M","?","R","$","M","T","?","?","?","R","M","R","BOSS","M","M","?","?","M","R","M","M","T","M","E","?","?","?","R","BOSS"],"items_purchased_type":["Relic","Card"],"build_version":"2020-12-22","purchased_purges":2,"victory":false,"max_hp_per_floor":[75,75,110,110,110,110,110,110,110,116,116,116,116,116,116,116,116,116,116,122,134,134,134,134,134,134,134,134,140,140,140,140,140,140],"card_choices":[{"not_picked":["hermit:Brawl","hermit:HoleUp"],"picked":"hermit:Virtue","floor":1},{"not_picked":["hermit:LowProfile","hermit:FullyLoaded"],"picked":"hermit:ShadowCloak","floor":4},{"not_picked":["hermit:Vantage","hermit:TrackingShot"],"picked":"hermit:GhostlyPresence","floor":8},{"not_picked":["hermit:HoleUp","hermit:SprayPray"],"picked":"hermit:Quickdraw","floor":12},{"not_picked":["hermit:Quickdraw","hermit:Scavenge"],"picked":"hermit:BodyArmor","floor":14},{"not_picked":["hermit:BlackWind","hermit:Roughhouse"],"picked":"hermit:Magnum","floor":16},{"not_picked":["hermit:LuckOfTheDraw","hermit:Glare","hermit:LowProfile"],"picked":"SKIP","floor":18},{"not_picked":["hermit:Desperado","hermit:LuckOfTheDraw"],"picked":"hermit:CursedWeapon","floor":19},{"not_picked":["hermit:Cheat","hermit:TrackingShot+1"],"picked":"hermit:Desperado+1","floor":22},{"not_picked":["hermit:LuckOfTheDraw","hermit:SprayPray+1","hermit:Scavenge+1"],"picked":"SKIP","floor":24},{"not_picked":["hermit:Headshot","hermit:Combo"],"picked":"hermit:BodyArmor","floor":25},{"not_picked":["hermit:Ricochet+1","hermit:Reprieve"],"picked":"hermit:HighCaliber+1","floor":27},{"not_picked":["hermit:OverwhelmingPower","hermit:Cheat"],"picked":"hermit:Roulette","floor":28}],"player_experience":612620,"relics_obtained":[{"floor":9,"key":"Oddly Smooth Stone"},{"floor":26,"key":"Replay:Bandana"},{"floor":28,"key":"Nunchaku"},{"floor":29,"key":"Ring of Peace"},{"floor":29,"key":"Ring of Fangs"}],"event_choices":[{"damage_healed":0,"gold_gain":0,"player_choice":"Smashed Altar","damage_taken":0,"max_hp_gain":0,"max_hp_loss":0,"event_name":"Forgotten Altar","floor":20,"gold_loss":0,"cards_obtained":["Decay"]},{"damage_healed":0,"gold_gain":0,"player_choice":"Got Potions","damage_taken":0,"max_hp_gain":0,"max_hp_loss":0,"event_name":"Lab","floor":31,"gold_loss":0}],"is_beta":false,"boss_relics":[{"not_picked":["Runesmith:UraniumAnvil","Snecko Eye"],"picked":"hubris:Backtick"}],"items_purged_floors":[7,7],"is_endless":false,"potions_floor_spawned":[1,8,12,14,18,22,25,28],"killed_by":"Collector","ascension_level":2}}