{"host":"bq4pt811tk9yrmjl","time":1613486911,"event":{"mods":["AchievementEnabler","BaseMod","Colored Map","Colored Powertips","Defuse TimeMaze Blight","Hermit","Minty Spire (QoL Compilation)","Smile Girya","StSLib","SuperFastMode"],"gold_per_floor":[110,121,121,196,214,244,269,269,269,298,298,315,345,310,310,406,406,426,426,438,218,218,218],"floor_reached":22,"language":"ENG","playtime":436,"items_purged":[],"score":254,"play_id":"a8102639-5827-4f42-82f2-7336a02dfe26","local_time":"20210216124831","is_ascension_mode":true,"campfire_choices":[{"floor":8,"key":"REST"},{"floor":11,"key":"REST"},{"data":"Loop","floor":15,"key":"SMITH"}],"circlet_count":0,"master_deck":["Strike_B","Defend_B","Defend_B","Defend_B","Defend_B","Zap+1","Dualcast","Go for the Eyes+1","Auto Shields","Loop+1","Echo Form","Amplify","Creative AI+1","Chaos+1","Defragment+1","Gash+1"],"relics":["Cracked Core","NeowsBlessing","Bag of Preparation","White Beast Statue","Akabeko","Odd Mushroom","Astrolabe","Vajra","Membership Card","Lantern"],"acts_visited":["Exordium","TheCity"],"potions_floor_usage":[13,16,18,22,22,22],"damage_taken":[{"damage":0,"enemies":"Cultist","floor":1,"turns":1},{"damage":0,"enemies":"Small Slimes","floor":2,"turns":1},{"damage":0,"enemies":"2 Louse","floor":5,"turns":1},{"damage":21,"enemies":"Lagavulin","floor":6,"turns":7},{"damage":28,"enemies":"3 Sentries","floor":10,"turns":8},{"damage":9,"enemies":"Blue Slaver","floor":12,"turns":3},{"damage":13,"enemies":"The Mushroom Lair","floor":13,"turns":4},{"damage":0,"enemies":"Slime Boss","floor":16,"turns":6},{"damage":37,"enemies":"2 Thieves","floor":18,"turns":3},{"damage":25,"enemies":"3 Byrds","floor":20,"turns":5},{"damage":20,"enemies":"Masked Bandits","floor":22,"turns":2}],"seed_played":"-5406477720607405399","potions_obtained":[{"floor":10,"key":"SteroidPotion"},{"floor":12,"key":"Fire Potion"},{"floor":13,"key":"Swift Potion"},{"floor":16,"key":"SteroidPotion"},{"floor":18,"key":"Dexterity Potion"},{"floor":20,"key":"ColorlessPotion"}],"is_trial":false,"path_per_floor":["M","M","?","?","M","E","T","R","T","E","R","M","?","?","R","B",null,"M","?","M","$","?"],"character_chosen":"DEFECT","items_purchased":["Membership Card","Lantern"],"campfire_rested":2,"item_purchase_floors":[21,21],"current_hp_per_floor":[75,75,60,49,49,28,28,50,50,22,44,35,22,40,40,40,75,38,38,13,13,0,0],"gold":218,"neow_bonus":"THREE_ENEMY_KILL","is_daily":false,"chose_seed":false,"campfire_upgraded":1,"win_rate":0.0,"timestamp":1613486911,"path_taken":["M","?","?","?","M","E","?","R","T","E","R","?","?","?","R","BOSS","M","?","M","$","?"],"items_purchased_type":["Relic","Relic"],"build_version":"2020-12-22","purchased_purges":0,"victory":false,"max_hp_per_floor":[75,75,75,75,75,75,75,75,75,75,75,75,75,75,75,75,75,75,75,75,75,75,75],"card_choices":[{"not_picked":["Rebound","Glacier"],"picked":"Go for the Eyes","floor":1},{"not_picked":["Stack","Genetic Algorithm"],"picked":"Auto Shields","floor":2},{"not_picked":["Hologram","FTL"],"picked":"Loop","floor":5},{"not_picked":["Skim","Cold Snap","Hologram"],"picked":"SKIP","floor":6},{"not_picked":["Core Surge","Hello World"],"picked":"Echo Form","floor":10},{"not_picked":["Hologram","Compile Driver","Redo"],"picked":"SKIP","floor":12},{"not_picked":["Fission","Reboot"],"picked":"Amplify","floor":16},{"not_picked":["Chill","Stack"],"picked":"Gash+1","floor":18},{"not_picked":["Lockon+1","Streamline","Stack"],"picked":"SKIP","floor":20}],"player_experience":308943,"relics_obtained":[{"floor":6,"key":"Bag of Preparation"},{"floor":9,"key":"White Beast Statue"},{"floor":10,"key":"Akabeko"},{"floor":13,"key":"Odd Mushroom"}],"event_choices":[{"damage_healed":0,"gold_gain":0,"player_choice":"Entered Light","damage_taken":15,"max_hp_gain":0,"max_hp_loss":0,"event_name":"Shining Light","floor":3,"gold_loss":0,"cards_upgraded":["Go for the Eyes","Zap"]},{"damage_healed":0,"gold_gain":75,"player_choice":"Gather Gold","damage_taken":11,"max_hp_gain":0,"max_hp_loss":0,"event_name":"World of Goop","floor":4,"gold_loss":0},{"damage_healed":0,"gold_gain":0,"player_choice":"Fought Mushrooms","damage_taken":0,"max_hp_gain":0,"max_hp_loss":0,"event_name":"Mushrooms","floor":13,"gold_loss":0},{"damage_healed":18,"gold_gain":0,"player_choice":"Healed","damage_taken":0,"max_hp_gain":0,"max_hp_loss":0,"event_name":"The Cleric","floor":14,"gold_loss":35},{"damage_healed":0,"gold_gain":0,"player_choice":"Opened","damage_taken":0,"relics_obtained":["Vajra"],"max_hp_gain":0,"max_hp_loss":0,"event_name":"The Mausoleum","floor":19,"gold_loss":0},{"damage_healed":0,"gold_gain":0,"player_choice":"Fought Bandits","damage_taken":0,"max_hp_gain":0,"max_hp_loss":0,"event_name":"Masked Bandits","floor":22,"gold_loss":0}],"is_beta":false,"boss_relics":[{"not_picked":["Nuclear Battery","Ectoplasm"],"picked":"Astrolabe"}],"items_purged_floors":[],"is_endless":false,"potions_floor_spawned":[10,12,13,16,18,20],"killed_by":"Masked Bandits","ascension_level":1}}