{"host":"d2gh6suihlstufn7","time":1613467017,"event":{"mods":["AchievementEnabler","BaseMod","Colored Map","Colored Powertips","Minty Spire (QoL Compilation)","Permanent Neow","Quick Restart"],"gold_per_floor":[111,111,60,73,83,83,158,158,158,158,187,204,221,146,146,146,146],"floor_reached":16,"language":"KOR","playtime":411,"items_purged":[],"score":100,"play_id":"350bae7b-1cb0-4df8-b7cb-49875186d3f3","local_time":"20210216181657","is_ascension_mode":false,"campfire_choices":[{"floor":6,"key":"RECALL"},{"data":"Searing Blow","floor":8,"key":"SMITH"},{"data":"Battle Trance","floor":10,"key":"SMITH"},{"data":"Searing Blow+1","floor":15,"key":"SMITH"}],"circlet_count":0,"master_deck":["Strike_R","Strike_R","Strike_R","Strike_R","Strike_R","Defend_R","Defend_R","Bash+1","Wild Strike","Headbutt","Battle Trance+1","Searing Blow+2","Perfected Strike","Power Through"],"relics":["Empty Cage","Self Forming Clay"],"acts_visited":["Exordium"],"potions_floor_usage":[],"damage_taken":[{"damage":1,"enemies":"2 Louse","floor":1,"turns":3},{"damage":1,"enemies":"Cultist","floor":4,"turns":3},{"damage":6,"enemies":"Jaw Worm","floor":5,"turns":3},{"damage":26,"enemies":"Lagavulin","floor":11,"turns":5},{"damage":5,"enemies":"Looter","floor":12,"turns":2},{"damage":11,"enemies":"3 Louse","floor":13,"turns":2},{"damage":28,"enemies":"Hexaghost","floor":16,"turns":9}],"seed_played":"3617622450605036855","potions_obtained":[{"floor":4,"key":"Dexterity Potion"},{"floor":5,"key":"AttackPotion"}],"is_trial":false,"path_per_floor":["M","?","$","M","M","R","?","R","T","R","E","M","M","$","R","B"],"character_chosen":"IRONCLAD","items_purchased":["Headbutt","Power Through"],"campfire_rested":0,"item_purchase_floors":[3,14],"current_hp_per_floor":[79,79,79,78,72,72,72,72,72,72,46,41,30,30,30,2,2],"gold":146,"neow_bonus":"BOSS_RELIC","is_daily":false,"chose_seed":false,"campfire_upgraded":3,"win_rate":0.0,"timestamp":1613467017,"path_taken":["M","?","$","?","?","R","?","R","T","R","E","M","M","$","R","BOSS"],"items_purchased_type":["Card","Card"],"build_version":"2020-12-22","purchased_purges":0,"victory":false,"max_hp_per_floor":[80,80,80,80,80,80,80,80,80,80,80,80,80,80,80,80,80],"card_choices":[{"not_picked":["Heavy Blade","Anger"],"picked":"Wild Strike","floor":1},{"not_picked":["Anger","Hemokinesis"],"picked":"Battle Trance","floor":4},{"not_picked":["Seeing Red","Clothesline"],"picked":"Searing Blow","floor":5},{"not_picked":["Sever Soul","Warcry"],"picked":"Perfected Strike","floor":11},{"not_picked":["Shrug It Off","Brutality","Cleave"],"picked":"SKIP","floor":12},{"not_picked":["Flex","Havoc","Battle Trance"],"picked":"SKIP","floor":13}],"player_experience":212467,"relics_obtained":[{"floor":11,"key":"Self Forming Clay"}],"event_choices":[{"damage_healed":0,"gold_gain":0,"player_choice":"Upgraded","damage_taken":0,"max_hp_gain":0,"max_hp_loss":0,"event_name":"Upgrade Shrine","floor":2,"gold_loss":0,"cards_upgraded":["Bash"]},{"damage_healed":0,"gold_gain":75,"player_choice":"Gained Gold","damage_taken":0,"max_hp_gain":0,"max_hp_loss":0,"event_name":"Golden Wing","floor":7,"gold_loss":0}],"is_beta":false,"boss_relics":[],"items_purged_floors":[],"is_endless":false,"potions_floor_spawned":[4,5],"killed_by":"Hexaghost","ascension_level":0}}