{"host":"cfx7gfywkfguge4j","time":1613449188,"event":{"mods":["BaseMod","Lobotomy","LobotomyExtend","Minty Spire (QoL Compilation)","Replay The Spire","Shop Mod","StSLib","The Servant 0.9.4","[IsaacMod]ÒÔÈö¼âËþ"],"gold_per_floor":[113,132,15,25,45,45,75,75,100,100,120,120,120,195,195,195,195],"floor_reached":16,"language":"ZHS","playtime":574,"items_purged":["KidneyShot"],"score":120,"play_id":"ea63830b-020e-4534-a768-94540bc097fb","local_time":"20210216121948","is_ascension_mode":true,"campfire_choices":[{"data":"Feed","floor":6.0,"key":"SMITH"},{"data":"ReplayTheSpireMod:Strike From Hell","floor":10.0,"key":"SMITH"},{"floor":15,"key":"DIG"}],"circlet_count":0,"master_deck":["Strike_R","Strike_R","Strike_R","Strike_R","Defend_R","Defend_R","Defend_R","Bash","HpAim","ReplayTheSpireMod:Strike From Hell+1","Replay:Undeath\u0027s Touch","Feed+1","Replay:Undeath\u0027s Touch","Second Wind"],"relics":["Burning Blood","HushsDoor","SteamSale","WingedGreaves","LetterFromLob","MealTicket","Smiling Mask","Garlic","Gremlin Horn"],"acts_visited":["Exordium"],"potions_floor_usage":[16,16],"damage_taken":[{"damage":4.0,"enemies":"2 Louse","floor":1.0,"turns":4.0},{"damage":10.0,"enemies":"Small Slimes","floor":2.0,"turns":3.0},{"damage":14.0,"enemies":"Jaw Worm","floor":4.0,"turns":5.0},{"damage":21.0,"enemies":"2 Fungi Beasts","floor":5.0,"turns":4.0},{"damage":38.0,"enemies":"Replay:BlueRogue","floor":7.0,"turns":4.0},{"damage":0.0,"enemies":"Looter","floor":11.0,"turns":1.0},{"damage":11,"enemies":"Fading Forest","floor":16,"turns":5}],"seed_played":"5967544924541113565","potions_obtained":[{"floor":1.0,"key":"Dexterity Potion"},{"floor":4.0,"key":"FearPotion"},{"floor":7.0,"key":"Fire Potion"}],"is_trial":false,"path_per_floor":["M","M","$","M","M","R","E","?","T","R","M","?","?","?","R","B"],"character_chosen":"IRONCLAD","items_purchased":["Feed"],"campfire_rested":0,"item_purchase_floors":[3],"current_hp_per_floor":[80,76,76,75,63,63,39,32,32,32,42,42,30,19,19,20,20],"gold":195,"neow_bonus":"ONE_RARE_RELIC","is_daily":false,"chose_seed":false,"campfire_upgraded":2,"win_rate":0.0,"timestamp":1613449188,"path_taken":["M","M","$","M","M","R","E","?","T","R","M","?","?","?","R","BOSS"],"items_purchased_type":["Card"],"build_version":"2020-12-22","purchased_purges":1,"victory":false,"max_hp_per_floor":[80,80,80,83,86,86,90,90,90,90,94,94,94,94,94,94,94],"card_choices":[{"not_picked":[],"picked":"Bomb","floor":0.0},{"not_picked":["ReplayReversal","True Grit"],"picked":"ReplayTheSpireMod:Strike From Hell","floor":1.0},{"not_picked":["Anger","Armaments"],"picked":"Replay:Undeath\u0027s Touch","floor":2.0},{"not_picked":["Metallicize","Defy Death"],"picked":"Replay:Undeath\u0027s Touch","floor":4.0},{"not_picked":["Body Slam","Corruption"],"picked":"Bomb","floor":5.0},{"not_picked":["Warcry","Defy Death","Rage"],"picked":"SKIP","floor":7.0},{"not_picked":["Flame Barrier","Pommel Strike"],"picked":"Second Wind","floor":11.0}],"player_experience":110839,"relics_obtained":[{"floor":1.0,"key":"LetterFromLob"},{"floor":7.0,"key":"MealTicket"},{"floor":9.0,"key":"Smiling Mask"},{"floor":15,"key":"Gremlin Horn"}],"event_choices":[{"cards_removed":["Strike_R"],"damage_healed":0.0,"max_hp_gain":0.0,"max_hp_loss":0.0,"gold_gain":0.0,"event_name":"Golden Wing","player_choice":"Card Removal","floor":8.0,"gold_loss":0.0,"damage_taken":7.0},{"damage_healed":0.0,"max_hp_gain":0.0,"max_hp_loss":0.0,"gold_gain":0.0,"event_name":"Scrap Ooze","player_choice":"Success","floor":13.0,"gold_loss":0.0,"damage_taken":12.0,"relics_obtained":["Garlic"]},{"damage_healed":0.0,"max_hp_gain":0.0,"max_hp_loss":0.0,"gold_gain":75.0,"event_name":"World of Goop","player_choice":"Gather Gold","floor":14.0,"gold_loss":0.0,"damage_taken":11.0}],"is_beta":false,"boss_relics":[],"items_purged_floors":[3],"is_endless":false,"potions_floor_spawned":[1,4,7,11],"killed_by":"Fading Forest","ascension_level":4}}