{"host":"rhakyh2m1vy6smuu","time":1613518493,"event":{"mods":["BaseMod","Minty Spire (QoL Compilation)","StSLib"],"gold_per_floor":[18,29,29,29,44,44,84,84,131,131,19,35,35,69,69,199,199,215,254,269,269,292,306,341,341,341,341,362,42,42,56,56,187,187,203,216,234,297,297,297,297,297],"floor_reached":41,"language":"ENG","playtime":4146,"items_purged":["Strike_B","Strike_B"],"score":547,"play_id":"c8f6b65f-3a01-4e11-ae0f-35049913db7f","local_time":"20210216163453","is_ascension_mode":true,"campfire_choices":[{"data":"Dualcast","floor":6.0,"key":"SMITH"},{"data":"Compile Driver","floor":8.0,"key":"SMITH"},{"data":"Conserve Battery","floor":10.0,"key":"SMITH"},{"data":"Barrage","floor":15.0,"key":"SMITH"},{"floor":27.0,"key":"REST"},{"data":"Static Discharge","floor":30.0,"key":"SMITH"},{"data":"Biased Cognition","floor":32,"key":"SMITH"},{"data":"Secret Technique","floor":40,"key":"SMITH"}],"circlet_count":0,"master_deck":["Strike_B+1","Defend_B","Defend_B","Defend_B","Zap","Dualcast+1","Coolheaded","Compile Driver+1","Turbo","Conserve Battery+1","Buffer","Doom and Gloom","Barrage+1","Electrodynamics","Biased Cognition+1","Go for the Eyes","Coolheaded+1","Defragment+1","Melter+1","Redo","Static Discharge+1","Echo Form","CurseOfTheBell","Cold Snap+1","Reboot","Secret Technique+1"],"relics":["Cracked Core","TungstenRod","Golden Idol","MealTicket","Vajra","InkBottle","SlaversCollar","Red Mask","Regal Pillow","FaceOfCleric","Whetstone","Calling Bell","Centennial Puzzle","Shuriken","Turnip","Torii"],"acts_visited":["Exordium","TheCity","TheBeyond"],"potions_floor_usage":[37],"damage_taken":[{"damage":4.0,"enemies":"2 Louse","floor":1.0,"turns":2.0},{"damage":0.0,"enemies":"Jaw Worm","floor":2.0,"turns":5.0},{"damage":0.0,"enemies":"Cultist","floor":5.0,"turns":3.0},{"damage":2.0,"enemies":"Gremlin Nob","floor":7.0,"turns":3.0},{"damage":2.0,"enemies":"Exordium Wildlife","floor":12.0,"turns":2.0},{"damage":4.0,"enemies":"3 Sentries","floor":14.0,"turns":6.0},{"damage":23.0,"enemies":"Hexaghost","floor":16.0,"turns":8.0},{"damage":10.0,"enemies":"2 Thieves","floor":18.0,"turns":3.0},{"damage":2.0,"enemies":"Masked Bandits","floor":19.0,"turns":2.0},{"damage":0.0,"enemies":"Shell Parasite","floor":20.0,"turns":3.0},{"damage":2.0,"enemies":"Shelled Parasite and Fungi","floor":22.0,"turns":4.0},{"damage":16.0,"enemies":"Snecko","floor":23.0,"turns":4.0},{"damage":9.0,"enemies":"Slavers","floor":24.0,"turns":5.0},{"damage":22.0,"enemies":"Snake Plant","floor":28.0,"turns":5.0},{"damage":10,"enemies":"Centurion and Healer","floor":31,"turns":2},{"damage":13,"enemies":"Collector","floor":33,"turns":8},{"damage":2,"enemies":"3 Shapes","floor":35,"turns":3},{"damage":8,"enemies":"Orb Walker","floor":36,"turns":3},{"damage":7,"enemies":"4 Shapes","floor":37,"turns":3},{"damage":8,"enemies":"Mind Bloom Boss Battle","floor":38,"turns":5},{"damage":42,"enemies":"Reptomancer","floor":41,"turns":4}],"seed_played":"-7475629735154663055","potions_obtained":[{"floor":1.0,"key":"AttackPotion"},{"floor":5.0,"key":"PowerPotion"},{"floor":7.0,"key":"DistilledChaos"},{"floor":19.0,"key":"DistilledChaos"},{"floor":22.0,"key":"PowerPotion"},{"floor":24.0,"key":"SteroidPotion"},{"floor":33,"key":"Ancient Potion"},{"floor":35,"key":"Strength Potion"},{"floor":36,"key":"EssenceOfSteel"}],"is_trial":false,"path_per_floor":["M","M","?","?","M","R","E","R","T","R","$","M","?","E","R","B",null,"M","?","M","?","M","M","E","?","T","R","M","$","R","M","R","B",null,"M","M","M","?","?","R","E"],"character_chosen":"DEFECT","items_purchased":["Doom and Gloom","Whetstone","Static Discharge"],"campfire_rested":1,"item_purchase_floors":[11,29,29],"current_hp_per_floor":[64,64,64,64,64,64,62,62,62,62,69,67,61,57,57,34,60,50,48,48,48,46,30,21,21,21,56,35,50,50,41,41,29,61,60,53,47,40,40,40,0,0],"gold":297,"neow_bonus":"ONE_RARE_RELIC","is_daily":false,"chose_seed":false,"campfire_upgraded":7,"win_rate":0.0,"timestamp":1613518493,"path_taken":["M","M","?","?","M","R","E","R","T","R","$","?","?","E","R","BOSS","M","?","M","?","?","M","E","?","T","R","?","$","R","M","R","BOSS","M","M","M","?","?","R","E"],"items_purchased_type":["Card","Relic","Card"],"build_version":"2020-12-22","purchased_purges":2,"victory":false,"max_hp_per_floor":[75,75,69,69,69,69,69,69,69,69,69,69,69,69,69,69,69,69,69,69,69,69,69,69,69,69,69,70,70,70,71,71,72,72,73,74,75,76,76,76,76,76],"card_choices":[{"not_picked":["White Noise","Gash"],"picked":"Coolheaded","floor":1.0},{"not_picked":["Conserve Battery","Coolheaded"],"picked":"Compile Driver","floor":2.0},{"not_picked":["Stack","Gash"],"picked":"Conserve Battery","floor":5.0},{"not_picked":["White Noise","Beam Cell"],"picked":"Buffer","floor":7.0},{"not_picked":["Gash","Auto Shields"],"picked":"Barrage","floor":12.0},{"not_picked":["Chaos","Recycle"],"picked":"Electrodynamics","floor":14.0},{"not_picked":["Reboot","Hyperbeam"],"picked":"Biased Cognition","floor":16.0},{"not_picked":["Stack","Barrage"],"picked":"Go for the Eyes","floor":18.0},{"not_picked":["Beam Cell","Fusion+1"],"picked":"Coolheaded+1","floor":19.0},{"not_picked":["Blizzard+1","Heatsinks","Rebound"],"picked":"SKIP","floor":20.0},{"not_picked":["Beam Cell","Steam"],"picked":"Defragment+1","floor":22.0},{"not_picked":["Doom and Gloom","Leap","Conserve Battery"],"picked":"SKIP","floor":23.0},{"not_picked":["Barrage","Ball Lightning"],"picked":"Melter","floor":24.0},{"not_picked":["Gash","Multi-Cast"],"picked":"Redo","floor":28.0},{"not_picked":["Steam+1","Stack","Redo"],"picked":"SKIP","floor":31},{"not_picked":["Electrodynamics","All For One"],"picked":"Echo Form","floor":33},{"not_picked":["Redo","Hologram","Gash+1"],"picked":"SKIP","floor":35},{"not_picked":["Coolheaded","Reprogram","Beam Cell"],"picked":"SKIP","floor":36},{"not_picked":["Gash","Turbo+1"],"picked":"Cold Snap+1","floor":37},{"not_picked":["Sunder+1","Stack+1"],"picked":"Reboot","floor":38},{"not_picked":["Forethought","HandOfGreed"],"picked":"Secret Technique","floor":39}],"player_experience":1528681,"relics_obtained":[{"floor":7.0,"key":"MealTicket"},{"floor":9.0,"key":"Vajra"},{"floor":14.0,"key":"InkBottle"},{"floor":19.0,"key":"Red Mask"},{"floor":24.0,"key":"Regal Pillow"},{"floor":34,"key":"Centennial Puzzle"},{"floor":34,"key":"Shuriken"},{"floor":34,"key":"Turnip"},{"floor":38,"key":"Torii"}],"event_choices":[{"damage_healed":0.0,"max_hp_gain":0.0,"max_hp_loss":6.0,"gold_gain":0.0,"event_name":"Golden Idol","player_choice":"Lose Max HP","floor":3.0,"gold_loss":0.0,"damage_taken":0.0,"relics_obtained":["Golden Idol"]},{"damage_healed":0.0,"max_hp_gain":0.0,"max_hp_loss":0.0,"gold_gain":0.0,"cards_transformed":["Defend_B"],"event_name":"Transmorgrifier","player_choice":"Transformed","floor":4.0,"gold_loss":0.0,"damage_taken":0.0,"cards_obtained":["Turbo"]},{"cards_removed":["Strike_B"],"damage_healed":0.0,"max_hp_gain":0.0,"max_hp_loss":0.0,"gold_gain":0.0,"event_name":"Golden Wing","player_choice":"Card Removal","floor":13.0,"gold_loss":0.0,"damage_taken":7.0},{"damage_healed":0.0,"max_hp_gain":0.0,"max_hp_loss":0.0,"gold_gain":0.0,"event_name":"Masked Bandits","player_choice":"Fought Bandits","floor":19.0,"gold_loss":0.0,"damage_taken":0.0},{"damage_healed":0.0,"max_hp_gain":0.0,"max_hp_loss":0.0,"gold_gain":0.0,"event_name":"N\u0027loth","player_choice":"Ignored","floor":21.0,"gold_loss":0.0,"damage_taken":0.0},{"damage_healed":0.0,"max_hp_gain":0.0,"max_hp_loss":0.0,"gold_gain":0.0,"event_name":"FaceTrader","player_choice":"Trade","floor":25.0,"gold_loss":0.0,"damage_taken":0.0,"relics_obtained":["FaceOfCleric"]},{"damage_healed":0,"gold_gain":0,"player_choice":"Fight","damage_taken":0,"max_hp_gain":0,"max_hp_loss":0,"event_name":"MindBloom","floor":38,"gold_loss":0},{"damage_healed":0,"gold_gain":0,"player_choice":"Memory 1","damage_taken":0,"max_hp_gain":0,"max_hp_loss":0,"event_name":"SensoryStone","floor":39,"gold_loss":0}],"is_beta":false,"boss_relics":[{"not_picked":["Sozu","Runic Dome"],"picked":"SlaversCollar"},{"not_picked":["Pandora\u0027s Box","Busted Crown"],"picked":"Calling Bell"}],"items_purged_floors":[11,29],"is_endless":false,"potions_floor_spawned":[1,5,7,19,22,24,33,35,36],"killed_by":"Reptomancer","ascension_level":6}}