{"host":"8lvnnmfamkc2d31d","time":1613435866,"event":{"mods":["2.2 Compatiblity","Act Like it!","Arknights","BaseMod","Colored Map","Minty Spire (QoL Compilation)","Relic Stats","StSLib"],"gold_per_floor":[113,113,125,200,71,71,106,30,30,30,58,58,93,120,120,120,120],"floor_reached":16,"language":"ENG","playtime":570,"items_purged":[],"score":146,"play_id":"f0333c3f-4e1e-4ac7-ab93-8ec32e0e1034","local_time":"20210215183746","is_ascension_mode":true,"campfire_choices":[{"data":"ats:Revitalization","floor":6,"key":"SMITH"},{"data":"ats:Echo Reverb","floor":12,"key":"SMITH"},{"data":"ats:Revitalization","floor":15,"key":"SMITH"}],"circlet_count":0,"master_deck":["ats:Strike C","ats:Strike G","ats:Strike S","ats:Strike V","ats:Armor Crushing Shot","ats:Defend","ats:Defend","ats:Defend","ats:Defend","ats:Emotion Absorption","ats:Apocalypse","ats:Counter Healing Mode","ats:Revitalization+1","ats:Thorns","ats:Healing Drone","ats:Composite Medical Shells","ats:Echo Reverb+1","ats:Apocalypse","ats:Revitalization+1"],"relics":["ats:Sanity","NeowsBlessing","Eternal Feather","ats:Originium","Mercury Hourglass","Nunchaku","Gambling Chip","Boot","Odd Mushroom"],"acts_visited":["Exordium"],"potions_floor_usage":[11,13],"damage_taken":[{"damage":0,"enemies":"2 Louse","floor":1,"turns":1},{"damage":0,"enemies":"Small Slimes","floor":3,"turns":1},{"damage":0,"enemies":"Lagavulin","floor":7,"turns":4},{"damage":57,"enemies":"Gremlin Nob","floor":11,"turns":7},{"damage":39,"enemies":"3 Sentries","floor":13,"turns":6},{"damage":40,"enemies":"The Mushroom Lair","floor":14,"turns":5},{"damage":35,"enemies":"Slime Boss","floor":16,"turns":3}],"seed_played":"-2839331887025859612","potions_obtained":[{"floor":1,"key":"Fruit Juice"},{"floor":7,"key":"SkillPotion"},{"floor":11,"key":"Strength Potion"},{"floor":13,"key":"Strength Potion"}],"is_trial":false,"path_per_floor":["M","?","M","?","$","R","E","$","T","$","E","R","E","?","R","B"],"character_chosen":"DOCTOR_CLASS","items_purchased":["ats:Revitalization","ats:Thorns","ats:Composite Medical Shells"],"campfire_rested":0,"item_purchase_floors":[5,5,8],"current_hp_per_floor":[72,60,64,53,53,59,69,69,69,69,29,38,20,4,13,0,0],"gold":120,"neow_bonus":"THREE_ENEMY_KILL","is_daily":false,"chose_seed":false,"campfire_upgraded":3,"win_rate":0.0,"timestamp":1613435866,"path_taken":["M","?","M","?","?","R","E","?","T","$","E","R","E","?","R","BOSS"],"items_purchased_type":["Card","Card","Card"],"build_version":"2020-12-22","purchased_purges":0,"victory":false,"max_hp_per_floor":[72,72,72,72,72,72,72,72,72,72,72,72,77,77,77,77,77],"relic_stats":{"Nunchaku":[1],"counters":[7,25],"Gambling Chip":[5],"Eternal Feather":24,"Boot":[0],"obtain_stats":[{"Nunchaku":9,"NeowsBlessing":0,"ats:Originium":7,"Gambling Chip":11,"Eternal Feather":2,"ats:Sanity":0,"Odd Mushroom":14,"Boot":13,"Mercury Hourglass":7},{"Nunchaku":3,"NeowsBlessing":0,"ats:Originium":3,"Gambling Chip":4,"Eternal Feather":1,"ats:Sanity":0,"Odd Mushroom":6,"Boot":5,"Mercury Hourglass":3},{"Nunchaku":6,"NeowsBlessing":0,"ats:Originium":6,"Gambling Chip":12,"Eternal Feather":1,"ats:Sanity":0,"Odd Mushroom":22,"Boot":18,"Mercury Hourglass":6}],"Mercury Hourglass":[112]},"card_choices":[{"not_picked":["ats:Collapsing Strike","ats:Directed Diagnosis"],"picked":"ats:Apocalypse","floor":1},{"not_picked":["ats:Leaping Hammer","ats:Curse Doll"],"picked":"ats:Counter Healing Mode","floor":3},{"not_picked":["ats:Counter Healing Mode","ats:Cat Scratch"],"picked":"ats:Healing Drone","floor":7},{"not_picked":["ats:Flexible Camouflage","ats:Cat Scratch"],"picked":"ats:Echo Reverb","floor":11},{"not_picked":["ats:Burning Ground","ats:Explosion Area Strengthen"],"picked":"ats:Apocalypse","floor":13},{"not_picked":["ats:Song Of Battle","ats:Leaping Hammer"],"picked":"ats:Revitalization","floor":14}],"player_experience":446522,"relics_obtained":[{"floor":7,"key":"ats:Originium"},{"floor":7,"key":"Mercury Hourglass"},{"floor":9,"key":"Nunchaku"},{"floor":11,"key":"ats:Originium"},{"floor":11,"key":"Gambling Chip"},{"floor":13,"key":"ats:Originium"},{"floor":13,"key":"Boot"},{"floor":14,"key":"Odd Mushroom"}],"event_choices":[{"damage_healed":0,"gold_gain":0,"player_choice":"Success","damage_taken":12,"relics_obtained":["Eternal Feather"],"max_hp_gain":0,"max_hp_loss":0,"event_name":"Scrap Ooze","floor":2,"gold_loss":0},{"damage_healed":0,"gold_gain":75,"player_choice":"Gather Gold","damage_taken":11,"max_hp_gain":0,"max_hp_loss":0,"event_name":"World of Goop","floor":4,"gold_loss":0},{"damage_healed":0,"gold_gain":0,"player_choice":"Fought Mushrooms","damage_taken":0,"max_hp_gain":0,"max_hp_loss":0,"event_name":"Mushrooms","floor":14,"gold_loss":0}],"is_beta":false,"boss_relics":[],"items_purged_floors":[],"is_endless":false,"potions_floor_spawned":[1,7,11,13],"killed_by":"Slime Boss","ascension_level":1}}