{"host":"gyvm9iplrwbfzexe","time":1613519832,"event":{"mods":["BaseMod","Hermit","Minty Spire (QoL Compilation)","StSLib","The Cursed","The Hierophant","The Necromancer","The Runesmith","The Servant 0.9.4"],"gold_per_floor":[116,129,204,204,216,244,244,244,244,260,260,290,303,253,253,352,352,363,381,392,404,33,33,33,66,66,13,25,25,45,77,77,174,174,193,208,62,0,11,41,41,75,98,98,116,16,16,31,31,31],"floor_reached":51,"language":"ENG","playtime":2998,"items_purged":["Runesmith:Defend_RS","Runesmith:Defend_RS"],"score":782,"play_id":"9defbd77-c832-471b-a211-7a6e67b547be","local_time":"20210216175712","is_ascension_mode":false,"campfire_choices":[{"data":"Runesmith:CraftFirestone","floor":7.0,"key":"SMITH"},{"data":"Runesmith:CraftMagma","floor":11.0,"key":"SMITH"},{"floor":15.0,"key":"REST"},{"data":"Runesmith:BackupBattery","floor":23.0,"key":"SMITH"},{"floor":32.0,"key":"REST"},{"data":"Runesmith:UnlimitedPower","floor":41,"key":"SMITH"},{"floor":47,"key":"REST"},{"floor":49,"key":"REST"}],"circlet_count":0,"master_deck":["Runesmith:Strike_RS","Runesmith:Strike_RS","Runesmith:Defend_RS","Runesmith:Defend_RS","Runesmith:CraftFirestone+1","Runesmith:Fortify","Runesmith:RuneHurl","Runesmith:CraftMagma","Runesmith:HeatedChisel","Runesmith:CraftMagma+1","Runesmith:HeatedChisel","Runesmith:BackupBattery+2","Runesmith:ChiselStab","Runesmith:CraftPrismatica","Runesmith:CraftProtectio","Runesmith:OneForEveryone","Runesmith:HeatExchange+1","Runesmith:Terraform+1","Runesmith:ChaoticBlast","Runesmith:GoWithTheFlow","Runesmith:HeatExchange","Runesmith:EarthShield","Runesmith:Firewall","Runesmith:CraftMedicinae","Runesmith:Grindstone+1","Runesmith:CraftMagma+1","Runesmith:UnlimitedPower+1","Runesmith:Accelerate+1"],"relics":["Runesmith:BrokenRuby","NeowsBlessing","Mercury Hourglass","Kunai","Pen Nib","SlaversCollar","HornCleat","Sundial","Ornamental Fan","Nunchaku","Runic Dome","ClockworkSouvenir","Red Mask","Unceasing Top","Toxic Egg 2","Runesmith:MiniCore"],"acts_visited":["Exordium","TheCity","TheBeyond"],"potions_floor_usage":[50],"damage_taken":[{"damage":0.0,"enemies":"Cultist","floor":1.0,"turns":1.0},{"damage":0.0,"enemies":"Jaw Worm","floor":2.0,"turns":1.0},{"damage":0.0,"enemies":"2 Louse","floor":5.0,"turns":1.0},{"damage":24.0,"enemies":"Gremlin Nob","floor":6.0,"turns":5.0},{"damage":0.0,"enemies":"Looter","floor":10.0,"turns":2.0},{"damage":18.0,"enemies":"Lagavulin","floor":12.0,"turns":5.0},{"damage":0.0,"enemies":"2 Fungi Beasts","floor":13.0,"turns":2.0},{"damage":10.0,"enemies":"The Guardian","floor":16.0,"turns":8.0},{"damage":18.0,"enemies":"Spheric Guardian","floor":18.0,"turns":5.0},{"damage":7.0,"enemies":"Shell Parasite","floor":19.0,"turns":5.0},{"damage":0.0,"enemies":"Centurion and Healer","floor":20.0,"turns":6.0},{"damage":3.0,"enemies":"3 Cultists","floor":21.0,"turns":5.0},{"damage":18.0,"enemies":"Book of Stabbing","floor":25.0,"turns":4.0},{"damage":0.0,"enemies":"Snecko","floor":28.0,"turns":4.0},{"damage":16.0,"enemies":"Shelled Parasite and Fungi","floor":30.0,"turns":5.0},{"damage":4.0,"enemies":"Slavers","floor":31.0,"turns":4.0},{"damage":0.0,"enemies":"Automaton","floor":33.0,"turns":8.0},{"damage":16,"enemies":"3 Shapes","floor":35,"turns":2},{"damage":8,"enemies":"3 Darklings","floor":36,"turns":5},{"damage":11,"enemies":"Spire Growth","floor":39,"turns":6},{"damage":11,"enemies":"Reptomancer","floor":40,"turns":7},{"damage":15,"enemies":"Nemesis","floor":42,"turns":7},{"damage":9,"enemies":"Jaw Worm Horde","floor":45,"turns":4},{"damage":19,"enemies":"Transient","floor":48,"turns":5},{"damage":9,"enemies":"Awakened One","floor":50,"turns":9}],"seed_played":"-1420712890770236388","potions_obtained":[{"floor":2.0,"key":"Regen Potion"},{"floor":5.0,"key":"Swift Potion"},{"floor":6.0,"key":"ColorlessPotion"},{"floor":16.0,"key":"SteroidPotion"},{"floor":18.0,"key":"PowerPotion"},{"floor":19.0,"key":"DistilledChaos"},{"floor":30.0,"key":"Explosive Potion"},{"floor":31.0,"key":"LiquidBronze"},{"floor":33.0,"key":"DuplicationPotion"},{"floor":35,"key":"Swift Potion"}],"is_trial":false,"path_per_floor":["M","M","?","?","M","E","R","?","T","M","R","E","M","?","R","B",null,"M","M","M","M","$","R","?","E","T","$","M","?","M","E","R","B",null,"M","M","$","?","M","E","R","E","T","?","M","$","R","M","R","B",null],"character_chosen":"RUNESMITH_CLASS","items_purchased":["HornCleat","Runesmith:ChaoticBlast","Runesmith:HeatExchange","ClockworkSouvenir"],"campfire_rested":4,"item_purchase_floors":[22,22,27,37],"current_hp_per_floor":[70,70,59,52,52,28,28,28,28,28,28,19,19,19,40,30,70,52,45,45,42,42,42,42,24,24,24,24,24,8,4,25,25,70,54,46,46,46,35,24,24,11,11,11,2,2,23,4,25,22],"gold":31,"neow_bonus":"THREE_ENEMY_KILL","is_daily":false,"chose_seed":false,"campfire_upgraded":4,"win_rate":0.0,"timestamp":1613519832,"path_taken":["M","?","?","?","M","E","R","?","T","M","R","E","M","?","R","BOSS","M","M","M","M","$","R","?","E","T","?","?","?","M","E","R","BOSS","M","M","$","?","M","E","R","E","T","?","M","$","R","M","R","BOSS"],"items_purchased_type":["Relic","Card","Card","Relic"],"build_version":"2020-12-22","purchased_purges":2,"victory":true,"max_hp_per_floor":[70,70,70,70,70,70,70,70,70,70,70,70,70,70,70,70,70,70,70,70,70,70,70,70,70,70,70,70,70,70,70,70,70,70,70,70,70,70,70,70,70,70,70,70,70,70,70,70,70,70],"card_choices":[{"not_picked":["Runesmith:ShiftingStrike","Runesmith:Overpower"],"picked":"Runesmith:RuneHurl","floor":1.0},{"not_picked":["Runesmith:EnergizedChisel","Runesmith:FieryHammer"],"picked":"Runesmith:CraftMagma","floor":2.0},{"not_picked":["Runesmith:RuneHurl","Runesmith:ElementalConversion"],"picked":"Runesmith:HeatedChisel","floor":5.0},{"not_picked":["Runesmith:DuctTape","Runesmith:Grindstone"],"picked":"Runesmith:CraftMagma","floor":6.0},{"not_picked":["Runesmith:Attraction","Runesmith:Overpower"],"picked":"Runesmith:HeatedChisel","floor":10.0},{"not_picked":["Runesmith:Overpower","Runesmith:EarthShield"],"picked":"Runesmith:BackupBattery","floor":12.0},{"not_picked":["Runesmith:HeatedChisel","Runesmith:Electrocute"],"picked":"Runesmith:ChiselStab","floor":13.0},{"not_picked":["Runesmith:MetallurgicalResearch","Runesmith:LastStand"],"picked":"Runesmith:CraftPrismatica","floor":16.0},{"not_picked":["Runesmith:EnergizedChisel","Runesmith:MakeshiftArmor"],"picked":"Runesmith:CraftProtectio","floor":18.0},{"not_picked":["Runesmith:UnstableHammer","Runesmith:Overpower"],"picked":"Runesmith:OneForEveryone","floor":19.0},{"not_picked":["Runesmith:EarthShield+1","Runesmith:UnstableHammer"],"picked":"Runesmith:HeatExchange+1","floor":20.0},{"not_picked":["Runesmith:Reinforce","Runesmith:WhiteBalance"],"picked":"Runesmith:Terraform+1","floor":21.0},{"not_picked":["Runesmith:CreatorForm","Runesmith:FieryHammer"],"picked":"Runesmith:GoWithTheFlow","floor":25.0},{"not_picked":["Runesmith:HammerTime+1","Runesmith:OneForEveryone","Runesmith:Repurpose"],"picked":"SKIP","floor":28.0},{"not_picked":["Runesmith:StaticCage","Runesmith:RuneHurl"],"picked":"Runesmith:EarthShield","floor":30.0},{"not_picked":["Runesmith:MakeshiftArmor","Runesmith:Terraform"],"picked":"Runesmith:Firewall","floor":31.0},{"not_picked":["Runesmith:Duplicate","Runesmith:CraftPrismatica"],"picked":"Runesmith:CraftMedicinae","floor":33.0},{"not_picked":["Runesmith:CraftMagma+1","Runesmith:Prism+1"],"picked":"Runesmith:Grindstone+1","floor":35},{"not_picked":["Runesmith:Overpower","Runesmith:Discharge+1","Runesmith:Electrocute"],"picked":"SKIP","floor":36},{"not_picked":["Runesmith:LithiumIon","Runesmith:CraftProtectio"],"picked":"Runesmith:CraftMagma+1","floor":39},{"not_picked":["Runesmith:Reinforce","Runesmith:HammerThrow+1"],"picked":"Runesmith:UnlimitedPower","floor":40},{"not_picked":["Runesmith:HammerThrow+1","Runesmith:CraftProtectio+1"],"picked":"Runesmith:Accelerate+1","floor":42},{"not_picked":["Runesmith:UnstableHammer+1","Runesmith:CraftVitae+1","Runesmith:Repurpose+1"],"picked":"SKIP","floor":45},{"not_picked":["Runesmith:PoweredAnvil+1","Runesmith:HeatedChisel","Runesmith:MakeshiftArmor+1"],"picked":"SKIP","floor":48}],"player_experience":49092,"relics_obtained":[{"floor":6.0,"key":"Mercury Hourglass"},{"floor":9.0,"key":"Kunai"},{"floor":12.0,"key":"Pen Nib"},{"floor":25.0,"key":"Sundial"},{"floor":26.0,"key":"Ornamental Fan"},{"floor":31.0,"key":"Nunchaku"},{"floor":40,"key":"Unceasing Top"},{"floor":42,"key":"Toxic Egg 2"},{"floor":43,"key":"Runesmith:MiniCore"}],"event_choices":[{"damage_healed":0.0,"max_hp_gain":0.0,"max_hp_loss":0.0,"gold_gain":75.0,"event_name":"World of Goop","player_choice":"Gather Gold","floor":3.0,"gold_loss":0.0,"damage_taken":11.0},{"cards_removed":["Runesmith:Strike_RS"],"damage_healed":0.0,"max_hp_gain":0.0,"max_hp_loss":0.0,"gold_gain":0.0,"event_name":"Golden Wing","player_choice":"Card Removal","floor":4.0,"gold_loss":0.0,"damage_taken":7.0},{"damage_healed":0.0,"max_hp_gain":0.0,"max_hp_loss":0.0,"gold_gain":0.0,"event_name":"Golden Idol","player_choice":"Ignored","floor":8.0,"gold_loss":0.0,"damage_taken":0.0},{"cards_removed":["Runesmith:Strike_RS"],"damage_healed":0.0,"max_hp_gain":0.0,"max_hp_loss":0.0,"gold_gain":0.0,"event_name":"The Cleric","player_choice":"Card Removal","floor":14.0,"gold_loss":50.0,"damage_taken":0.0},{"damage_healed":0.0,"max_hp_gain":0.0,"max_hp_loss":0.0,"gold_gain":0.0,"event_name":"Upgrade Shrine","player_choice":"Upgraded","floor":24.0,"gold_loss":0.0,"damage_taken":0.0,"cards_upgraded":["Runesmith:BackupBattery"]},{"damage_healed":0,"gold_gain":0,"player_choice":"Paid","damage_taken":0,"relics_obtained":["Red Mask"],"max_hp_gain":0,"max_hp_loss":0,"event_name":"Tomb of Lord Red Mask","floor":38,"gold_loss":62},{"damage_healed":0,"gold_gain":0,"player_choice":"Memory 1","damage_taken":0,"max_hp_gain":0,"max_hp_loss":0,"event_name":"SensoryStone","floor":44,"gold_loss":0}],"is_beta":false,"boss_relics":[{"not_picked":["Sozu","Astrolabe"],"picked":"SlaversCollar"},{"not_picked":["Velvet Choker","Philosopher\u0027s Stone"],"picked":"Runic Dome"}],"items_purged_floors":[22,46],"is_endless":false,"potions_floor_spawned":[2,5,6,16,18,19,30,31,33,35,36,48],"ascension_level":0}}