{"host":"a6ztjasp7lxlo10n","time":1613461569,"event":{"mods":["Act Like it!","BaseMod","Colored Map","Marisa£®ÏF”Í°°ƒß¿Ì…≥£©","Minty Spire (QoL Compilation)","Quick Restart","StSLib","SuperFastMode"],"gold_per_floor":[111,131,29,29,29,29,362,376,376,394,394,265,306,325,325,325,325],"floor_reached":16,"language":"ZHS","playtime":576,"items_purged":["Strike_R"],"score":189,"play_id":"71bbb85b-8eb9-4677-a1dd-a03530ce7684","local_time":"20210216154609","is_ascension_mode":true,"campfire_choices":[{"data":"True Grit","floor":6.0,"key":"SMITH"},{"data":"Shrug It Off","floor":11.0,"key":"SMITH"},{"data":"Body Slam","floor":15,"key":"SMITH"}],"circlet_count":0,"master_deck":["Strike_R","Strike_R","Strike_R","Strike_R","Defend_R","Defend_R","Defend_R","Defend_R","Bash","Disarm","Power Through","True Grit+1","Shrug It Off+1","Hemokinesis","Body Slam+1","Pommel Strike"],"relics":["Burning Blood","NeowsBlessing","Golden Idol","Old Coin","Unceasing Top","Pear"],"acts_visited":["Exordium"],"potions_floor_usage":[13,16,16],"damage_taken":[{"damage":0.0,"enemies":"Small Slimes","floor":1.0,"turns":1.0},{"damage":0.0,"enemies":"2 Louse","floor":2.0,"turns":1.0},{"damage":0.0,"enemies":"Lagavulin","floor":7.0,"turns":1.0},{"damage":4.0,"enemies":"Jaw Worm","floor":8.0,"turns":6.0},{"damage":12.0,"enemies":"3 Louse","floor":10.0,"turns":4.0},{"damage":21,"enemies":"3 Sentries","floor":13,"turns":9},{"damage":20,"enemies":"Lots of Slimes","floor":14,"turns":5},{"damage":51,"enemies":"Hexaghost","floor":16,"turns":15}],"seed_played":"7798558967137789656","potions_obtained":[{"floor":8.0,"key":"Weak Potion"},{"floor":10.0,"key":"CultistPotion"},{"floor":13,"key":"SpeedPotion"},{"floor":14,"key":"Swift Potion"}],"is_trial":false,"path_per_floor":["M","M","$","?","?","R","E","M","T","M","R","$","E","M","R","B"],"character_chosen":"IRONCLAD","items_purchased":["Power Through","True Grit","Body Slam"],"campfire_rested":0,"item_purchase_floors":[3,3,12],"current_hp_per_floor":[78,80,80,74,74,74,74,74,74,68,68,68,63,49,49,0,0],"gold":325,"neow_bonus":"THREE_ENEMY_KILL","is_daily":false,"chose_seed":false,"campfire_upgraded":3,"win_rate":0.0,"timestamp":1613461569,"path_taken":["M","M","$","?","?","R","E","M","T","M","R","?","E","M","R","BOSS"],"items_purchased_type":["Card","Card","Card"],"build_version":"2020-12-22","purchased_purges":1,"victory":false,"max_hp_per_floor":[80,80,80,74,74,74,74,74,74,74,74,74,84,84,84,84,84],"card_choices":[{"not_picked":["Warcry","Clothesline"],"picked":"Disarm","floor":1.0},{"not_picked":["Shockwave","Flex","Clash"],"picked":"SKIP","floor":2.0},{"not_picked":["Corruption","Clothesline"],"picked":"Shrug It Off","floor":7.0},{"not_picked":["Havoc","Armaments"],"picked":"Hemokinesis","floor":8.0},{"not_picked":["Havoc","Hemokinesis","Power Through"],"picked":"SKIP","floor":10.0},{"not_picked":["Rage","Cleave"],"picked":"Pommel Strike","floor":13},{"not_picked":["Dropkick","Flame Barrier","Infernal Blade"],"picked":"SKIP","floor":14}],"player_experience":333553,"relics_obtained":[{"floor":7.0,"key":"Old Coin"},{"floor":9.0,"key":"Unceasing Top"},{"floor":13,"key":"Pear"}],"event_choices":[{"damage_healed":0.0,"max_hp_gain":0.0,"max_hp_loss":6.0,"gold_gain":0.0,"event_name":"Golden Idol","player_choice":"Lose Max HP","floor":4.0,"gold_loss":0.0,"damage_taken":0.0,"relics_obtained":["Golden Idol"]},{"damage_healed":0.0,"max_hp_gain":0.0,"max_hp_loss":0.0,"gold_gain":0.0,"event_name":"Liars Game","player_choice":"Ignored","floor":5.0,"gold_loss":0.0,"damage_taken":0.0}],"is_beta":false,"boss_relics":[],"items_purged_floors":[12],"is_endless":false,"potions_floor_spawned":[8,10,13,14],"killed_by":"Hexaghost","ascension_level":8}}