{"host":"r3eb5kff0hcmimdq","time":1613474373,"event":{"mods":["ATMod(阿瑾Mod)","AchievementEnabler","Act Like it!","Aspiration","BaseMod","Challenge The Spire","Colored Powertips","Conspire","Dota2Spire","Elementarium","Highlight Path","Luminous","Minty Spire (QoL Compilation)","MostiFishMod","Quick Restart","Rare Cards Sparkle","Reimu（博丽灵梦）","Relic Filter","Relic Filter Mod","Replay The Spire","RumiaBox-露米娅的神秘盒子","Shop Mod","Spicy Shops","StSLib","TestMod","The Jungle","The Senshi","【遗物卡牌】REMEMod","篝火指南"],"gold_per_floor":[110,130,146,166,184,184,212,103,103,123,141,170,193,205,217,229,229],"floor_reached":16,"language":"ZHS","playtime":537,"items_purged":["Defend_G"],"score":114,"play_id":"5be6e0c5-3183-4632-9616-bac6731dc950","local_time":"20210216191933","is_ascension_mode":false,"campfire_choices":[{"data":"aspiration:Lunge","floor":6,"key":"SMITH"}],"circlet_count":0,"master_deck":["Strike_G","Strike_G","Strike_G","Strike_G","Strike_G","Defend_G","Defend_G","Defend_G","Defend_G","Survivor","Neutralize","aspiration:Lunge+1","MostiFishMod:FrostNova+1","MostiFishMod:AdrenalineArouse"],"relics":["Ring of the Snake","REME_ComplimentaryCards","AT_ATBox","testmod-TestBox","BionicSphere","testmod-FatalChain","NeowsBlessing","SynthV:TestCard","MerchantsRug","Dota2Spire:OrchidMalevolence","MawBank","DaveBox","BionicSphere"],"acts_visited":["Exordium"],"potions_floor_usage":[7,12,12,16],"damage_taken":[{"damage":0,"enemies":"Jaw Worm","floor":1,"turns":1},{"damage":0,"enemies":"Cultist","floor":3,"turns":1},{"damage":0,"enemies":"2 Louse","floor":4,"turns":1},{"damage":0,"enemies":"2 Fungi Beasts","floor":5,"turns":1},{"damage":27,"enemies":"Gremlin Nob","floor":7,"turns":5},{"damage":0,"enemies":"Exordium Wildlife","floor":10,"turns":2},{"damage":2,"enemies":"Blue Slaver","floor":11,"turns":3},{"damage":27,"enemies":"Lagavulin","floor":12,"turns":8},{"damage":0,"enemies":"Large Slime","floor":13,"turns":3},{"damage":32,"enemies":"The Guardian","floor":16,"turns":7}],"seed_played":"2074787404462533425","potions_obtained":[{"floor":3,"key":"Block Potion"},{"floor":7,"key":"REME_GoldPotion"},{"floor":10,"key":"ColorlessPotion"},{"floor":12,"key":"Venom Potion"}],"is_trial":false,"path_per_floor":["M","?","M","M","M","R","E","R","T","M","M","E","M","?","R","B"],"character_chosen":"THE_SILENT","items_purchased":["MerchantsRug"],"campfire_rested":0,"item_purchase_floors":[8],"current_hp_per_floor":[70,53,53,53,53,53,26,26,26,26,24,14,14,14,35,3,3],"gold":229,"neow_bonus":"THREE_ENEMY_KILL","is_daily":false,"chose_seed":false,"campfire_upgraded":1,"win_rate":0.0,"timestamp":1613474373,"path_taken":["M","?","M","?","M","R","E","R","T","M","M","E","M","?","R","BOSS"],"items_purchased_type":["Relic"],"build_version":"2020-12-22","purchased_purges":1,"victory":false,"max_hp_per_floor":[70,70,70,70,70,70,70,70,70,70,70,70,70,70,70,70,70],"card_choices":[{"not_picked":["MostiFishMod:PreservedThorns","ReplayTheSpireMod:Scrap Shanks","Flying Knee"],"picked":"SKIP","floor":1},{"not_picked":["Deadly Poison","Hidden Blade","Blade Dance","Setup"],"picked":"aspiration:Lunge","floor":3},{"not_picked":["PiercingWail","Slice","conspire:PoisonWeapons","Blur","Dodge and Roll"],"picked":"SKIP","floor":4},{"not_picked":["Dodge and Roll","Quick Slash","Underhanded Strike","Poisoned Stab","Riddle With Holes"],"picked":"SKIP","floor":5},{"not_picked":["Terror","Catalyst","MostiFishMod:PreservedThorns","Burst","Poisoned Stab"],"picked":"SKIP","floor":7},{"not_picked":["Flying Knee","Accuracy","Poisoned Stab","Bouncing Flask"],"picked":"MostiFishMod:FrostNova","floor":10},{"not_picked":["Deadly Poison","Toxin Wave","Slice","Blade Dance","conspire:PoisonWeapons"],"picked":"SKIP","floor":11},{"not_picked":["Blade Dance","Poisoned Stab","Hidden Blade","Blur"],"picked":"MostiFishMod:AdrenalineArouse","floor":12},{"not_picked":["Flechettes","Blade Dance","ReplayTheSpireMod:Tripwire","Distraction","AT_TinkerSharpsword"],"picked":"SKIP","floor":13}],"player_experience":165050,"relics_obtained":[{"floor":1,"key":"SynthV:TestCard"},{"floor":2,"key":"StoneCalendar"},{"floor":7,"key":"Dota2Spire:ShadowBlade"},{"floor":9,"key":"Dota2Spire:OrchidMalevolence"},{"floor":12,"key":"MawBank"}],"event_choices":[{"damage_healed":0,"gold_gain":0,"player_choice":"Swap Relic","damage_taken":0,"relics_obtained":["DaveBox"],"max_hp_gain":0,"max_hp_loss":0,"event_name":"给自己的盒子","floor":14,"relics_lost":["DaveBox"],"gold_loss":0}],"is_beta":false,"boss_relics":[],"items_purged_floors":[8],"is_endless":false,"potions_floor_spawned":[3,7,10,12],"killed_by":"The Guardian","ascension_level":0}}