{"host":"zlmf7uudqr1sj8t0","time":1613454000,"event":{"mods":["BaseMod","Colored Map","DeckTracker","Highlight Path","Minty Spire (QoL Compilation)"],"gold_per_floor":[114,128,141,151,165,195,206,206,206,206,231,246,279,279,279,279,279],"floor_reached":16,"language":"ENG","playtime":1005,"items_purged":[],"score":143,"play_id":"3e54ee74-a19b-4299-a762-a26371e97ab2","local_time":"20210215214000","is_ascension_mode":true,"campfire_choices":[{"floor":15,"key":"REST"}],"circlet_count":0,"master_deck":["Strike_B","Strike_B","Strike_B","Strike_B","Defend_B","Defend_B","Defend_B","Defend_B","Zap","Dualcast","Shame","Hyperbeam+1","Beam Cell","Leap","Turbo","Steam","Defragment","Seek","Regret","Steam","Sweeping Beam","Steam"],"relics":["Cracked Core","Pear","Question Card","Symbiotic Virus","Regal Pillow","Frozen Egg 2"],"acts_visited":["Exordium"],"potions_floor_usage":[],"damage_taken":[{"damage":6,"enemies":"Cultist","floor":1,"turns":3},{"damage":0,"enemies":"2 Louse","floor":2,"turns":2},{"damage":2,"enemies":"Jaw Worm","floor":3,"turns":3},{"damage":0,"enemies":"2 Fungi Beasts","floor":4,"turns":1},{"damage":0,"enemies":"Lots of Slimes","floor":5,"turns":1},{"damage":35,"enemies":"Lagavulin","floor":6,"turns":5},{"damage":14,"enemies":"3 Louse","floor":7,"turns":2},{"damage":49,"enemies":"Gremlin Nob","floor":11,"turns":5},{"damage":0,"enemies":"Looter","floor":12,"turns":2},{"damage":22,"enemies":"3 Sentries","floor":13,"turns":3},{"damage":44,"enemies":"Hexaghost","floor":16,"turns":9}],"seed_played":"6112634186505294184","potions_obtained":[{"floor":2,"key":"FairyPotion"},{"floor":11,"key":"Strength Potion"}],"is_trial":false,"path_per_floor":["M","M","M","M","M","E","M","?","T","?","E","M","E","?","R","B"],"character_chosen":"DEFECT","items_purchased":[],"campfire_rested":1,"item_purchase_floors":[],"current_hp_per_floor":[69,69,67,67,67,42,28,28,28,28,25,25,3,3,43,0,0],"gold":279,"neow_bonus":"THREE_RARE_CARDS","is_daily":false,"chose_seed":false,"campfire_upgraded":0,"win_rate":0.0,"timestamp":1613454000,"path_taken":["M","M","M","?","M","E","M","?","T","?","E","M","E","?","R","BOSS"],"items_purchased_type":[],"build_version":"2020-12-22","purchased_purges":0,"victory":false,"max_hp_per_floor":[75,75,75,75,75,85,85,85,85,85,85,85,85,85,85,85,85],"card_choices":[{"not_picked":["Buffer","Echo Form"],"picked":"Hyperbeam","floor":0},{"not_picked":["Consume","Streamline"],"picked":"Beam Cell","floor":1},{"not_picked":["Go for the Eyes","Gash","Coolheaded"],"picked":"SKIP","floor":2},{"not_picked":["Go for the Eyes","Gash"],"picked":"Leap","floor":3},{"not_picked":["Lockon","Ball Lightning"],"picked":"Turbo","floor":4},{"not_picked":["Beam Cell","Sweeping Beam"],"picked":"Steam","floor":5},{"not_picked":["Consume","Compile Driver"],"picked":"Defragment","floor":6},{"not_picked":["Ball Lightning","Streamline"],"picked":"Seek","floor":7},{"not_picked":["Conserve Battery","Compile Driver","Rainbow"],"picked":"Steam","floor":11},{"not_picked":["Gash","Blizzard","BootSequence"],"picked":"Sweeping Beam","floor":12},{"not_picked":["Conserve Battery","Heatsinks+1","Streamline"],"picked":"Steam","floor":13}],"player_experience":152334,"relics_obtained":[{"floor":6,"key":"Pear"},{"floor":9,"key":"Symbiotic Virus"},{"floor":11,"key":"Regal Pillow"},{"floor":13,"key":"Frozen Egg 2"}],"event_choices":[{"damage_healed":0,"gold_gain":0,"player_choice":"Box","damage_taken":0,"relics_obtained":["Question Card"],"max_hp_gain":0,"max_hp_loss":0,"event_name":"Big Fish","floor":8,"gold_loss":0,"cards_obtained":["Regret"]},{"damage_healed":0,"gold_gain":0,"player_choice":"Grow","damage_taken":0,"max_hp_gain":0,"max_hp_loss":0,"event_name":"Living Wall","floor":10,"gold_loss":0,"cards_upgraded":["Hyperbeam"]},{"damage_healed":0,"gold_gain":0,"player_choice":"Fled","damage_taken":0,"max_hp_gain":0,"max_hp_loss":0,"event_name":"Scrap Ooze","floor":14,"gold_loss":0}],"is_beta":false,"boss_relics":[],"items_purged_floors":[],"is_endless":false,"potions_floor_spawned":[2,11],"killed_by":"Hexaghost","ascension_level":3}}