{"host":"ewqldq2sdiy6ytim","time":1613470766,"event":{"mods":["BaseMod","Colored Map","Downfall","Hermit","Hubris","Minty Spire (QoL Compilation)","StSLib","The Animator","The Construct","The Cursed","The Jungle","The Runesmith","The Servant 0.9.4"],"gold_per_floor":[99,109,94,94,109,124,147,177,196,196,196,213,213,231,247,343,343,343,356,356,23,23,23,23,58,58,69,83,110,110,120,137,137,137,137],"floor_reached":33,"language":"ENG","playtime":3837,"items_purged":[],"score":314,"play_id":"330396b1-796f-4b08-9169-d66ebced6d2e","local_time":"20210216021926","is_ascension_mode":false,"campfire_choices":[{"data":"bronze:Replicate","floor":1.0,"key":"SMITH"},{"data":"bronze:GetLatest","floor":11.0,"key":"SMITH"},{"floor":13.0,"key":"REST"},{"data":"bronze:Assembly","floor":18.0,"key":"SMITH"},{"data":"expansioncontent:QuickStudy","floor":23.0,"key":"SMITH"},{"data":"expansioncontent:QuickStudy","floor":26.0,"key":"SMITH"},{"floor":30.0,"key":"REST"}],"circlet_count":0,"master_deck":["bronze:Strike","bronze:Strike","bronze:Strike","bronze:Defend","bronze:Defend","bronze:Defend","bronze:Replicate+1","bronze:Goto","bronze:ClassDefault","bronze:Repulsor","bronze:GetLatest+1","bronze:Boost","bronze:Optimize","animator:Curse_GriefSeed","bronze:BronzeOrb","bronze:HyperBeam","bronze:Assembly+1","bronze:Repair","hermit:Grudge","expansioncontent:QuickStudy+1","bronze:Assembly+1","expansioncontent:QuickStudy+1","animator:Curse_Nutcracker","bronze:ForLoop","hermit:Adapt","bronze:FineTuning+1","bronze:Overload","bronze:Mutator"],"relics":["bronze:BronzeCore","HornCleat","PreservedInsect","Potion Belt","hubris:Backtick","hubris:DisguiseKit","theJungle:WildMango","hubris:EmptyBottle","construct:FoamFinger","hubris:DeckOfHolding","Calipers"],"acts_visited":["Exordium","Exordium"],"potions_floor_usage":[32],"damage_taken":[{"damage":1.0,"enemies":"Cultist","floor":2.0,"turns":3.0},{"damage":5.0,"enemies":"downfall:FleeingMerchant","floor":3.0,"turns":4.0},{"damage":13.0,"enemies":"2 Louse","floor":5.0,"turns":4.0},{"damage":3.0,"enemies":"Small Slimes","floor":6.0,"turns":3.0},{"damage":8.0,"enemies":"Lagavulin","floor":8.0,"turns":6.0},{"damage":18.0,"enemies":"Exordium Thugs","floor":9.0,"turns":4.0},{"damage":7.0,"enemies":"Exordium Wildlife","floor":12.0,"turns":6.0},{"damage":5.0,"enemies":"Lots of Slimes","floor":14.0,"turns":6.0},{"damage":0.0,"enemies":"Large Slime","floor":15.0,"turns":4.0},{"damage":21.0,"enemies":"WA_ARCHETYPE_RETAIN","floor":16.0,"turns":7.0},{"damage":6.0,"enemies":"theJungle:GiantWrat","floor":19.0,"turns":5.0},{"damage":1.0,"enemies":"downfall:FleeingMerchant","floor":21.0,"turns":4.0},{"damage":33.0,"enemies":"theJungle:2_Phrogs","floor":25.0,"turns":7.0},{"damage":42.0,"enemies":"theJungle:5_Spyders","floor":27.0,"turns":12.0},{"damage":20.0,"enemies":"theJungle:SlimyTreeVines","floor":28.0,"turns":8.0},{"damage":56.0,"enemies":"theJungle:Cassacara","floor":29.0,"turns":6.0},{"damage":16.0,"enemies":"theJungle:2_Flameangoes","floor":31.0,"turns":4.0},{"damage":22,"enemies":"theJungle:Snecko_Cultist_And_Trap","floor":32,"turns":5},{"damage":45,"enemies":"SI_MIRROR_ARCHETYPE","floor":33,"turns":6}],"seed_played":"-5652875067377033869","potions_obtained":[{"floor":5.0,"key":"Energy Potion"},{"floor":8.0,"key":"SpeedPotion"},{"floor":9.0,"key":"Swift Potion"},{"floor":12.0,"key":"ColorlessPotion"},{"floor":15.0,"key":"Weak Potion"},{"floor":16.0,"key":"bronze:BurnAndBuffPotion"},{"floor":27.0,"key":"construct:ShiftPotion"},{"floor":28.0,"key":"Ancient Potion"},{"floor":29.0,"key":"hexamod:SoulburnPotion"},{"floor":32,"key":"construct:ShiftPotion"}],"is_trial":false,"path_per_floor":["R","M","$","?","M","M","T","E","M","?","R","M","R","M","M","B",null,"R","M","?","$","?","R","T","E","R","M","M","E","R","M","M","B"],"character_chosen":"THE_AUTOMATON","items_purchased":["hubris:EmptyBottle","expansioncontent:QuickStudy"],"campfire_rested":2,"item_purchase_floors":[21,21],"current_hp_per_floor":[77,76,71,71,58,55,55,47,29,29,29,22,45,40,40,19,77,77,71,85,91,91,91,91,58,58,16,19,6,33,35,33,0,0,0],"gold":137,"neow_bonus":"TEN_PERCENT_HP_BONUS","is_daily":false,"chose_seed":false,"campfire_upgraded":5,"win_rate":0.0,"timestamp":1613470766,"path_taken":["R","M","?","?","M","M","T","E","?","?","R","M","R","?","M","BOSS","R","M","?","$","?","R","T","E","R","M","M","E","R","M","M","BOSS"],"items_purchased_type":["Relic","Card"],"build_version":"2020-12-22","purchased_purges":0,"victory":false,"max_hp_per_floor":[77,77,77,77,77,77,77,77,77,77,77,77,77,77,77,77,77,77,77,91,91,91,91,91,91,91,91,91,91,91,91,91,91,91,91],"card_choices":[{"not_picked":["bronze:Iterate","bronze:Deprecate"],"picked":"bronze:ClassDefault","floor":2.0},{"not_picked":["bronze:Deprecate","bronze:Overheat"],"picked":"bronze:Repulsor","floor":3.0},{"not_picked":["bronze:ClassDefault","bronze:WildBeam"],"picked":"bronze:GetLatest","floor":5.0},{"not_picked":["bronze:Branch","bronze:BugBarrage"],"picked":"bronze:Boost","floor":6.0},{"not_picked":["bronze:Turbo","bronze:ChildClass"],"picked":"bronze:Optimize","floor":8.0},{"not_picked":["bronze:WildBeam","bronze:DelayedGuard","bronze:Turbo"],"picked":"SKIP","floor":9.0},{"not_picked":["bronze:Repulsor","bronze:Invalidate"],"picked":"bronze:BronzeOrb","floor":12.0},{"not_picked":["bronze:NullPointer","bronze:WhirlingStrike"],"picked":"bronze:HyperBeam","floor":14.0},{"not_picked":["bronze:Optimize","bronze:Overheat","bronze:Iterate"],"picked":"SKIP","floor":15.0},{"not_picked":["bronze:ThunderWave","bronze:BurnOut"],"picked":"bronze:Assembly","floor":16.0},{"not_picked":["bronze:CutThrough","bronze:Overheat","hermit:Midnight"],"picked":"bronze:Repair","floor":19.0},{"not_picked":["bronze:BronzeArmor","bronze:Shield","bronze:Branch+1"],"picked":"hermit:Grudge","floor":21.0},{"not_picked":["bronze:Allocate","bronze:Optimize+1","hermit:Showdown"],"picked":"bronze:ForLoop","floor":25.0},{"not_picked":["bronze:Backtrace","bronze:Overheat+1","bronze:FineTuning"],"picked":"hermit:Adapt","floor":27.0},{"not_picked":["bronze:CloningBeam","bronze:Branch+1","hermit:CalledShot"],"picked":"bronze:FineTuning+1","floor":28.0},{"not_picked":["bronze:Repair","bronze:OilSpill","hermit:Dive"],"picked":"bronze:Overload","floor":29.0},{"not_picked":["bronze:Overheat+1","bronze:DelayedSlice","hermit:Vantage"],"picked":"bronze:Mutator","floor":31.0},{"not_picked":["bronze:Iterate","bronze:BugBarrage","bronze:CutThrough","hermit:SprayPray"],"picked":"SKIP","floor":32}],"player_experience":980761,"relics_obtained":[{"floor":7.0,"key":"PreservedInsect"},{"floor":8.0,"key":"Potion Belt"},{"floor":24.0,"key":"construct:FoamFinger"},{"floor":25.0,"key":"hubris:DeckOfHolding"},{"floor":29.0,"key":"Calipers"}],"event_choices":[{"damage_healed":0.0,"max_hp_gain":0.0,"max_hp_loss":0.0,"gold_gain":0.0,"event_name":"Big Fish","player_choice":"Box","floor":4.0,"gold_loss":0.0,"damage_taken":0.0,"relics_obtained":["HornCleat"],"cards_obtained":["Regret"]}],"is_beta":false,"boss_relics":[{"not_picked":["Philosopher\u0027s Stone","hubris:ScarierMask"],"picked":"hubris:Backtick"}],"items_purged_floors":[],"is_endless":false,"potions_floor_spawned":[5,8,9,12,15,16,27,28,29,32],"killed_by":"SI_MIRROR_ARCHETYPE","ascension_level":0}}