{"host":"r9lzc41cv7vlmf2g","time":1613482392,"event":{"mods":["2.2 Compatiblity","Act Like it!","Aspiration","BaseMod","Better Third Choice","Challenge The Spire","Chen","Downfall","Friendly Minions","GifTheSpireLib","Googly Eyes","Hermit","Hubris","Marked Mod","Minty Spire (QoL Compilation)","StSLib","Stuff the Spire","The Animator","The Disciple","The IronCluck","The Servant 0.9.4"],"gold_per_floor":[99,99,199,199,199,216,216,230,260,270,286,297,297,325,343,443,443,443,460,478,494,494,525,551,551,551,571,606,617,635,6,19,114,114,114,133,167,180,180,199,199,74,88,108,128,158,58,70,70],"floor_reached":51,"language":"ENG","playtime":2645,"items_purged":["Pain","Writhe","Normality"],"score":835,"play_id":"952c2480-1959-4c21-ba2f-c04c0cef0f59","local_time":"20210216083312","is_ascension_mode":false,"campfire_choices":[{"data":"champ:Execute","floor":1,"key":"SMITH"},{"data":"champ:BladeFlurry","floor":13,"key":"SMITH"},{"data":"champ:StrikeOfGenius","floor":18,"key":"SMITH"},{"data":"champ:RapidStrikes","floor":25,"key":"SMITH"},{"data":"champ:CheapShot","floor":35,"key":"SMITH"},{"floor":47,"key":"REST"}],"circlet_count":0,"master_deck":["champ:Strike","champ:Strike","champ:Strike","champ:Defend","champ:Defend","champ:Defend","champ:Defend","champ:Taunt","champ:CrownThrow","champ:ShieldWall","champ:Execute+1","champ:Shatter","champ:BerserkersShout","champ:AdrenalArmor","champ:BladeFlurry+1","champ:HoldFirm","champ:RapidStrikes+1","champ:StrikeOfGenius+1","champ:PerfectedStrike+1","champ:PerfectedStrike","champ:CrownThrow+1","champ:Shatter+1","champ:BladeFlurry","champ:StanceDance+1","champ:PreciseThrust+1","champ:RapidStrikes+1","champ:FalseCounter+1","champ:CheapShot+1","champ:ShieldSlam+1","champ:PerfectedStrike+1","expansioncontent:StudyTheSpire","champ:RapidStrikes","champ:BladeFlurry","champ:BladeFlurry","champ:CrownThrow+1","champ:ShieldSlam+1","champ:UltimateStance+1","champ:Duel"],"relics":["champ:ChampionCrownUpgraded","StuffTheSpire:Gunfinga","champ:LiftRelic","StrikeDummy","StuffTheSpire:Mouthbags","MealTicket","StuffTheSpire:MayFlowers","Akabeko","WarpedTongs","Bottled Lightning","Toxic Egg 2","Unceasing Top","Cursed Key","Darkstone Periapt","hubris:Teleporter","downfall:HeartBlessingGreen"],"acts_visited":["Exordium","TheCity","TheBeyond"],"potions_floor_usage":[9,20,21,23,30,33,50,50,50,50,50,50],"damage_taken":[{"damage":10,"enemies":"Small Slimes","floor":6,"turns":3},{"damage":10,"enemies":"2 Louse","floor":8,"turns":2},{"damage":20,"enemies":"Lagavulin","floor":9,"turns":4},{"damage":10,"enemies":"Cultist","floor":10,"turns":2},{"damage":10,"enemies":"2 Fungi Beasts","floor":11,"turns":3},{"damage":30,"enemies":"Lots of Slimes","floor":12,"turns":4},{"damage":13,"enemies":"Gremlin Nob","floor":14,"turns":3},{"damage":2,"enemies":"Exordium Wildlife","floor":15,"turns":2},{"damage":21,"enemies":"WA_ARCHETYPE_RETAIN","floor":16,"turns":5},{"damage":20,"enemies":"Shell Parasite","floor":19,"turns":3},{"damage":25,"enemies":"3 Byrds","floor":20,"turns":5},{"damage":0,"enemies":"Snake Plant","floor":21,"turns":3},{"damage":29,"enemies":"Book of Stabbing","floor":23,"turns":4},{"damage":23,"enemies":"Cultist and Chosen","floor":27,"turns":3},{"damage":11,"enemies":"Gremlin Leader","floor":28,"turns":6},{"damage":24,"enemies":"Chosen and Byrds","floor":29,"turns":3},{"damage":28,"enemies":"Centurion and Healer","floor":30,"turns":3},{"damage":27,"enemies":"downfall:FleeingMerchant","floor":31,"turns":4},{"damage":0,"enemies":"Snecko","floor":32,"turns":3},{"damage":63,"enemies":"IC_MUSHROOM_ARCHETYPE","floor":33,"turns":5},{"damage":15,"enemies":"3 Shapes","floor":36,"turns":3},{"damage":25,"enemies":"downfall:FleeingMerchant","floor":37,"turns":5},{"damage":0,"enemies":"Orb Walker","floor":38,"turns":1},{"damage":0,"enemies":"3 Darklings","floor":40,"turns":3},{"damage":5,"enemies":"Sphere and 2 Shapes","floor":43,"turns":3},{"damage":2,"enemies":"Spire Growth","floor":44,"turns":4},{"damage":3,"enemies":"3 Darklings","floor":45,"turns":5},{"damage":88,"enemies":"Nemesis","floor":46,"turns":7},{"damage":5,"enemies":"Sphere and 2 Shapes","floor":49,"turns":4},{"damage":39,"enemies":"DF_ARCHETYPE_ORBS","floor":50,"turns":6}],"seed_played":"-6605410434243298428","potions_obtained":[{"floor":8,"key":"DistilledChaos"},{"floor":9,"key":"Fire Potion"},{"floor":11,"key":"champ:OpenerPotion"},{"floor":19,"key":"Energy Potion"},{"floor":21,"key":"sneckomod:MuddlingPotion"},{"floor":30,"key":"Fruit Juice"},{"floor":32,"key":"Weak Potion"},{"floor":36,"key":"Strength Potion"},{"floor":38,"key":"Dexterity Potion"},{"floor":44,"key":"DistilledChaos"},{"floor":45,"key":"EntropicBrew"}],"is_trial":false,"path_per_floor":["R","?","?","?","?","M","T","M","E","M","M","M","R","E","M","B",null,"R","M","M","M","?","E","T","R","?","M","E","M","M","$","M","B",null,"R","M","$","M","$","M","T","$","M","M","M","E","R","M","B",null],"character_chosen":"THE_CHAMP","items_purchased":["Toxic Egg 2","Unceasing Top","expansioncontent:StudyTheSpire"],"campfire_rested":1,"item_purchase_floors":[31,31,37],"current_hp_per_floor":[99,96,96,96,96,96,96,96,96,96,96,86,86,83,81,60,99,99,99,79,79,79,60,60,60,60,57,49,40,42,55,55,22,104,104,104,94,94,94,94,94,104,104,102,99,46,77,72,46],"gold":70,"neow_bonus":"TEN_PERCENT_HP_BONUS","is_daily":false,"chose_seed":false,"campfire_upgraded":5,"win_rate":0.0,"timestamp":1613482392,"path_taken":["R","?","?","?","?","M","T","M","E","M","M","M","R","E","M","BOSS","R","M","M","M","?","E","T","R","?","M","E","M","M","$","M","BOSS","R","M","$","M","?","?","T","$","M","M","M","E","R","M","BOSS"],"items_purchased_type":["Relic","Relic","Card"],"build_version":"2020-12-22","purchased_purges":3,"victory":true,"max_hp_per_floor":[99,99,99,99,99,99,99,99,99,99,99,99,99,99,99,99,99,99,99,99,99,99,99,99,99,99,99,99,99,104,104,104,104,104,104,104,104,104,104,104,104,104,104,104,104,104,104,104,104],"card_choices":[{"not_picked":["champ:BringItOn","champ:TornadoPunch"],"picked":"champ:CrownThrow","floor":6},{"not_picked":["champ:TornadoPunch","champ:Parry"],"picked":"champ:ShieldWall","floor":8},{"not_picked":["champ:Haymaker","champ:EnragedBash"],"picked":"champ:Shatter","floor":9},{"not_picked":["champ:DefensiveShout","champ:ShieldSlam"],"picked":"champ:BerserkersShout","floor":10},{"not_picked":["champ:BringItOn","champ:GutPunch"],"picked":"champ:AdrenalArmor","floor":11},{"not_picked":["champ:BerserkersShout","champ:RapidStrikes"],"picked":"champ:BladeFlurry","floor":12},{"not_picked":["champ:BringItOn","champ:Endure"],"picked":"champ:HoldFirm","floor":14},{"not_picked":["champ:FanOfKnives","champ:TornadoPunch"],"picked":"champ:RapidStrikes","floor":15},{"not_picked":["champ:LastStand","champ:MurderStrike"],"picked":"champ:StrikeOfGenius","floor":16},{"not_picked":["champ:CrownThrow+1","champ:Shatter"],"picked":"champ:PerfectedStrike+1","floor":19},{"not_picked":["champ:ShieldWall+1","champ:DefensiveShout+1"],"picked":"champ:PerfectedStrike","floor":20},{"not_picked":["champ:SetATrap","champ:EndlessRage"],"picked":"champ:CrownThrow+1","floor":21},{"not_picked":["champ:BerserkersShout","champ:HeartStrike"],"picked":"champ:Shatter+1","floor":23},{"not_picked":["champ:EnGarde+1","champ:BringItOn"],"picked":"champ:BladeFlurry","floor":27},{"not_picked":["champ:Circumvent","champ:PerfectedStrike+1"],"picked":"champ:StanceDance+1","floor":28},{"not_picked":["champ:BerserkersShout","champ:SteelEdge"],"picked":"champ:PreciseThrust+1","floor":29},{"not_picked":["champ:ShieldWall","champ:PerfectedStrike+1","champ:StanceDance"],"picked":"SKIP","floor":30},{"not_picked":["champ:Haymaker","champ:HeartStrike"],"picked":"champ:RapidStrikes+1","floor":31},{"not_picked":["champ:PerfectedStrike","champ:AdrenalArmor+1"],"picked":"champ:FalseCounter+1","floor":32},{"not_picked":["champ:HoldFirm+1","champ:SwordThrow"],"picked":"champ:CheapShot","floor":33},{"not_picked":["champ:Duel","champ:BerserkersShout+1"],"picked":"champ:ShieldSlam+1","floor":36},{"not_picked":["champ:Shatter+1","champ:Parry+1"],"picked":"champ:PerfectedStrike+1","floor":37},{"not_picked":["champ:Haymaker","champ:ArenaPreparation+1"],"picked":"champ:RapidStrikes","floor":38},{"not_picked":["champ:CrownThrow","champ:BerserkersShout+1"],"picked":"champ:BladeFlurry","floor":40},{"not_picked":["champ:DefensiveShout+1","champ:Circumvent+1"],"picked":"champ:BladeFlurry","floor":43},{"not_picked":["champ:StanceDance+1","champ:ShieldWall"],"picked":"champ:CrownThrow+1","floor":44},{"not_picked":["champ:EndlessRage","champ:EnragedBash+1"],"picked":"champ:ShieldSlam+1","floor":45},{"not_picked":["champ:StanceDance+1","champ:HoldFirm+1"],"picked":"champ:UltimateStance+1","floor":46},{"not_picked":["champ:IronFortress","champ:Endure+1"],"picked":"champ:Duel","floor":49}],"player_experience":280495,"relics_obtained":[{"floor":7,"key":"StrikeDummy"},{"floor":9,"key":"StuffTheSpire:Mouthbags"},{"floor":14,"key":"MealTicket"},{"floor":24,"key":"Akabeko"},{"floor":28,"key":"Bottled Lightning"},{"floor":41,"key":"Darkstone Periapt"},{"floor":46,"key":"hubris:Teleporter"}],"event_choices":[{"damage_healed":0,"gold_gain":0,"player_choice":"Relic ","damage_taken":3,"max_hp_gain":0,"max_hp_loss":0,"event_name":"betterThird:BetterScrap","floor":2,"gold_loss":0,"cards_obtained":["Reckless Charge"]},{"damage_healed":0,"gold_gain":0,"player_choice":"Rummage","damage_taken":0,"relics_obtained":["WarpedTongs"],"max_hp_gain":0,"max_hp_loss":0,"event_name":"Accursed Blacksmith","floor":26,"gold_loss":0,"cards_obtained":["Pain"]}],"is_beta":false,"boss_relics":[{"not_picked":["aspiration:PoetsPen_weak","Snecko Eye"],"picked":"champ:ChampionCrownUpgraded"},{"not_picked":["Astrolabe","Runic Pyramid"],"picked":"Cursed Key"}],"items_purged_floors":[31,37,42],"is_endless":false,"potions_floor_spawned":[8,9,11,19,21,30,32,36,38,44,45,49],"ascension_level":0}}