{"host":"y89x8uui45kcjy42","time":1613479026,"event":{"mods":["2.2 Compatiblity","BaseMod","CapriCore","Colored Map","Colored Powertips","Custom Start","Friendly Minions","Keyboard Shortcuts","Minty Spire (QoL Compilation)","Relic Stats","Slay the Relics Exporter","StSLib","SuperFastMode","Uncapped"],"gold_per_floor":[119,132,132,132,132,132,132,132,210,210,210,210,236,264,264,339,339,351,368,368,293,293,293,293,293,293,293,116,146,146,146,146,220,220,235,235,248,77,77,77,77,129,197,197,197,207,237,237,237,237,237,237,237,22,54,54],"floor_reached":57,"language":"KOR","playtime":1193,"items_purged":[],"score":2913,"play_id":"07a842d7-c791-4f84-91dc-66f343c7b098","local_time":"20210216213706","is_ascension_mode":true,"campfire_choices":[{"data":"1","floor":6.0,"key":"LIFT"},{"data":"2","floor":7.0,"key":"LIFT"},{"data":"3","floor":8.0,"key":"LIFT"},{"data":"Neutralize","floor":10.0,"key":"SMITH"},{"data":"Dagger Spray","floor":11.0,"key":"SMITH"},{"data":"Acrobatics","floor":12.0,"key":"SMITH"},{"data":"Accuracy","floor":15.0,"key":"SMITH"},{"data":"Envenom","floor":23.0,"key":"SMITH"},{"data":"Eviscerate","floor":24.0,"key":"SMITH"},{"data":"Blade Dance","floor":25.0,"key":"SMITH"},{"data":"Survivor","floor":27.0,"key":"SMITH"},{"data":"Calculated Gamble","floor":32.0,"key":"SMITH"},{"data":"Die Die Die","floor":40.0,"key":"SMITH"},{"data":"Backflip","floor":44.0,"key":"SMITH"}],"circlet_count":0,"master_deck":["Survivor+1","Neutralize+1","Acrobatics+1","Dagger Spray+1","Blade Dance+1","Accuracy+1","Envenom+1","Eviscerate+1","Calculated Gamble+1","Die Die Die+1","Backflip+1"],"relics":["Ring of the Serpent","Vajra","Oddly Smooth Stone","Paper Crane","Coffee Dripper","Girya","Strawberry","Question Card","Ginger","HoveringKite","Snake Skull","WingedGreaves","Turnip","SlaversCollar","Membership Card","TungstenRod","TheAbacus","Letter Opener","Medical Kit","Mercury Hourglass","Happy Flower"],"acts_visited":["Exordium","TheCity","TheBeyond","TheEnding"],"potions_floor_usage":[56,56],"damage_taken":[{"damage":0.0,"enemies":"Small Slimes","floor":1.0,"turns":2.0},{"damage":0.0,"enemies":"Jaw Worm","floor":2.0,"turns":2.0},{"damage":0.0,"enemies":"Gremlin Nob","floor":13.0,"turns":3.0},{"damage":0.0,"enemies":"Lagavulin","floor":14.0,"turns":5.0},{"damage":12.0,"enemies":"Slime Boss","floor":16.0,"turns":6.0},{"damage":2.0,"enemies":"2 Thieves","floor":18.0,"turns":2.0},{"damage":0.0,"enemies":"Spheric Guardian","floor":19.0,"turns":3.0},{"damage":15.0,"enemies":"Slavers","floor":29.0,"turns":2.0},{"damage":16.0,"enemies":"Automaton","floor":33.0,"turns":4.0},{"damage":9.0,"enemies":"Orb Walker","floor":35.0,"turns":2.0},{"damage":0.0,"enemies":"3 Darklings","floor":37.0,"turns":2.0},{"damage":5.0,"enemies":"2 Orb Walkers","floor":42.0,"turns":2.0},{"damage":24.0,"enemies":"4 Shapes","floor":46.0,"turns":1.0},{"damage":0.0,"enemies":"Reptomancer","floor":47.0,"turns":2.0},{"damage":6,"enemies":"Awakened One","floor":50,"turns":5},{"damage":12,"enemies":"Donu and Deca","floor":51,"turns":3},{"damage":0,"enemies":"Shield and Spear","floor":55,"turns":3},{"damage":38,"enemies":"The Heart","floor":56,"turns":5}],"seed_played":"589790935860366663","potions_obtained":[{"floor":2.0,"key":"EssenceOfSteel"},{"floor":14.0,"key":"LiquidMemories"},{"floor":18.0,"key":"Fruit Juice"},{"floor":33.0,"key":"CultistPotion"}],"is_trial":false,"path_per_floor":["M","M","?","?","?","R","R","R","T","R","R","R","E","E","R","B",null,"M","M","?","?","T","R","R","R","T","R","$","E","$","?","R","B",null,"M","?","M","$","?","R","$","?","T","R","?","M","E","$","R","B","B",null,"R","$","E","B",null],"character_chosen":"THE_SILENT","items_purchased":["Calculated Gamble","Footwork","Block Potion","Membership Card","Medical Kit","Mercury Hourglass"],"campfire_rested":0,"item_purchase_floors":[28,28,28,38,54,54],"current_hp_per_floor":[59,59,39,41,41,41,41,41,41,41,41,41,41,41,41,29,62,60,60,60,60,60,60,60,60,60,60,65,50,50,28,28,12,65,56,56,56,56,56,56,56,51,51,51,51,27,27,27,27,21,9,62,62,62,62,24],"gold":54,"neow_bonus":"THREE_CARDS","is_daily":false,"chose_seed":false,"campfire_upgraded":11,"win_rate":0.0,"timestamp":1613479026,"path_taken":["M","M","?","?","?","R","R","R","T","R","R","R","E","E","R","BOSS","M","?","?","?","?","R","R","R","T","R","?","E","$","?","R","BOSS","M","?","?","$","?","R","$","?","T","R","?","?","E","?","R","BOSS","BOSS","R","$","E","BOSS"],"items_purchased_type":["Card","Card","Potion","Relic","Relic","Relic"],"build_version":"2020-12-22","purchased_purges":0,"victory":true,"max_hp_per_floor":[66,66,66,73,73,73,73,73,73,73,73,73,73,73,73,73,73,73,73,73,73,73,73,73,73,73,73,78,78,78,83,83,83,83,83,83,83,83,83,83,83,83,83,83,79,79,79,79,79,79,79,79,79,79,79,79],"relic_stats":{"Happy Flower":[1],"counters":[18,54],"HoveringKite":[28],"Snake Skull":[236],"Ginger":[2],"Letter Opener":[128],"Question Card":12,"Medical Kit":[6],"Mercury Hourglass":[24],"TheAbacus":[306],"Turnip":[2],"obtain_stats":[{"Girya":0,"Happy Flower":55,"Vajra":0,"Oddly Smooth Stone":0,"HoveringKite":17,"Snake Skull":17,"Ginger":14,"Letter Opener":47,"Paper Crane":0,"Question Card":13,"Medical Kit":54,"Mercury Hourglass":54,"SlaversCollar":34,"TheAbacus":45,"Strawberry":4,"WingedGreaves":3,"Turnip":29,"Coffee Dripper":0,"Membership Card":38,"Ring of the Serpent":0,"TungstenRod":42,"Ring of the Snake":0},{"Girya":0,"Happy Flower":17,"Vajra":0,"Oddly Smooth Stone":0,"HoveringKite":5,"Snake Skull":5,"Ginger":4,"Letter Opener":14,"Paper Crane":0,"Question Card":3,"Medical Kit":16,"Mercury Hourglass":16,"SlaversCollar":9,"TheAbacus":12,"Strawberry":2,"WingedGreaves":2,"Turnip":8,"Coffee Dripper":0,"Membership Card":11,"Ring of the Serpent":0,"TungstenRod":12,"Ring of the Snake":0},{"Girya":0,"Happy Flower":49,"Vajra":0,"Oddly Smooth Stone":0,"HoveringKite":18,"Snake Skull":18,"Ginger":12,"Letter Opener":38,"Paper Crane":0,"Question Card":7,"Medical Kit":46,"Mercury Hourglass":46,"SlaversCollar":29,"TheAbacus":35,"Strawberry":4,"WingedGreaves":4,"Turnip":25,"Coffee Dripper":0,"Membership Card":33,"Ring of the Serpent":0,"TungstenRod":35,"Ring of the Snake":0}],"TungstenRod":22},"card_choices":[{"not_picked":["Outmaneuver","PiercingWail"],"picked":"Acrobatics","floor":0.0},{"not_picked":["Bane","Dagger Throw"],"picked":"Dagger Spray","floor":1.0},{"not_picked":["PiercingWail","Flechettes","Bane"],"picked":"SKIP","floor":2.0},{"not_picked":["PiercingWail","Prepared"],"picked":"Blade Dance","floor":13.0},{"not_picked":["Dagger Spray","Underhanded Strike","PiercingWail"],"picked":"Accuracy","floor":14.0},{"not_picked":["Bullet Time","Night Terror","Malaise"],"picked":"Envenom","floor":16.0},{"not_picked":["Dash","Underhanded Strike+1","Deadly Poison+1"],"picked":"Eviscerate","floor":18.0},{"not_picked":["Poisoned Stab","Accuracy","Quick Slash","Blur"],"picked":"SKIP","floor":19.0},{"not_picked":["Eviscerate","Predator","Poisoned Stab","Expertise+1"],"picked":"SKIP","floor":29.0},{"not_picked":["Venomology","Corpse Explosion","Grand Finale"],"picked":"Die Die Die","floor":33.0},{"not_picked":["Underhanded Strike","Quick Slash","Dodge and Roll+1","Catalyst"],"picked":"SKIP","floor":35.0},{"not_picked":["Predator+1","Flying Knee","Noxious Fumes"],"picked":"Backflip","floor":37.0},{"not_picked":["Heel Hook","Slice","Leg Sweep","Bouncing Flask"],"picked":"SKIP","floor":46.0},{"not_picked":["Prepared+1","Terror","Wraith Form v2","Finisher"],"picked":"SKIP","floor":47.0},{"not_picked":["Dagger Spray+1","Acrobatics","Backstab","Dagger Throw"],"picked":"SKIP","floor":55}],"player_experience":694148,"relics_obtained":[{"floor":13.0,"key":"Question Card"},{"floor":14.0,"key":"Ginger"},{"floor":29.0,"key":"Turnip"},{"floor":42.0,"key":"TungstenRod"},{"floor":47.0,"key":"Letter Opener"},{"floor":55,"key":"Happy Flower"}],"event_choices":[{"damage_healed":0.0,"max_hp_gain":0.0,"max_hp_loss":0.0,"gold_gain":0.0,"event_name":"Shining Light","player_choice":"Entered Light","floor":3.0,"gold_loss":0.0,"damage_taken":20.0,"cards_upgraded":["Strike_G","Strike_G"]},{"damage_healed":0.0,"max_hp_gain":0.0,"max_hp_loss":0.0,"gold_gain":0.0,"event_name":"Scrap Ooze","player_choice":"Success","floor":4.0,"gold_loss":0.0,"damage_taken":5.0,"relics_obtained":["Strawberry"]},{"damage_healed":0.0,"max_hp_gain":0.0,"max_hp_loss":0.0,"gold_gain":0.0,"event_name":"Transmorgrifier","player_choice":"Ignored","floor":5.0,"gold_loss":0.0,"damage_taken":0.0},{"damage_healed":0.0,"max_hp_gain":0.0,"max_hp_loss":0.0,"gold_gain":0.0,"event_name":"Vampires","player_choice":"Ignored","floor":20.0,"gold_loss":0.0,"damage_taken":0.0},{"cards_removed":["Strike_G"],"damage_healed":0.0,"max_hp_gain":0.0,"max_hp_loss":0.0,"gold_gain":0.0,"event_name":"Beggar","player_choice":"Gave Gold","floor":21.0,"gold_loss":75.0,"damage_taken":0.0},{"damage_healed":0.0,"max_hp_gain":5.0,"max_hp_loss":0.0,"gold_gain":0.0,"event_name":"Forgotten Altar","player_choice":"Shed Blood","floor":31.0,"gold_loss":0.0,"damage_taken":27.0},{"damage_healed":0.0,"max_hp_gain":0.0,"max_hp_loss":0.0,"gold_gain":0.0,"event_name":"Transmorgrifier","player_choice":"Ignored","floor":36.0,"gold_loss":0.0,"damage_taken":0.0},{"cards_removed":["Footwork"],"damage_healed":0.0,"max_hp_gain":0.0,"max_hp_loss":0.0,"gold_gain":0.0,"event_name":"Falling","player_choice":"Removed Power","floor":39.0,"gold_loss":0.0,"damage_taken":0.0},{"damage_healed":0.0,"max_hp_gain":0.0,"max_hp_loss":0.0,"gold_gain":0.0,"event_name":"Mysterious Sphere","player_choice":"Fight","floor":42.0,"gold_loss":0.0,"damage_taken":0.0},{"damage_healed":0.0,"max_hp_gain":0.0,"max_hp_loss":4.0,"gold_gain":0.0,"event_name":"Winding Halls","player_choice":"Max HP","floor":45.0,"gold_loss":0.0,"damage_taken":0.0}],"is_beta":false,"boss_relics":[{"not_picked":["Coffee Dripper","Sozu","SacredBark"]},{"not_picked":["Velvet Choker","Calling Bell"],"picked":"SlaversCollar"}],"items_purged_floors":[],"is_endless":false,"potions_floor_spawned":[2,14,18,33,35],"ascension_level":20}}