{"host":"og6lam4kt3nibbw0","time":1613496214,"event":{"mods":["AchievementEnabler","BaseMod","Colored Map","DeckTracker","Highlight Path","Keyboard Shortcuts","Minty Spire (QoL Compilation)","Permanent Neow","Quick Restart","StSLib","SuperFastMode"],"gold_per_floor":[114,133,133,143,143,143,143],"floor_reached":6,"language":"KOR","playtime":246,"items_purged":[],"score":72,"play_id":"87f34974-c402-4129-b14b-182e03e0f237","local_time":"20210217022334","is_ascension_mode":true,"campfire_choices":[],"circlet_count":0,"master_deck":["AscendersBane","Strike_B","Strike_B","Strike_B","Strike_B+1","Defend_B","Defend_B+1","Defend_B","Defend_B","Zap","Dualcast","CurseOfTheBell","Storm","Compile Driver","Rip and Tear"],"relics":["Calling Bell","PreservedInsect","Meat on the Bone","Du-Vu Doll","Happy Flower"],"acts_visited":["Exordium"],"potions_floor_usage":[],"damage_taken":[{"damage":7.0,"enemies":"Cultist","floor":1.0,"turns":4.0},{"damage":11.0,"enemies":"Small Slimes","floor":2.0,"turns":4.0},{"damage":12.0,"enemies":"Jaw Worm","floor":4.0,"turns":3.0},{"damage":33,"enemies":"Gremlin Nob","floor":6,"turns":3}],"seed_played":"2513599544235063625","potions_obtained":[{"floor":2.0,"key":"Energy Potion"}],"is_trial":false,"path_per_floor":["M","M","T","M","?","E"],"character_chosen":"DEFECT","items_purchased":[],"campfire_rested":0,"item_purchase_floors":[],"current_hp_per_floor":[57,46,46,46,25,0,0],"gold":143,"neow_bonus":"BOSS_RELIC","is_daily":false,"chose_seed":false,"campfire_upgraded":0,"win_rate":0.0,"timestamp":1613496214,"path_taken":["M","M","?","M","?","E"],"items_purchased_type":[],"build_version":"2020-12-22","purchased_purges":0,"victory":false,"max_hp_per_floor":[71,71,71,71,71,71,71],"card_choices":[{"not_picked":["Rebound","Redo"],"picked":"Storm","floor":1.0},{"not_picked":["Steam","Coolheaded"],"picked":"Compile Driver","floor":2.0},{"not_picked":["Hello World","Go for the Eyes"],"picked":"Rip and Tear","floor":4.0}],"player_experience":965275,"relics_obtained":[{"floor":0.0,"key":"PreservedInsect"},{"floor":0.0,"key":"Meat on the Bone"},{"floor":0.0,"key":"Du-Vu Doll"},{"floor":3.0,"key":"Happy Flower"}],"event_choices":[{"damage_healed":0.0,"max_hp_gain":0.0,"max_hp_loss":0.0,"gold_gain":0.0,"event_name":"Shining Light","player_choice":"Entered Light","floor":5.0,"gold_loss":0.0,"damage_taken":21.0,"cards_upgraded":["Strike_B","Defend_B"]}],"is_beta":false,"boss_relics":[],"items_purged_floors":[],"is_endless":false,"potions_floor_spawned":[2],"killed_by":"Gremlin Nob","ascension_level":20}}