{"host":"Doisman","time":1613499769,"event":{"mods":["AchievementEnabler","BaseMod","Better Note","Curses Come First","Minty Spire (QoL Compilation)","Permanent Neow","Quick Restart","Relic Stats","Replay The Spire","StSLib","slay the spire mod where everything is the same but ironclad has a cowboy hat"],"gold_per_floor":[109,109,38,38,38,63,73,73,97,109,126,126,15,35,35,136,136,146,146,71,71,71,71,88,88,88,135,147,161,161,195,195,290,290,309,325,325,67,82,82,109,109,109,129,129,155,206,206,223,223,223,223],"floor_reached":53,"language":"ENG","playtime":2076,"items_purged":["Strike_B"],"score":922,"play_id":"5172de33-eb3a-45d6-9e99-26c1b37420fb","local_time":"20210216122249","is_ascension_mode":true,"campfire_choices":[{"floor":8,"key":"REST"},{"floor":15,"key":"REST"},{"floor":40,"key":"REST"},{"floor":48,"key":"REST"}],"circlet_count":0,"master_deck":["Defend_B+1","Defend_B+1","Defend_B+1","Defend_B+1","Zap","Dualcast","Coolheaded","Capacitor","Defragment+1","Self Repair","Ball Lightning","ReplayGash","FIFO Queue","Consume","Self Repair","Amplify","Coolheaded","Replay:Bootleg Shield Generator","Hologram","Coolheaded","Chaos","Seek","Leap+1","Hologram+1","Loop+1","Coolheaded","Crystallizer+1","Buffer","ReplayTheSpireMod:System Scan","Blizzard+1"],"relics":["Fusion Hammer","Divine Protection","Replay:Wax Seal","Anchor","DataDisk","Empty Cage","Chameleon Ring","Sundial","Bag of Marbles","Bottled Flame","Cursed Key","Meat on the Bone","Iron Hammer","Letter Opener","Onion Ring","Bottled Tornado"],"acts_visited":["Exordium","TheCity","TheBeyond"],"potions_floor_usage":[11,11,11,29,31,33,33,36,52,52,52],"damage_taken":[{"damage":6,"enemies":"Jaw Worm","floor":1,"turns":3},{"damage":34,"enemies":"Gremlin Nob","floor":6,"turns":6},{"damage":0,"enemies":"Cultist","floor":7,"turns":5},{"damage":0,"enemies":"2 Louse","floor":10,"turns":3},{"damage":0,"enemies":"Exordium Thugs","floor":11,"turns":4},{"damage":0,"enemies":"Gremlin Gang","floor":14,"turns":5},{"damage":32,"enemies":"Fading Forest","floor":16,"turns":11},{"damage":2,"enemies":"3 Byrds","floor":18,"turns":5},{"damage":0,"enemies":"Spheric Guardian","floor":24,"turns":7},{"damage":0,"enemies":"Shelled Parasite and Fungi","floor":28,"turns":8},{"damage":0,"enemies":"Snecko","floor":29,"turns":4},{"damage":3,"enemies":"Slavers","floor":31,"turns":8},{"damage":0,"enemies":"Pondfish","floor":33,"turns":11},{"damage":0,"enemies":"3 Shapes","floor":35,"turns":6},{"damage":6,"enemies":"3 Darklings","floor":36,"turns":8},{"damage":52,"enemies":"Transient","floor":39,"turns":5},{"damage":0,"enemies":"Giant Head","floor":41,"turns":9},{"damage":0,"enemies":"Maw","floor":44,"turns":9},{"damage":0,"enemies":"Nemesis","floor":46,"turns":11},{"damage":20,"enemies":"3 Darklings","floor":49,"turns":10},{"damage":2,"enemies":"Donu and Deca","floor":52,"turns":10}],"seed_played":"-3639535591791209419","potions_obtained":[{"floor":2,"key":"Ancient Potion"},{"floor":2,"key":"ColorlessPotion"},{"floor":2,"key":"GamblersBrew"},{"floor":10,"key":"Regen Potion"},{"floor":23,"key":"PowerPotion"},{"floor":29,"key":"Adrenaline Potion"},{"floor":30,"key":"EssenceOfSteel"},{"floor":30,"key":"FairyPotion"},{"floor":31,"key":"FocusPotion"},{"floor":35,"key":"AttackPotion"},{"floor":44,"key":"BlessingOfTheForge"},{"floor":46,"key":"SpeedPotion"},{"floor":49,"key":"FocusPotion"},{"floor":51,"key":"CultistPotion"},{"floor":51,"key":"SkillPotion"}],"is_trial":false,"path_per_floor":["M","?","$","T","?","E","M","R","T","M","M","?","$","M","R","B",null,"M","?","$","?","T","R","M","?","T","T","M","M","R","E","R","B",null,"M","M","?","$","M","R","E","PTL","PTL","M","T","E","?","R","M","?","R","B",null],"character_chosen":"DEFECT","items_purchased":["Capacitor","FIFO Queue","Consume","Iron Hammer"],"campfire_rested":4,"item_purchase_floors":[3,13,13,38],"current_hp_per_floor":[69,69,69,69,69,35,42,64,64,71,75,68,68,75,75,60,75,75,75,75,75,75,75,75,75,75,75,75,75,75,75,75,75,75,75,75,75,75,42,64,75,75,75,75,75,75,57,75,75,75,75,75],"gold":223,"neow_bonus":"BOSS_RELIC","is_daily":false,"chose_seed":false,"campfire_upgraded":0,"win_rate":0.0,"timestamp":1613499769,"path_taken":["M","?","?","?","?","E","M","R","T","?","?","?","?","?","R","BOSS","M","?","$","?","?","R","?","?","T","?","M","M","R","E","R","BOSS","M","M","?","?","?","R","E","PTL","PTL","M","T","E","?","R","M","?","R","BOSS"],"items_purchased_type":["Card","Card","Card","Relic"],"build_version":"2020-12-18","purchased_purges":1,"victory":true,"max_hp_per_floor":[75,75,75,75,75,75,75,75,75,75,75,75,75,75,75,75,75,75,75,75,75,75,75,75,75,75,75,75,75,75,75,75,75,75,75,75,75,75,75,75,75,75,75,75,75,75,75,75,75,75,75,75],"relic_stats":{"counters":[21,148],"Sundial":[14],"Letter Opener":[231],"Cursed Key":0,"obtain_stats":[{"Divine Protection":4,"Letter Opener":41,"Bottled Tornado":47,"Empty Cage":17,"Cursed Key":34,"Anchor":9,"DataDisk":12,"Bottled Flame":31,"Chameleon Ring":22,"Sundial":26,"Onion Ring":46,"Fusion Hammer":0,"Iron Hammer":38,"Bag of Marbles":27,"Replay:Wax Seal":6,"Cracked Core":0,"Meat on the Bone":37},{"Divine Protection":1,"Letter Opener":17,"Bottled Tornado":19,"Empty Cage":7,"Cursed Key":13,"Anchor":3,"DataDisk":5,"Bottled Flame":12,"Chameleon Ring":8,"Sundial":9,"Onion Ring":19,"Fusion Hammer":0,"Iron Hammer":15,"Bag of Marbles":9,"Replay:Wax Seal":2,"Cracked Core":0,"Meat on the Bone":15},{"Divine Protection":3,"Letter Opener":108,"Bottled Tornado":128,"Empty Cage":37,"Cursed Key":80,"Anchor":14,"DataDisk":21,"Bottled Flame":69,"Chameleon Ring":42,"Sundial":49,"Onion Ring":128,"Fusion Hammer":0,"Iron Hammer":94,"Bag of Marbles":49,"Replay:Wax Seal":9,"Cracked Core":0,"Meat on the Bone":94}],"Meat on the Bone":12},"card_choices":[{"not_picked":["Hologram","ReplayTheSpireMod:Reroute Power"],"picked":"Coolheaded","floor":1},{"not_picked":["Darkness","Fusion"],"picked":"Self Repair","floor":6},{"not_picked":["Steam","BasicCrystalCard"],"picked":"Ball Lightning","floor":7},{"not_picked":["Redo","Steam","BasicCrystalCard"],"picked":"SKIP","floor":10},{"not_picked":["Steam","Turbo"],"picked":"ReplayGash","floor":11},{"not_picked":["Fission","Barrage"],"picked":"Self Repair","floor":14},{"not_picked":["Biased Cognition","Mirror Shield"],"picked":"Amplify","floor":16},{"not_picked":["ReplayTheSpireMod:System Scan+1","ReplayTheSpireMod:Repulse"],"picked":"Coolheaded","floor":18},{"not_picked":["Ball Lightning","Steam+1"],"picked":"Hologram","floor":24},{"not_picked":["Tempest","Redo"],"picked":"Coolheaded","floor":28},{"not_picked":["Beam Cell","Streamline+1","Go for the Eyes+1"],"picked":"SKIP","floor":29},{"not_picked":["Amplify","Steam"],"picked":"Chaos","floor":31},{"not_picked":["Hyperbeam","ReplayTheSpireMod:Fabricate Wheel"],"picked":"Seek","floor":33},{"not_picked":["Streamline+1","ReplayTheSpireMod:Reroute Power+1"],"picked":"Leap+1","floor":35},{"not_picked":["Leap+1","Double Energy"],"picked":"Hologram+1","floor":36},{"not_picked":["Storm","White Noise+1"],"picked":"Loop+1","floor":39},{"not_picked":["Core Surge","Cold Snap"],"picked":"Coolheaded","floor":41},{"not_picked":["FIFO Queue+1","Redo"],"picked":"Crystallizer+1","floor":44},{"not_picked":["Self Repair","Beam Cell"],"picked":"Buffer","floor":46},{"not_picked":["Self Repair","Redo"],"picked":"ReplayTheSpireMod:System Scan","floor":47},{"not_picked":["Beam Cell+1","BasicCrystalCard+1"],"picked":"Blizzard+1","floor":49}],"player_experience":1136706,"relics_obtained":[{"floor":4,"key":"Divine Protection"},{"floor":6,"key":"Replay:Wax Seal"},{"floor":9,"key":"Anchor"},{"floor":22,"key":"Chameleon Ring"},{"floor":26,"key":"Sundial"},{"floor":27,"key":"Bag of Marbles"},{"floor":31,"key":"Bottled Flame"},{"floor":41,"key":"Letter Opener"},{"floor":46,"key":"Onion Ring"},{"floor":47,"key":"Bottled Tornado"}],"event_choices":[{"damage_healed":0,"gold_gain":0,"player_choice":"Got Potions","damage_taken":0,"max_hp_gain":0,"max_hp_loss":0,"event_name":"Lab","floor":2,"gold_loss":0},{"damage_healed":0,"gold_gain":0,"player_choice":"Success","damage_taken":7,"relics_obtained":["DataDisk"],"max_hp_gain":0,"max_hp_loss":0,"event_name":"Scrap Ooze","floor":12,"gold_loss":0},{"damage_healed":0,"gold_gain":0,"player_choice":"1 cards matched","damage_taken":0,"max_hp_gain":0,"max_hp_loss":0,"event_name":"Match and Keep!","floor":19,"gold_loss":0,"cards_obtained":["Replay:Bootleg Shield Generator"]},{"damage_healed":0,"gold_gain":0,"player_choice":"Ignored","damage_taken":0,"max_hp_gain":0,"max_hp_loss":0,"event_name":"betterNote:BetterNote","floor":21,"gold_loss":0,"cards_obtained":["Die Die Die"]},{"damage_healed":0,"gold_gain":0,"player_choice":"Simplicity","damage_taken":0,"max_hp_gain":0,"max_hp_loss":0,"event_name":"Back to Basics","floor":25,"gold_loss":0,"cards_upgraded":["Defend_B","Defend_B","Defend_B","Defend_B"]},{"damage_healed":0,"gold_gain":0,"player_choice":"Gave Potion","damage_taken":0,"relics_obtained":["Meat on the Bone"],"max_hp_gain":0,"max_hp_loss":0,"event_name":"WeMeetAgain","floor":37,"gold_loss":0}],"is_beta":true,"boss_relics":[{"not_picked":["Replay:Wanted Poster","Sozu"],"picked":"Empty Cage"},{"not_picked":["Snecko Eye","SacredBark"],"picked":"Cursed Key"}],"items_purged_floors":[20],"is_endless":false,"potions_floor_spawned":[7,10,28,29,31,35,44,46,49],"ascension_level":1}}