{"host":"bx54wbx1b8s5cm4v","time":1613459592,"event":{"mods":["BaseMod","Beaked The Cultist","GifTheSpireLib","Hubris","Marisa????????","Minty Spire (QoL Compilation)","StSLib","The Blackbeard","The Bladedancer","The Cursed","The Disciple","The Druid","The Forsaken","The Necromancer","The Runesmith","The Servant 0.9.4","TheBandit"],"gold_per_floor":[12,23,41,57,67,67,93,93,93,93,128,147,164,195,195,293,293,303,317,16,32,50,50,79,79,105,105,30,61,61,61,61,61,61],"floor_reached":33,"language":"ENG","playtime":1343,"items_purged":["Defend_G"],"score":401,"play_id":"dbd06a73-91ef-4666-a9df-16b1dd0f77fa","local_time":"20210216041312","is_ascension_mode":true,"campfire_choices":[{"data":"Terror","floor":6,"key":"SMITH"},{"data":"hubris:Counter","floor":8,"key":"SMITH"},{"data":"Skewer","floor":10,"key":"SMITH"},{"data":"Neutralize","floor":15,"key":"SMITH"},{"data":"Adrenaline","floor":23,"key":"SMITH"},{"data":"Choke","floor":27,"key":"SMITH"},{"floor":30,"key":"REST"},{"data":"Dash","floor":32,"key":"SMITH"}],"circlet_count":0,"master_deck":["Strike_G","Strike_G","Strike_G","Strike_G","Strike_G","Defend_G","Defend_G","Defend_G","Defend_G","Survivor","Neutralize+1","Terror+1","Calculated Gamble","Skewer+1","hubris:Counter+1","Choke+1","Expertise","Dash+1","Flying Knee","Masterful Stab","Blur","Adrenaline+1","Finisher","hubris:SlightOfHand+1","Prepared","Poisoned Stab","Dagger Spray","Flechettes","Necronomicurse"],"relics":["Ring of the Snake","Ice Cream","hubris:TenFootPole","Orichalcum","Sundial","Blood Vial","SacredBark","HandDrill","Snake Skull","hubris:AncientText","hubris:Teleporter","Tiny Chest","hubris:ToyBattleship","Necronomicon"],"acts_visited":["Exordium","TheCity"],"potions_floor_usage":[19,21,24,24],"damage_taken":[{"damage":0,"enemies":"Cultist","floor":1,"turns":4},{"damage":2,"enemies":"Small Slimes","floor":2,"turns":5},{"damage":5,"enemies":"2 Louse","floor":3,"turns":3},{"damage":4,"enemies":"Blue Slaver","floor":4,"turns":5},{"damage":2,"enemies":"3 Louse","floor":5,"turns":3},{"damage":14,"enemies":"3 Sentries","floor":7,"turns":8},{"damage":7,"enemies":"Lagavulin","floor":11,"turns":4},{"damage":0,"enemies":"2 Fungi Beasts","floor":12,"turns":3},{"damage":0,"enemies":"Exordium Thugs","floor":13,"turns":3},{"damage":0,"enemies":"Gremlin Nob","floor":14,"turns":2},{"damage":0,"enemies":"Slime Boss","floor":16,"turns":8},{"damage":4,"enemies":"3 Byrds","floor":18,"turns":5},{"damage":0,"enemies":"Shell Parasite","floor":19,"turns":2},{"damage":1,"enemies":"Snecko","floor":21,"turns":4},{"damage":15,"enemies":"Cultist and Chosen","floor":22,"turns":5},{"damage":9,"enemies":"Gremlin Leader","floor":24,"turns":7},{"damage":27,"enemies":"Slavers","floor":29,"turns":5},{"damage":57,"enemies":"hubris:MusketHawk","floor":33,"turns":6}],"seed_played":"-3000194129288434343","potions_obtained":[{"floor":3,"key":"FearPotion"},{"floor":4,"key":"Weak Potion"},{"floor":7,"key":"FearPotion"},{"floor":12,"key":"Energy Potion"},{"floor":19,"key":"Weak Potion"},{"floor":22,"key":"Strength Potion"}],"is_trial":false,"path_per_floor":["M","M","M","M","M","R","E","R","T","R","E","M","M","E","R","B",null,"M","M","$","M","M","R","E","T","T","R","$","E","R","?","R","B"],"character_chosen":"THE_SILENT","items_purchased":["HandDrill","Snake Skull"],"campfire_rested":1,"item_purchase_floors":[20,20],"current_hp_per_floor":[70,68,63,59,57,57,43,43,43,43,36,36,36,36,36,38,70,66,68,68,69,55,55,48,48,48,48,48,23,44,37,37,0,0],"gold":61,"neow_bonus":"ONE_RARE_RELIC","is_daily":false,"chose_seed":false,"campfire_upgraded":7,"win_rate":0.0,"timestamp":1613459592,"path_taken":["M","M","M","?","M","R","E","R","T","R","E","M","M","E","R","BOSS","M","M","?","?","M","R","E","?","T","R","$","E","R","?","R","BOSS"],"items_purchased_type":["Relic","Relic"],"build_version":"2020-12-22","purchased_purges":1,"victory":false,"max_hp_per_floor":[70,70,70,70,70,70,70,70,70,70,70,70,70,70,70,70,70,70,70,70,70,70,70,70,70,70,70,70,70,70,70,70,70,70],"card_choices":[{"not_picked":["Backflip","Deadly Poison"],"picked":"Terror","floor":1},{"not_picked":["Caltrops","Dodge and Roll"],"picked":"Calculated Gamble","floor":2},{"not_picked":["Caltrops","Predator"],"picked":"Skewer","floor":3},{"not_picked":["Prepared","Blur"],"picked":"hubris:Counter","floor":4},{"not_picked":["Deadly Poison","Outmaneuver"],"picked":"Choke","floor":5},{"not_picked":["Deadly Poison","Malaise"],"picked":"Expertise","floor":7},{"not_picked":["Underhanded Strike","Crippling Poison"],"picked":"Dash","floor":11},{"not_picked":["Deadly Poison","hubris:SlightOfHand"],"picked":"Flying Knee","floor":12},{"not_picked":["Deadly Poison","Endless Agony"],"picked":"Masterful Stab","floor":13},{"not_picked":["Sucker Punch","Terror"],"picked":"Blur","floor":14},{"not_picked":["Burst","A Thousand Cuts"],"picked":"Adrenaline","floor":16},{"not_picked":["Dagger Spray","Underhanded Strike"],"picked":"Finisher","floor":18},{"not_picked":["Flying Knee","Dagger Throw"],"picked":"hubris:SlightOfHand+1","floor":19},{"not_picked":["Bane","Well Laid Plans"],"picked":"Prepared","floor":21},{"not_picked":["Catalyst+1","Choke"],"picked":"Poisoned Stab","floor":22},{"not_picked":["Endless Agony","Bane"],"picked":"Dagger Spray","floor":24},{"not_picked":["Doppelganger","Acrobatics"],"picked":"Flechettes","floor":29}],"player_experience":51280,"relics_obtained":[{"floor":7,"key":"hubris:TenFootPole"},{"floor":9,"key":"Orichalcum"},{"floor":11,"key":"Sundial"},{"floor":14,"key":"Blood Vial"},{"floor":24,"key":"hubris:AncientText"},{"floor":25,"key":"hubris:Teleporter"},{"floor":26,"key":"Tiny Chest"},{"floor":29,"key":"hubris:ToyBattleship"},{"floor":31,"key":"Necronomicon"}],"event_choices":[{"damage_healed":0,"gold_gain":0,"player_choice":"Obtained Book","damage_taken":16,"max_hp_gain":0,"max_hp_loss":0,"event_name":"Cursed Tome","floor":31,"gold_loss":0}],"is_beta":false,"boss_relics":[{"not_picked":["hubris:BlackHole","Runesmith:UraniumAnvil"],"picked":"SacredBark"}],"items_purged_floors":[28],"is_endless":false,"potions_floor_spawned":[3,4,7,12,14,18,19,22],"killed_by":"hubris:MusketHawk","ascension_level":1}}