{"host":"oeeu8njhzvf3llor","time":1613517971,"event":{"mods":["BaseMod","Better Match","Better Note","Better Skull","Better Third Choice","Hubris","Minty Spire (QoL Compilation)","Rare Cards Sparkle","Replay The Spire","Shop Mod","Spicy Shops","StSLib","Swap Starting Deck Mod"],"gold_per_floor":[115,115,127,137,137,171,171,205,231,231,245,262,292,304,304,402,402,342,342],"floor_reached":18,"language":"ENG","playtime":686,"items_purged":[],"score":216,"play_id":"ac8e93ee-e895-42f7-ade4-44b69ae83862","local_time":"20210216182611","is_ascension_mode":true,"campfire_choices":[{"data":"Loop","floor":7,"key":"SMITH"},{"floor":10,"key":"REST"},{"data":"Double Energy","floor":15,"key":"SMITH"}],"circlet_count":0,"master_deck":["Meteor Strike+1","Streamline","Streamline","Streamline","Streamline","Conserve Battery","Conserve Battery","Conserve Battery","Double Energy+1","Recycle","Streamline","Self Repair","Loop+1","Self Repair","Pot Of Greed","Pot Of Greed","Self Repair","Machine Learning"],"relics":["Cracked Core","swapstartingdeckmod:DeadBlossom","Blood Vial","hubris:TenFootPole","Blue Doll","Grinning Jar","hubris:RunicObelisk"],"acts_visited":["Exordium","TheCity"],"potions_floor_usage":[6,8],"damage_taken":[{"damage":0,"enemies":"2 Louse","floor":1,"turns":2},{"damage":4,"enemies":"Jaw Worm","floor":3,"turns":3},{"damage":6,"enemies":"Cultist","floor":4,"turns":3},{"damage":21,"enemies":"3 Sentries","floor":6,"turns":7},{"damage":20,"enemies":"Gremlin Nob","floor":8,"turns":4},{"damage":1,"enemies":"2 Fungi Beasts","floor":11,"turns":4},{"damage":13,"enemies":"Looter","floor":12,"turns":3},{"damage":5,"enemies":"Replay:BlueRogue","floor":13,"turns":5},{"damage":15,"enemies":"Large Slime","floor":14,"turns":5},{"damage":48,"enemies":"Fading Forest","floor":16,"turns":11},{"damage":23,"enemies":"2 Thieves","floor":18,"turns":2}],"seed_played":"-7955808795620529590","potions_obtained":[{"floor":3,"key":"ColorlessPotion"},{"floor":4,"key":"ColorlessPotion"},{"floor":5,"key":"DistilledChaos"},{"floor":5,"key":"PotionOfCapacity"},{"floor":12,"key":"PotionOfCapacity"},{"floor":13,"key":"Swift Potion"}],"is_trial":false,"path_per_floor":["M","?","M","M","?","E","R","E","T","R","M","M","E","M","R","B",null,"M"],"character_chosen":"DEFECT","items_purchased":[],"campfire_rested":1,"item_purchase_floors":[],"current_hp_per_floor":[75,75,71,69,69,52,52,37,37,48,55,50,53,50,50,24,62,40,40],"gold":342,"neow_bonus":"","is_daily":false,"chose_seed":false,"campfire_upgraded":2,"win_rate":0.0,"timestamp":1613517971,"path_taken":["M","?","M","M","?","E","R","E","T","R","?","M","E","M","R","BOSS","M"],"items_purchased_type":[],"build_version":"2020-12-22","purchased_purges":0,"victory":false,"max_hp_per_floor":[75,75,75,75,75,75,75,75,75,75,75,75,75,75,75,75,75,75,75],"card_choices":[{"not_picked":["Conserve Battery","Leap"],"picked":"Streamline","floor":1},{"not_picked":["Coolheaded","BootSequence"],"picked":"Self Repair","floor":3},{"not_picked":["Steam","Turbo"],"picked":"Loop","floor":4},{"not_picked":["Hologram","ReplayGash","Multi-Cast"],"picked":"SKIP","floor":6},{"not_picked":["Cold Snap","ReplaySolidLightProjector"],"picked":"Self Repair","floor":8},{"not_picked":["Steam","Cold Snap","Hello World"],"picked":"SKIP","floor":11},{"not_picked":["Leap","Barrage","White Noise"],"picked":"SKIP","floor":12},{"not_picked":["Panic Button","ReplayTheSpireMod:Reroute Power"],"picked":"Self Repair","floor":13},{"not_picked":["BasicCrystalCard","Glacier","Consume"],"picked":"SKIP","floor":14},{"not_picked":["Thunder Strike","Amplify"],"picked":"Machine Learning","floor":16}],"player_experience":518057,"relics_obtained":[{"floor":6,"key":"Blood Vial"},{"floor":8,"key":"hubris:TenFootPole"},{"floor":9,"key":"Blue Doll"},{"floor":13,"key":"Grinning Jar"}],"event_choices":[{"damage_healed":0,"gold_gain":0,"player_choice":"Got Potions","damage_taken":0,"max_hp_gain":0,"max_hp_loss":0,"event_name":"Lab","floor":5,"gold_loss":0}],"is_beta":false,"boss_relics":[{"not_picked":["hubris:VirtuousBlindfold","Busted Crown"],"picked":"hubris:RunicObelisk"}],"items_purged_floors":[],"is_endless":false,"potions_floor_spawned":[3,4,12,13],"killed_by":"2 Thieves","ascension_level":1}}