{"host":"wwmqne3dwir10erh","time":1613492142,"event":{"mods":["BaseMod","Better Note","Hubris","Mimic Mod","Minty Spire (QoL Compilation)","Replay The Spire","StSLib"],"gold_per_floor":[119,139,159,159,159,190,190,200,226,226,242,51,70,98,98,198,248,267,284,484,71,87,114,114,139,139,139,172,182,182,182,182,280,280,290,290,38,53,64,92,92,92,129,140,140,151,151,163,163,163],"floor_reached":51,"language":"ENG","playtime":2742,"items_purged":["Strike_G","Strike_G"],"score":857,"play_id":"42d85316-e1d2-4d7f-b6cd-386de1d21064","local_time":"20210216111542","is_ascension_mode":true,"campfire_choices":[{"floor":7.0,"key":"REST"},{"floor":10.0,"key":"REST"},{"data":"Noxious Fumes","floor":15.0,"key":"SMITH"},{"floor":24.0,"key":"REST"},{"floor":27.0,"key":"REST"},{"floor":30.0,"key":"REST"},{"data":"Tools of the Trade","floor":32.0,"key":"SMITH"},{"floor":45,"key":"REST"},{"floor":47,"key":"REST"},{"data":"ReplayTheSpireMod:Scrap Shanks","floor":49,"key":"SMITH"}],"circlet_count":0,"master_deck":["Strike_G+1","Defend_G+1","Defend_G","Defend_G","Defend_G+1","Defend_G","Survivor","Neutralize","Blade Dance","Flying Knee","ReplayTheSpireMod:Scrap Shanks","Escape Plan","Noxious Fumes+1","Tools of the Trade+1","Cloak And Dagger+1","Dagger Spray","Blade Dance","ReplayTheSpireMod:Scrap Shanks+1","Corpse Explosion","Reflex","Accuracy","hubris:Sniper","Finisher","Venomology","Calculated Gamble","Underhanded Strike+1","Venomology","Flying Knee","Prepared","All Out Attack","Glass Knife","hubris:Counter+1","Dagger Throw+1","Deflect+1","Madness","Madness","Adrenaline","Underhanded Strike+1","Draining Mist+1"],"relics":["Sizzling Blood","Potion Belt","Iron Hammer","War Paint","BargainBundle","hubris:TinFlute","Tiny House","Tough Bandages","Anchor","hubris:ToyBattleship","hubris:TenFootPole","Whetstone","Ring of Chaos","Medical Kit","hubris:Spice","hubris:Icosahedron","Calipers"],"acts_visited":["Exordium","TheCity","TheBeyond"],"potions_floor_usage":[39,39,40,43,43,48,48,50,50,50,50,50,50,50],"damage_taken":[{"damage":0.0,"enemies":"2 Louse","floor":1.0,"turns":3.0},{"damage":3.0,"enemies":"Jaw Worm","floor":2.0,"turns":2.0},{"damage":1.0,"enemies":"Cultist","floor":3.0,"turns":3.0},{"damage":40.0,"enemies":"Lagavulin","floor":6.0,"turns":12.0},{"damage":12.0,"enemies":"Large Slime","floor":8.0,"turns":5.0},{"damage":0.0,"enemies":"Blue Slaver","floor":11.0,"turns":3.0},{"damage":4.0,"enemies":"Looter","floor":13.0,"turns":2.0},{"damage":17.0,"enemies":"3 Sentries","floor":14.0,"turns":6.0},{"damage":27.0,"enemies":"Slime Boss","floor":16.0,"turns":8.0},{"damage":16.0,"enemies":"Spheric Guardian","floor":18.0,"turns":5.0},{"damage":21.0,"enemies":"2 Thieves","floor":19.0,"turns":3.0},{"damage":27.0,"enemies":"Snake Plant","floor":22.0,"turns":6.0},{"damage":26.0,"enemies":"Book of Stabbing","floor":23.0,"turns":6.0},{"damage":21.0,"enemies":"Slavers","floor":25.0,"turns":5.0},{"damage":3.0,"enemies":"Gremlin Leader","floor":28.0,"turns":7.0},{"damage":17.0,"enemies":"Cultist and Chosen","floor":29.0,"turns":5.0},{"damage":33.0,"enemies":"Automaton","floor":33.0,"turns":6.0},{"damage":0.0,"enemies":"Orb Walker","floor":35.0,"turns":4.0},{"damage":30,"enemies":"3 Darklings","floor":38,"turns":4},{"damage":37,"enemies":"Sphere and 2 Shapes","floor":39,"turns":6},{"damage":44,"enemies":"R_Hoarder","floor":40,"turns":9},{"damage":2,"enemies":"Spire Growth","floor":43,"turns":5},{"damage":2,"enemies":"Spire Growth","floor":44,"turns":4},{"damage":0,"enemies":"Jaw Worm Horde","floor":46,"turns":4},{"damage":22,"enemies":"Transient","floor":48,"turns":5},{"damage":8,"enemies":"Awakened One","floor":50,"turns":7}],"seed_played":"-5552375609424553372","potions_obtained":[{"floor":2.0,"key":"Toxic Potion"},{"floor":6.0,"key":"FearPotion"},{"floor":8.0,"key":"FairyPotion"},{"floor":16.0,"key":"Fire Potion"},{"floor":19.0,"key":"AttackPotion"},{"floor":25.0,"key":"AttackPotion"},{"floor":29.0,"key":"Fruit Juice"},{"floor":35.0,"key":"SpeedPotion"},{"floor":39,"key":"DuplicationPotion"},{"floor":40,"key":"Swift Potion"},{"floor":44,"key":"Languid Potion"}],"is_trial":false,"path_per_floor":["M","M","M","?","?","E","R","M","T","R","M","$","M","E","R","B",null,"M","M","?","$","M","E","R","E","T","R","E","M","R","?","R","B",null,"M","?","$","M","M","E","?","?","MIM","M","R","M","R","M","R","B",null],"character_chosen":"THE_SILENT","items_purchased":["BargainBundle","Energy Potion","Dexterity Potion","FearPotion","Dagger Spray","Blade Dance","ReplayTheSpireMod:Scrap Shanks","Tough Bandages","Accuracy","hubris:Sniper","Medical Kit"],"campfire_rested":7,"item_purchase_floors":[12,12,12,12,12,12,12,21,21,21,37],"current_hp_per_floor":[49,46,45,49,49,13,35,27,27,49,53,53,53,40,40,17,79,67,50,50,50,27,5,28,11,11,34,35,27,52,94,94,65,94,94,94,94,68,35,40,40,34,36,38,68,72,102,84,84,80],"gold":163,"neow_bonus":"TRANSFORM_TWO_CARDS","is_daily":false,"chose_seed":false,"campfire_upgraded":3,"win_rate":0.0,"timestamp":1613492142,"path_taken":["M","M","M","?","?","E","R","?","T","R","M","$","M","E","R","BOSS","M","M","?","$","M","E","R","E","T","R","E","M","R","?","R","BOSS","M","?","$","?","?","E","?","?","MIM","?","R","M","R","M","R","BOSS"],"items_purchased_type":["Relic","Potion","Potion","Potion","Card","Card","Card","Relic","Card","Card","Relic"],"build_version":"2020-12-22","purchased_purges":2,"victory":true,"max_hp_per_floor":[70,70,70,74,74,74,74,74,74,74,74,74,74,74,74,74,79,79,79,79,79,79,79,79,79,79,79,79,84,84,94,94,94,94,94,94,94,94,94,102,102,102,102,102,102,102,102,102,102,102],"card_choices":[{"not_picked":["PiercingWail","Prepared"],"picked":"Flying Knee","floor":1.0},{"not_picked":["Dagger Spray","Sucker Punch"],"picked":"ReplayTheSpireMod:Scrap Shanks","floor":2.0},{"not_picked":["Cloak And Dagger","Endless Agony"],"picked":"Escape Plan","floor":3.0},{"not_picked":["Cloak And Dagger","Footwork"],"picked":"Noxious Fumes","floor":6.0},{"not_picked":["Dagger Spray","Finisher"],"picked":"Tools of the Trade","floor":8.0},{"not_picked":["Well Laid Plans","Outmaneuver"],"picked":"Cloak And Dagger","floor":11.0},{"not_picked":["Slice","Quick Slash","Hidden Blade"],"picked":"SKIP","floor":13.0},{"not_picked":["Sucker Punch","PiercingWail","Crippling Poison"],"picked":"SKIP","floor":14.0},{"not_picked":["Doppelganger","Venomology"],"picked":"Corpse Explosion","floor":16.0},{"not_picked":["ReplayTheSpireMod:The Works","Sucker Punch"],"picked":"Reflex","floor":17.0},{"not_picked":["Expertise","Flying Knee","Sucker Punch"],"picked":"SKIP","floor":18.0},{"not_picked":["Deflect","ReplayTheSpireMod:The Works","Dagger Throw"],"picked":"SKIP","floor":19.0},{"not_picked":["Crippling Poison","Outmaneuver","Hidden Blade"],"picked":"SKIP","floor":22.0},{"not_picked":["Acrobatics","Poison Darts"],"picked":"Finisher","floor":23.0},{"not_picked":["PiercingWail","Dagger Spray"],"picked":"Venomology","floor":25.0},{"not_picked":["PiercingWail","Glass Knife"],"picked":"Calculated Gamble","floor":28.0},{"not_picked":["Outmaneuver","Prepared+1"],"picked":"Underhanded Strike+1","floor":29.0},{"not_picked":["Glass Knife","Envenom"],"picked":"Venomology","floor":33.0},{"not_picked":["Backflip","Bane"],"picked":"Flying Knee","floor":35.0},{"not_picked":["Fluid Movement+1","Deflect"],"picked":"hubris:Counter+1","floor":38},{"not_picked":["Dagger Spray+1","PiercingWail+1"],"picked":"Dagger Throw+1","floor":39},{"not_picked":["Leg Sweep","Dagger Spray+1"],"picked":"Deflect+1","floor":40},{"not_picked":["Toxin Wave","PiercingWail+1"],"picked":"Adrenaline","floor":43},{"not_picked":["Replay:Poison Smokescreen+1","Quick Slash"],"picked":"Underhanded Strike+1","floor":44},{"not_picked":["hubris:TrickCloak","Heel Hook+1"],"picked":"Draining Mist+1","floor":46},{"not_picked":["Endless Agony","Leg Sweep","Slice+1"],"picked":"SKIP","floor":48}],"player_experience":2130531,"relics_obtained":[{"floor":6.0,"key":"Iron Hammer"},{"floor":9.0,"key":"War Paint"},{"floor":14.0,"key":"hubris:TinFlute"},{"floor":23.0,"key":"Anchor"},{"floor":25.0,"key":"hubris:ToyBattleship"},{"floor":26.0,"key":"hubris:TenFootPole"},{"floor":28.0,"key":"Whetstone"},{"floor":40,"key":"hubris:Spice"},{"floor":43,"key":"Calipers"}],"event_choices":[{"damage_healed":0.0,"max_hp_gain":0.0,"max_hp_loss":0.0,"gold_gain":0.0,"event_name":"WeMeetAgain","player_choice":"Gave Potion","floor":5.0,"gold_loss":0.0,"damage_taken":0.0,"relics_obtained":["Potion Belt"]},{"damage_healed":0.0,"max_hp_gain":0.0,"max_hp_loss":0.0,"gold_gain":250.0,"event_name":"The Joust","player_choice":"Bet on Owner","floor":20.0,"gold_loss":50.0,"damage_taken":0.0},{"cards_removed":["Atom Bomb"],"damage_healed":32.0,"max_hp_gain":10.0,"max_hp_loss":0.0,"gold_gain":0.0,"event_name":"Bonfire Elementals","player_choice":"Offered Rare","floor":31.0,"gold_loss":0.0,"damage_taken":0.0},{"damage_healed":0,"gold_gain":0,"player_choice":"3 cards matched","damage_taken":0,"max_hp_gain":0,"max_hp_loss":0,"event_name":"Match and Keep!","floor":36,"gold_loss":0,"cards_obtained":["Prepared","All Out Attack","Glass Knife"]},{"damage_healed":0,"gold_gain":0,"player_choice":"Embrace Madness","damage_taken":13,"max_hp_gain":0,"max_hp_loss":0,"event_name":"Winding Halls","floor":42,"gold_loss":0,"cards_obtained":["Madness","Madness"]}],"is_beta":false,"boss_relics":[{"not_picked":["Honey Jar","hubris:HollowSoul"],"picked":"Tiny House"},{"not_picked":["Sozu","Black Star"],"picked":"Ring of Chaos"}],"items_purged_floors":[12,37],"is_endless":false,"potions_floor_spawned":[2,6,8,16,19,25,29,35,39,40,44,46],"ascension_level":1}}