{"host":"3j2m8n0ywf988fwb","time":1613461936,"event":{"mods":["2.2 Compatiblity","AchievementEnabler","Act Like it!","BaseMod","Better Altar","Better Match","Better Note","Better Sensory Stone","Better Skull","Better Third Choice","Colored Map","Colored Powertips","Dark Map","Hallownest","HexUI Lib","Highlight Path","Marked Mod","Mimic Mod","Minty Spire (QoL Compilation)","Random Character Button","Relic Stats","Robot Space Explorer","Ruina","Shapeshifter Mod","Shop Mod","Somnambulant","StSLib","The Bug Knight","The Servant 0.9.4","Unceasing Turn Reminder","Weighted Paths","everything is the same but u backflip on backflip"],"gold_per_floor":[114,114,189,0,0,0,26,26,26,46,46,114,132,33,33,132,132,142,142,161,177,194,208,307,307,307],"floor_reached":25,"language":"ENG","playtime":1107,"items_purged":[],"score":201,"play_id":"5cf8d897-9009-4946-a5d7-9ade56a786a4","local_time":"20210216015216","is_ascension_mode":false,"campfire_choices":[{"data":"StSShapeShifter:ThornedSkin","floor":6,"key":"SMITH"},{"data":"StSShapeShifter:Spring","floor":8,"key":"SMITH"},{"data":"StSShapeShifter:AdaptiveStrikes","floor":11,"key":"SMITH"},{"data":"StSShapeShifter:ShiftingStrike","floor":15,"key":"SMITH"}],"circlet_count":0,"master_deck":["StSShapeShifter:ShapeShifter_Strike","StSShapeShifter:ShapeShifter_Strike","StSShapeShifter:ShapeShifter_Strike","StSShapeShifter:ShapeShifter_Strike","StSShapeShifter:ShapeShifter_Strike","StSShapeShifter:ShapeShifter_Defend","StSShapeShifter:ShapeShifter_Defend","StSShapeShifter:ShapeShifter_Defend","StSShapeShifter:ShapeShifter_Defend","StSShapeShifter:ShapeShifter_Defend","StSShapeShifter:Tortoise_Form","StSShapeShifter:Lynx_Form","StSShapeShifter:ThornedSkin+1","StSShapeShifter:RitualOfTheExtinct+1","StSShapeShifter:PoisonIvy","StSShapeShifter:Spring+1","StSShapeShifter:AdaptiveStrikes+1","StSShapeShifter:EagleForm","StSShapeShifter:BarkSkin","StSShapeShifter:ShiftingStrike+1","StSShapeShifter:Blossom2","StSShapeShifter:OwlForm+1","StSShapeShifter:BladeOfGrass","StSShapeShifter:RaptorForm","StSShapeShifter:MonkeyForm+1"],"relics":["StSShapeShifter:AnimalHeart","StSShapeShifter:TheShapeShiftersMagnolia","TungstenRod","StSShapeShifter:DruidicMedallion","Mercury Hourglass","StSShapeShifter:LemurHeaddress"],"acts_visited":["Exordium","TheCity"],"potions_floor_usage":[16,25,25],"damage_taken":[{"damage":0,"enemies":"Cultist","floor":1,"turns":4},{"damage":36,"enemies":"3 Sentries","floor":7,"turns":11},{"damage":0,"enemies":"2 Louse","floor":10,"turns":1},{"damage":0,"enemies":"Jaw Worm","floor":13,"turns":4},{"damage":27,"enemies":"Slime Boss","floor":16,"turns":9},{"damage":0,"enemies":"Chosen","floor":18,"turns":1},{"damage":6,"enemies":"Shell Parasite","floor":20,"turns":7},{"damage":0,"enemies":"Cultist and Chosen","floor":21,"turns":3},{"damage":40,"enemies":"Sentry and Sphere","floor":22,"turns":8},{"damage":25,"enemies":"Centurion and Healer","floor":23,"turns":7},{"damage":11,"enemies":"Snake Plant","floor":25,"turns":2}],"seed_played":"-5326935149857677937","potions_obtained":[{"floor":0,"key":"GamblersBrew"},{"floor":0,"key":"Fire Potion"},{"floor":0,"key":"Swift Potion"},{"floor":18,"key":"BlessingOfTheForge"},{"floor":22,"key":"Energy Potion"}],"is_trial":false,"path_per_floor":["M","$","?","$","?","R","E","R","T","M","R","T","M","$","R","B",null,"M","?","M","M","M","M","?","M"],"character_chosen":"SHAPESHIFTER","items_purchased":["StSShapeShifter:RitualOfTheExtinct","StSShapeShifter:PoisonIvy","StSShapeShifter:BarkSkin","StSShapeShifter:ShiftingStrike"],"campfire_rested":0,"item_purchase_floors":[4,4,14,14],"current_hp_per_floor":[78,78,67,67,67,67,31,31,31,31,31,31,31,31,31,4,78,77,77,71,71,31,6,6,0,0],"gold":307,"neow_bonus":"THREE_SMALL_POTIONS","is_daily":false,"chose_seed":false,"campfire_upgraded":4,"win_rate":0.0,"timestamp":1613461936,"path_taken":["M","$","?","$","?","R","E","R","T","?","R","?","?","$","R","BOSS","M","?","M","?","M","M","?","M"],"items_purchased_type":["Card","Card","Card","Card"],"build_version":"2020-12-22","purchased_purges":0,"victory":false,"max_hp_per_floor":[78,78,78,78,78,78,78,78,78,78,78,78,78,78,78,78,78,77,77,77,76,76,76,76,76,76],"relic_stats":{"counters":[11,56],"obtain_stats":[{"StSShapeShifter:TheShapeShiftersMagnolia":0,"StSShapeShifter:AnimalHeart":0,"StSShapeShifter:LemurHeaddress":17,"StSShapeShifter:DruidicMedallion":9,"TungstenRod":7,"Mercury Hourglass":12},{"StSShapeShifter:TheShapeShiftersMagnolia":0,"StSShapeShifter:AnimalHeart":0,"StSShapeShifter:LemurHeaddress":5,"StSShapeShifter:DruidicMedallion":2,"TungstenRod":2,"Mercury Hourglass":3},{"StSShapeShifter:TheShapeShiftersMagnolia":0,"StSShapeShifter:AnimalHeart":0,"StSShapeShifter:LemurHeaddress":28,"StSShapeShifter:DruidicMedallion":15,"TungstenRod":15,"Mercury Hourglass":16}],"TungstenRod":18,"Mercury Hourglass":[109]},"card_choices":[{"not_picked":["StSShapeShifter:ThornToss","StSShapeShifter:SunflowerShuriken"],"picked":"StSShapeShifter:ThornedSkin","floor":1},{"not_picked":["StSShapeShifter:MultiSpiritedStrike","StSShapeShifter:MooseForm"],"picked":"StSShapeShifter:Spring","floor":7},{"not_picked":["StSShapeShifter:MagicMushrooms","StSShapeShifter:ClimbTree"],"picked":"StSShapeShifter:AdaptiveStrikes","floor":10},{"not_picked":["StSShapeShifter:Rest","StSShapeShifter:OpportuneSwoop"],"picked":"StSShapeShifter:EagleForm","floor":13},{"not_picked":["StSShapeShifter:Sap_Burst","StSShapeShifter:Uproot_Redwood"],"picked":"StSShapeShifter:Blossom2","floor":16},{"not_picked":["StSShapeShifter:Rest","StSShapeShifter:OakBlade","StSShapeShifter:CursedApple"],"picked":"SKIP","floor":18},{"not_picked":["StSShapeShifter:Rest","StSShapeShifter:DeepWound"],"picked":"StSShapeShifter:OwlForm+1","floor":20},{"not_picked":["StSShapeShifter:ThornToss","StSShapeShifter:RaptorForm+1"],"picked":"StSShapeShifter:BladeOfGrass","floor":21},{"not_picked":["StSShapeShifter:Hunt","StSShapeShifter:MonkeyForm+1"],"picked":"StSShapeShifter:RaptorForm","floor":22},{"not_picked":["StSShapeShifter:OakBlade","StSShapeShifter:Garden+1"],"picked":"StSShapeShifter:MonkeyForm+1","floor":23}],"player_experience":980558,"relics_obtained":[{"floor":7,"key":"TungstenRod"},{"floor":9,"key":"StSShapeShifter:DruidicMedallion"},{"floor":12,"key":"Mercury Hourglass"}],"event_choices":[{"damage_healed":0,"gold_gain":75,"player_choice":"Gold","damage_taken":11,"max_hp_gain":0,"max_hp_loss":0,"event_name":"betterThird:BetterGoop","floor":3,"gold_loss":0},{"damage_healed":0,"gold_gain":0,"player_choice":"Forge","damage_taken":0,"max_hp_gain":0,"max_hp_loss":0,"event_name":"Accursed Blacksmith","floor":5,"gold_loss":0,"cards_upgraded":["StSShapeShifter:RitualOfTheExtinct"]},{"cards_removed":["StSShapeShifter:PoisonIvy"],"damage_healed":0,"gold_gain":0,"player_choice":"Give","damage_taken":0,"max_hp_gain":0,"max_hp_loss":0,"event_name":"betterNote:BetterNote","floor":19,"gold_loss":0,"cards_obtained":["None"]},{"damage_healed":0,"gold_gain":99,"player_choice":"Steal","damage_taken":0,"max_hp_gain":0,"max_hp_loss":0,"event_name":"betterThird:BetterNest","floor":24,"gold_loss":0}],"is_beta":false,"boss_relics":[{"not_picked":["Tiny House","SacredBark"],"picked":"StSShapeShifter:LemurHeaddress"}],"items_purged_floors":[],"is_endless":false,"potions_floor_spawned":[10,13,18,22],"killed_by":"Snake Plant","ascension_level":0}}