{"host":"fbdlh90rovbiajun","time":1613456575,"event":{"mods":["AchievementEnabler","BaseMod","Colored Map","Keyboard Shortcuts","Minty Spire (QoL Compilation)","SuperFastMode"],"gold_per_floor":[113,123,138,138,138,138,167,178,178,178,197,223,223,236,236,335,335,345,356,369,369,72,106,121,121,121,138,138,237,70,83,83,83,83],"floor_reached":33,"language":"KOR","playtime":1643,"items_purged":["Strike_B","Parasite"],"score":279,"play_id":"90e67fea-fec9-4dda-b200-b8354ddf5af6","local_time":"20210216152255","is_ascension_mode":false,"campfire_choices":[{"data":"Streamline","floor":6,"key":"SMITH"},{"data":"Coolheaded","floor":10,"key":"SMITH"},{"data":"Hologram","floor":13,"key":"SMITH"},{"data":"Zap","floor":15,"key":"SMITH"},{"data":"Fission","floor":28,"key":"SMITH"},{"data":"Capacitor","floor":32,"key":"SMITH"}],"circlet_count":0,"master_deck":["Strike_B","Strike_B","Defend_B","Defend_B","Defend_B","Zap+1","Dualcast","Streamline+1","Sweeping Beam","Hologram+1","Coolheaded+1","Rainbow","Electrodynamics","Cold Snap","Seek","Leap","Gash+1","Fusion","Regret","Fission+1","Capacitor+1","Beam Cell"],"relics":["Cursed Key","Pear","HornCleat","Potion Belt","Busted Crown","Medical Kit","Prayer Wheel","Bottled Lightning"],"acts_visited":["Exordium","TheCity"],"potions_floor_usage":[7,23,23,33,33],"damage_taken":[{"damage":1,"enemies":"Cultist","floor":1,"turns":4},{"damage":0,"enemies":"Small Slimes","floor":2,"turns":3},{"damage":0,"enemies":"2 Louse","floor":3,"turns":2},{"damage":21,"enemies":"Gremlin Nob","floor":7,"turns":4},{"damage":0,"enemies":"Blue Slaver","floor":8,"turns":4},{"damage":8,"enemies":"Large Slime","floor":11,"turns":6},{"damage":7,"enemies":"3 Sentries","floor":12,"turns":4},{"damage":0,"enemies":"Exordium Thugs","floor":14,"turns":4},{"damage":1,"enemies":"Hexaghost","floor":16,"turns":9},{"damage":0,"enemies":"Spheric Guardian","floor":18,"turns":3},{"damage":4,"enemies":"Shell Parasite","floor":19,"turns":4},{"damage":3,"enemies":"Sentry and Sphere","floor":20,"turns":5},{"damage":10,"enemies":"Book of Stabbing","floor":23,"turns":5},{"damage":22,"enemies":"Chosen and Byrds","floor":24,"turns":8},{"damage":0,"enemies":"Snake Plant","floor":27,"turns":3},{"damage":8,"enemies":"Centurion and Healer","floor":31,"turns":5},{"damage":56,"enemies":"Collector","floor":33,"turns":7}],"seed_played":"-2363783070893350627","potions_obtained":[{"floor":3,"key":"EssenceOfSteel"},{"floor":8,"key":"EssenceOfSteel"},{"floor":11,"key":"LiquidBronze"},{"floor":14,"key":"EntropicBrew"},{"floor":16,"key":"Explosive Potion"},{"floor":20,"key":"FearPotion"},{"floor":31,"key":"DistilledChaos"}],"is_trial":false,"path_per_floor":["M","M","M","?","?","R","E","M","T","R","M","E","R","M","R","B",null,"M","M","M","?","$","E","M","?","T","M","R","?","$","M","R","B"],"character_chosen":"DEFECT","items_purchased":["Fusion","Medical Kit","Capacitor"],"campfire_rested":0,"item_purchase_floors":[22,22,30],"current_hp_per_floor":[74,74,74,67,67,67,56,56,56,56,48,41,41,41,41,40,85,85,81,78,78,78,68,46,46,46,46,46,46,46,38,38,0,0],"gold":83,"neow_bonus":"BOSS_RELIC","is_daily":false,"chose_seed":false,"campfire_upgraded":6,"win_rate":0.0,"timestamp":1613456575,"path_taken":["M","M","M","?","?","R","E","M","T","R","M","E","R","M","R","BOSS","M","M","M","?","$","E","M","?","T","M","R","?","$","?","R","BOSS"],"items_purchased_type":["Card","Relic","Card"],"build_version":"2020-12-22","purchased_purges":2,"victory":false,"max_hp_per_floor":[75,75,75,75,75,75,85,85,85,85,85,85,85,85,85,85,85,85,85,85,85,85,85,85,85,85,85,85,85,82,82,82,82,82],"card_choices":[{"not_picked":["White Noise","Redo"],"picked":"Streamline","floor":1},{"not_picked":["Storm","Capacitor"],"picked":"Sweeping Beam","floor":2},{"not_picked":["Glacier","Storm"],"picked":"Hologram","floor":3},{"not_picked":["Go for the Eyes","Conserve Battery"],"picked":"Coolheaded","floor":7},{"not_picked":["Ball Lightning","Chaos"],"picked":"Rainbow","floor":8},{"not_picked":["Leap","Steam","Hologram"],"picked":"SKIP","floor":11},{"not_picked":["Sweeping Beam","Recycle"],"picked":"Electrodynamics","floor":12},{"not_picked":["Gash","Streamline"],"picked":"Cold Snap","floor":14},{"not_picked":["Creative AI","Hyperbeam"],"picked":"Seek","floor":16},{"not_picked":[],"picked":"Leap","floor":18},{"not_picked":[],"picked":"Gash+1","floor":19},{"not_picked":["Storm"],"picked":"SKIP","floor":20},{"not_picked":["Storm"],"picked":"SKIP","floor":20},{"not_picked":["Gash"],"picked":"SKIP","floor":23},{"not_picked":["Leap"],"picked":"SKIP","floor":24},{"not_picked":["Ball Lightning"],"picked":"SKIP","floor":24},{"not_picked":[],"picked":"Fission","floor":27},{"not_picked":["Cold Snap"],"picked":"SKIP","floor":27},{"not_picked":[],"picked":"Beam Cell","floor":31},{"not_picked":["Streamline"],"picked":"SKIP","floor":31}],"player_experience":62876,"relics_obtained":[{"floor":7,"key":"Pear"},{"floor":9,"key":"HornCleat"},{"floor":12,"key":"Potion Belt"},{"floor":23,"key":"Prayer Wheel"},{"floor":26,"key":"Bottled Lightning"}],"event_choices":[{"cards_removed":["Strike_B"],"damage_healed":0,"gold_gain":0,"player_choice":"Card Removal","damage_taken":7,"max_hp_gain":0,"max_hp_loss":0,"event_name":"Golden Wing","floor":4,"gold_loss":0},{"damage_healed":0,"gold_gain":0,"player_choice":"Ignored","damage_taken":0,"max_hp_gain":0,"max_hp_loss":0,"event_name":"Liars Game","floor":5,"gold_loss":0},{"damage_healed":0,"gold_gain":0,"player_choice":"Ignored","damage_taken":0,"max_hp_gain":0,"max_hp_loss":0,"event_name":"Vampires","floor":21,"gold_loss":0},{"cards_removed":["Defend_B"],"damage_healed":0,"gold_gain":0,"player_choice":"Elegance","damage_taken":0,"max_hp_gain":0,"max_hp_loss":0,"event_name":"Back to Basics","floor":25,"gold_loss":0},{"damage_healed":0,"gold_gain":99,"player_choice":"Stole From Cult","damage_taken":0,"max_hp_gain":0,"max_hp_loss":0,"event_name":"Nest","floor":29,"gold_loss":0}],"is_beta":false,"boss_relics":[{"not_picked":["Runic Dome","Velvet Choker"],"picked":"Busted Crown"}],"items_purged_floors":[22,30],"is_endless":false,"potions_floor_spawned":[3,8,11,14,16,20,31],"killed_by":"Collector","ascension_level":0}}