{"host":"m6rwrrl4vtok99e8","time":1613443392,"event":{"mods":["Act Like it!","Arknights","BaseMod","Colored Powertips","Downfall","KomeijiMod","Lobotomy","Marisa????????","Minty Spire (QoL Compilation)","Remilia??????","Replay The Spire","StSLib","The Bug Knight","The Hierophant","The Servant 0.9.4","WarShipGirlsR/????R mod","Yuri Mod"],"gold_per_floor":[100,119,119,137,157,167,192,202,112,112,112,137,157,171,182,182,182],"floor_reached":16,"language":"ZHS","playtime":1015,"items_purged":["yuri:yuriDefend"],"score":106,"play_id":"a7bda0b1-5867-4822-a51d-59ef3ad68f19","local_time":"20210216104312","is_ascension_mode":false,"campfire_choices":[{"floor":1,"key":"RECALL"}],"circlet_count":0,"master_deck":["yuri:yuriStrike","yuri:yuriStrike","yuri:yuriStrike","yuri:yuriStrike","yuri:yuriStrike","yuri:yuriDefend","yuri:yuriDefend","yuri:yuriDefend","yuri:yuriDefend","yuri:Oolong","yuri:yuriStab","Trip","yuri:UntestedCode","yuri:GlitchRemove","yuri:SturdyUniform","yuri:BookPurple","yuri:HeavierStrike","yuri:SturdyUniform","yuri:DeepBreathing","yuri:GreenTea","yuri:GreenTea"],"relics":["yuri:yuriKnife","Juzu Bracelet"],"acts_visited":["Exordium"],"potions_floor_usage":[],"damage_taken":[{"damage":2,"enemies":"Jaw Worm","floor":2,"turns":3},{"damage":6,"enemies":"2 Louse","floor":4,"turns":3},{"damage":3,"enemies":"Small Slimes","floor":5,"turns":4},{"damage":7,"enemies":"downfall:LooterAlt","floor":6,"turns":4},{"damage":27,"enemies":"Exordium Thugs","floor":8,"turns":8},{"damage":0,"enemies":"downfall:FleeingMerchant","floor":9,"turns":4},{"damage":23,"enemies":"3 Sentries","floor":12,"turns":10},{"damage":1,"enemies":"3 Louse","floor":13,"turns":4},{"damage":3,"enemies":"Blue Slaver","floor":14,"turns":3},{"damage":33,"enemies":"Gremlin Gang","floor":15,"turns":7},{"damage":3,"enemies":"SI_SHIV_ARCHETYPE","floor":16,"turns":2}],"seed_played":"1841169773351488551","potions_obtained":[{"floor":4,"key":"FearPotion"},{"floor":5,"key":"AttackPotion"},{"floor":12,"key":"Swift Potion"},{"floor":14,"key":"Elixir"}],"is_trial":false,"path_per_floor":["R","M","?","M","M","M","T","M","$","?","?","E","M","M","M","B"],"character_chosen":"YURI","items_purchased":[],"campfire_rested":0,"item_purchase_floors":[],"current_hp_per_floor":[80,78,78,76,77,74,74,51,55,55,55,36,35,36,13,20,20],"gold":182,"neow_bonus":"RANDOM_COLORLESS","is_daily":false,"chose_seed":false,"campfire_upgraded":0,"win_rate":0.0,"timestamp":1613443392,"path_taken":["R","M","?","M","M","M","T","M","$","?","?","E","M","M","M","BOSS"],"items_purchased_type":[],"build_version":"2020-12-22","purchased_purges":1,"victory":false,"max_hp_per_floor":[80,80,80,80,80,80,80,80,80,80,80,80,80,80,80,80,80],"card_choices":[{"not_picked":["Purity","Survey Options"],"picked":"Trip","floor":0},{"not_picked":["yuri:Stare","yuri:RecklessStrike"],"picked":"yuri:UntestedCode","floor":2},{"not_picked":[],"picked":"yuri:GlitchRemove","floor":3},{"not_picked":["yuri:BookBlue","yuri:yuriQuickStrike"],"picked":"yuri:SturdyUniform","floor":4},{"not_picked":["yuri:StealPen","yuri:Spin","yuri:Skip"],"picked":"SKIP","floor":5},{"not_picked":["yuri:yuriHeavyStrike","yuri:ChibiInvasion"],"picked":"yuri:BookPurple","floor":6},{"not_picked":["yuri:TPose","yuri:GrowingInsanity"],"picked":"yuri:ThornRemove","floor":8},{"not_picked":["yuri:ThrowBook","yuri:CalmingAura"],"picked":"yuri:HeavierStrike","floor":9},{"not_picked":["yuri:HeavierStrike","yuri:RecklessStrike","yuri:UnstableStrike"],"picked":"SKIP","floor":12},{"not_picked":["yuri:ThornRemove","yuri:InsanityDefense"],"picked":"yuri:DeepBreathing","floor":13},{"not_picked":["yuri:Spin","yuri:RecklessStrike"],"picked":"yuri:GreenTea","floor":14},{"not_picked":["yuri:CorruptHitbox","yuri:Stare"],"picked":"yuri:GreenTea","floor":15}],"player_experience":7983,"relics_obtained":[{"floor":12,"key":"Juzu Bracelet"}],"event_choices":[],"is_beta":false,"boss_relics":[],"items_purged_floors":[9],"is_endless":false,"potions_floor_spawned":[4,5,12,14,15],"killed_by":"SI_SHIV_ARCHETYPE","ascension_level":0}}