{"host":"a3wpq7kyokchzawk","time":1613485670,"event":{"mods":["BaseMod","Colored Map","Highlight Path","Minty Spire (QoL Compilation)","Permanent Neow","Potion Indicator Mod","Relic Stats","Weighted Paths"],"gold_per_floor":[110,110,133,133,152,196,196,232,232,250,291,291,291,9,9,105,105,128,48,48],"floor_reached":19,"language":"ENG","playtime":1679,"items_purged":[],"score":370,"play_id":"9f00fc87-89e7-4af2-862f-e993973d107d","local_time":"20210216122750","is_ascension_mode":true,"campfire_choices":[{"floor":7.0,"key":"REST"},{"floor":12.0,"key":"REST"},{"data":"Berserk","floor":15.0,"key":"SMITH"}],"circlet_count":0,"master_deck":["AscendersBane","Strike_R","Strike_R","Strike_R","Strike_R","Strike_R","Defend_R","Defend_R+1","Defend_R","Bash","Berserk+1","Twin Strike","Perfected Strike","Feel No Pain","Shrug It Off","Blood for Blood","Corruption","Shockwave+1","True Grit","Immolate","Armaments"],"relics":["Burning Blood","Golden Idol","PreservedInsect","The Courier","Orichalcum","Regal Pillow","Pantograph","Brimstone","War Paint","Black Star"],"acts_visited":["Exordium","TheCity"],"potions_floor_usage":[],"damage_taken":[{"damage":13.0,"enemies":"Small Slimes","floor":1.0,"turns":5.0},{"damage":12.0,"enemies":"Jaw Worm","floor":3.0,"turns":2.0},{"damage":2.0,"enemies":"2 Louse","floor":5.0,"turns":3.0},{"damage":40.0,"enemies":"3 Sentries","floor":6.0,"turns":11.0},{"damage":15.0,"enemies":"Lagavulin","floor":8.0,"turns":5.0},{"damage":18.0,"enemies":"Large Slime","floor":10.0,"turns":6.0},{"damage":14.0,"enemies":"3 Sentries","floor":11.0,"turns":8.0},{"damage":26.0,"enemies":"The Guardian","floor":16.0,"turns":6.0},{"damage":31,"enemies":"Shell Parasite","floor":18,"turns":5},{"damage":39,"enemies":"2 Thieves","floor":19,"turns":2}],"seed_played":"1419874498555110031","potions_obtained":[{"floor":1.0,"key":"Energy Potion"},{"floor":3.0,"key":"LiquidBronze"},{"floor":8.0,"key":"Strength Potion"}],"is_trial":false,"path_per_floor":["M","?","M","?","M","E","R","E","T","M","E","R","?","$","R","B",null,"M","M"],"character_chosen":"IRONCLAD","items_purchased":["Brimstone","War Paint","True Grit"],"campfire_rested":2,"item_purchase_floors":[14,14,14],"current_hp_per_floor":[61,61,55,48,52,18,38,29,29,17,9,44,39,39,39,44,62,37,0,0],"gold":48,"neow_bonus":"ONE_RANDOM_RARE_CARD","is_daily":false,"chose_seed":false,"campfire_upgraded":1,"win_rate":0.0,"timestamp":1613485670,"path_taken":["M","?","M","?","M","E","R","E","T","M","E","R","?","$","R","BOSS","M","M"],"items_purchased_type":["Relic","Relic","Card"],"build_version":"2020-12-22","purchased_purges":0,"victory":false,"max_hp_per_floor":[75,68,68,68,68,68,68,68,68,68,68,68,68,68,68,68,68,68,68,68],"relic_stats":{"Regal Pillow":15,"counters":[10,53],"Golden Idol":61,"Pantograph":25,"PreservedInsect":61,"Black Star":0,"Orichalcum":[66],"War Paint":["Shockwave","Defend_R"],"obtain_stats":[{"Regal Pillow":11,"Golden Idol":2,"Brimstone":14,"Pantograph":13,"PreservedInsect":6,"The Courier":8,"Black Star":17,"Orichalcum":9,"War Paint":14,"Burning Blood":0},{"Regal Pillow":7,"Golden Idol":1,"Brimstone":7,"Pantograph":7,"PreservedInsect":4,"The Courier":5,"Black Star":8,"Orichalcum":5,"War Paint":7,"Burning Blood":0},{"Regal Pillow":40,"Golden Idol":5,"Brimstone":40,"Pantograph":40,"PreservedInsect":21,"The Courier":26,"Black Star":46,"Orichalcum":26,"War Paint":40,"Burning Blood":0}],"Burning Blood":54},"card_choices":[{"not_picked":["Infernal Blade","Pommel Strike"],"picked":"Twin Strike","floor":1.0},{"not_picked":["Evolve","Flex"],"picked":"Perfected Strike","floor":3.0},{"not_picked":["Pommel Strike","Flex"],"picked":"Feel No Pain","floor":5.0},{"not_picked":["Burning Pact","Clothesline"],"picked":"Shrug It Off","floor":6.0},{"not_picked":["Combust","Dark Embrace"],"picked":"Blood for Blood","floor":8.0},{"not_picked":["Dual Wield","Armaments"],"picked":"Corruption","floor":10.0},{"not_picked":["Searing Blow","Pommel Strike"],"picked":"Shockwave","floor":11.0},{"not_picked":["Fiend Fire","Juggernaut"],"picked":"Immolate","floor":16.0},{"not_picked":["Warcry","Spot Weakness"],"picked":"Armaments","floor":18}],"player_experience":2737023,"relics_obtained":[{"floor":6.0,"key":"PreservedInsect"},{"floor":8.0,"key":"The Courier"},{"floor":9.0,"key":"Orichalcum"},{"floor":11.0,"key":"Regal Pillow"}],"event_choices":[{"damage_healed":0.0,"max_hp_gain":0.0,"max_hp_loss":7.0,"gold_gain":0.0,"event_name":"Golden Idol","player_choice":"Lose Max HP","floor":2.0,"gold_loss":0.0,"damage_taken":0.0,"relics_obtained":["Golden Idol"]},{"cards_removed":["Defend_R"],"damage_healed":0.0,"max_hp_gain":0.0,"max_hp_loss":0.0,"gold_gain":0.0,"event_name":"Golden Wing","player_choice":"Card Removal","floor":4.0,"gold_loss":0.0,"damage_taken":7.0},{"damage_healed":0.0,"max_hp_gain":0.0,"max_hp_loss":0.0,"gold_gain":0.0,"event_name":"Scrap Ooze","player_choice":"Success","floor":13.0,"gold_loss":0.0,"damage_taken":5.0,"relics_obtained":["Pantograph"]}],"is_beta":false,"boss_relics":[{"not_picked":["Mark of Pain","Runic Dome"],"picked":"Black Star"}],"items_purged_floors":[],"is_endless":false,"potions_floor_spawned":[1,3,8],"killed_by":"2 Thieves","ascension_level":20}}