{"host":"os9owiyb0rak6c8n","time":1613508356,"event":{"mods":["AchievementEnabler","Astrologer","BaseMod","Beaked The Cultist","Better Third Choice","Block Reminder","Colored Map","Colored Powertips","Curses Come First","Dio Mod","Minty Spire (QoL Compilation)","Robot Space Explorer","Spicy Shops","StSLib","The Death Knight","The Necromancer"],"gold_per_floor":[216,391,391,391,209,243,243,274,574,574,674,693,708,752,764,905,917,949,982,994,994],"floor_reached":20,"language":"ENG","playtime":539,"items_purged":["Doubt"],"score":320,"play_id":"cb01de31-24dd-435e-8df1-4237920a3013","local_time":"20210216214556","is_ascension_mode":true,"campfire_choices":[{"data":"Sunder","floor":7,"key":"SMITH"},{"floor":10,"key":"REST"},{"data":"Stack","floor":15,"key":"SMITH"}],"circlet_count":0,"master_deck":["AscendersBane","Strike_B","Strike_B","Strike_B","Strike_B","Defend_B","Defend_B","Defend_B","Defend_B","Zap","Dualcast","Gash","Injury","Sunder+1","FTL","Conserve Battery","Skim","Ball Lightning","Stack+1","Electrodynamics","White Noise+1"],"relics":["Cracked Core","Cables","Golden Idol","Eternal Feather","Ginger","Old Coin","MawBank","Sozu"],"acts_visited":["Exordium","TheCity"],"potions_floor_usage":[16,16],"damage_taken":[{"damage":3,"enemies":"Jaw Worm","floor":1,"turns":5},{"damage":41,"enemies":"Gremlin Nob","floor":6,"turns":5},{"damage":23,"enemies":"Lagavulin","floor":8,"turns":5},{"damage":0,"enemies":"Small Slimes","floor":12,"turns":2},{"damage":0,"enemies":"2 Louse","floor":13,"turns":2},{"damage":16,"enemies":"Gremlin Nob","floor":14,"turns":3},{"damage":26,"enemies":"Hexaghost","floor":16,"turns":9},{"damage":6,"enemies":"Spheric Guardian","floor":18,"turns":3},{"damage":29,"enemies":"2 Thieves","floor":19,"turns":5},{"damage":23,"enemies":"Cultist and Chosen","floor":20,"turns":4}],"seed_played":"-8191617254409979673","potions_obtained":[{"floor":1,"key":"Explosive Potion"},{"floor":8,"key":"PowerPotion"},{"floor":14,"key":"Weak Potion"}],"is_trial":false,"path_per_floor":["M","?","T","?","$","E","R","E","T","R","?","M","M","E","R","B",null,"M","M","M"],"character_chosen":"DEFECT","items_purchased":["Sunder","FTL"],"campfire_rested":1,"item_purchase_floors":[5,5],"current_hp_per_floor":[65,65,65,65,65,24,33,10,10,41,41,41,41,25,34,8,58,52,23,0,0],"gold":994,"neow_bonus":"HUNDRED_GOLD","is_daily":false,"chose_seed":false,"campfire_upgraded":2,"win_rate":0.0,"timestamp":1613508356,"path_taken":["M","?","?","?","$","E","R","E","T","R","?","M","?","E","R","BOSS","M","M","M"],"items_purchased_type":["Card","Card"],"build_version":"2020-12-22","purchased_purges":1,"victory":false,"max_hp_per_floor":[75,75,75,75,75,75,75,75,75,75,75,75,75,75,75,75,75,75,75,75,75],"card_choices":[{"not_picked":["Aggregate","Steam"],"picked":"Gash","floor":1},{"not_picked":["Hologram","Aggregate"],"picked":"Conserve Battery","floor":6},{"not_picked":["Steam","Sweeping Beam"],"picked":"Skim","floor":8},{"not_picked":["Conserve Battery","Cold Snap","Hologram"],"picked":"SKIP","floor":12},{"not_picked":["Force Field","FTL"],"picked":"Ball Lightning","floor":13},{"not_picked":["Multi-Cast","Auto Shields"],"picked":"Stack","floor":14},{"not_picked":["Meteor Strike","Machine Learning"],"picked":"Electrodynamics","floor":16},{"not_picked":["Genetic Algorithm+1","Hologram"],"picked":"White Noise+1","floor":18},{"not_picked":["Beam Cell+1","Rebound","Coolheaded"],"picked":"SKIP","floor":19}],"player_experience":609726,"relics_obtained":[{"floor":3,"key":"Cables"},{"floor":6,"key":"Eternal Feather"},{"floor":8,"key":"Ginger"},{"floor":9,"key":"Old Coin"},{"floor":14,"key":"MawBank"}],"event_choices":[{"damage_healed":0,"gold_gain":175,"player_choice":"AGREE","damage_taken":216,"max_hp_gain":0,"max_hp_loss":0,"event_name":"betterThird:BetterSerpent","floor":2,"gold_loss":0},{"damage_healed":0,"gold_gain":0,"player_choice":"Take Wound","damage_taken":0,"relics_obtained":["Golden Idol"],"max_hp_gain":0,"max_hp_loss":0,"event_name":"Golden Idol","floor":4,"gold_loss":0,"cards_obtained":["Injury"]},{"damage_healed":0,"gold_gain":100,"player_choice":"Pray","damage_taken":0,"max_hp_gain":0,"max_hp_loss":0,"event_name":"Golden Shrine","floor":11,"gold_loss":0}],"is_beta":false,"boss_relics":[{"not_picked":["SlaversCollar","Empty Cage"],"picked":"Sozu"}],"items_purged_floors":[5],"is_endless":false,"potions_floor_spawned":[1,8,14,19],"killed_by":"Cultist and Chosen","ascension_level":11}}