{"host":"w1l5t0a1l2lkq6my","time":1613468480,"event":{"mods":["100% Spire Juice","Bartender","BaseMod","KinomotoSakuraMod(ñÿîVñ{?)","Lobotomy","LobotomyExtend","Magitek Elite","MarisaÅiñ∂âJÅ@ñÇóùçπÅj","Minty Spire (QoL Compilation)","StSLib","The Gatherer","The Senshi","Yuyuko"],"gold_per_floor":[115,190,190,140,140,140,62,62,144,156,156,168,181,201,201,201,201],"floor_reached":16,"language":"ENG","playtime":456,"items_purged":[],"score":90,"play_id":"b88a86ea-9619-4408-bd04-3a694d872db0","local_time":"20210216024120","is_ascension_mode":false,"campfire_choices":[{"data":"UpSweep","floor":6,"key":"SMITH"},{"data":"DarkSpark","floor":8,"key":"SMITH"},{"data":"MilkyWay","floor":11,"key":"SMITH"},{"data":"BlazeAway","floor":15,"key":"SMITH"}],"circlet_count":0,"master_deck":["Strike_MRS","Strike_MRS","Strike_MRS","Strike_MRS","Defend_MRS","Defend_MRS","MasterSpark","UpSweep+1","6A","DarkSpark+1","ShyLook","MilkyWay+1","LaLuna","LuminesStrike","HeroicMonk","ShootingEcho","BlueStar","BlazeAway+1"],"relics":["MiniHakkero","CogitoBucket","LetterFromLob","Darkstone Periapt"],"acts_visited":["Exordium"],"potions_floor_usage":[],"damage_taken":[{"damage":0,"enemies":"2 Louse","floor":1,"turns":2},{"damage":5,"enemies":"Small Slimes","floor":10,"turns":2},{"damage":8,"enemies":"Cultist","floor":12,"turns":4},{"damage":0,"enemies":"Lots of Slimes","floor":13,"turns":1},{"damage":25,"enemies":"2 Fungi Beasts","floor":14,"turns":1},{"damage":21,"enemies":"Slime Boss","floor":16,"turns":4}],"seed_played":"1607894686810371022","potions_obtained":[{"floor":1,"key":"Regen Potion"},{"floor":10,"key":"BlessingOfTheForge"}],"is_trial":false,"path_per_floor":["M","?","?","?","?","R","$","R","T","M","R","M","M","M","R","B"],"character_chosen":"MARISA","items_purchased":["DarkSpark"],"campfire_rested":0,"item_purchase_floors":[7],"current_hp_per_floor":[75,64,57,57,57,57,57,57,57,52,52,44,44,19,19,0,0],"gold":201,"neow_bonus":"","is_daily":false,"chose_seed":false,"campfire_upgraded":4,"win_rate":0.0,"timestamp":1613468480,"path_taken":["M","?","?","?","?","R","$","R","T","M","R","M","M","M","R","BOSS"],"items_purchased_type":["Card"],"build_version":"2020-12-22","purchased_purges":0,"victory":false,"max_hp_per_floor":[75,75,75,75,75,75,75,75,75,75,75,75,75,75,75,75,75],"card_choices":[{"not_picked":["ShyLook","VoidDream"],"picked":"Murderer","floor":1},{"not_picked":["EarthLightRay","LuminesStrike"],"picked":"6A","floor":1},{"not_picked":["FairyFestival","CherryBlossoms"],"picked":"ShyLook","floor":10},{"not_picked":["OrrerysSun","NonDirectionalLaser"],"picked":"MilkyWay","floor":10},{"not_picked":["UniverseFragment","HappyTeddy"],"picked":"LaLuna","floor":12},{"not_picked":["Acceleration","MilkyWay"],"picked":"LuminesStrike","floor":12},{"not_picked":["Woodsman","FairyFestival"],"picked":"HeroicMonk","floor":13},{"not_picked":["GravityBeat","DeepEcoloBomb"],"picked":"ShootingEcho","floor":13},{"not_picked":["Wellcheers","MHz"],"picked":"BlueStar","floor":14},{"not_picked":["6A","GravityBeat"],"picked":"BlazeAway","floor":14}],"player_experience":127198,"relics_obtained":[{"floor":1,"key":"LetterFromLob"},{"floor":9,"key":"Darkstone Periapt"}],"event_choices":[{"damage_healed":0,"gold_gain":75,"player_choice":"Gather Gold","damage_taken":11,"max_hp_gain":0,"max_hp_loss":0,"event_name":"World of Goop","floor":2,"gold_loss":0},{"cards_removed":["Defend_MRS"],"damage_healed":0,"gold_gain":0,"player_choice":"Card Removal","damage_taken":7,"max_hp_gain":0,"max_hp_loss":0,"event_name":"Golden Wing","floor":3,"gold_loss":0},{"cards_removed":["Murderer"],"damage_healed":0,"gold_gain":0,"player_choice":"Card Removal","damage_taken":0,"max_hp_gain":0,"max_hp_loss":0,"event_name":"The Cleric","floor":4,"gold_loss":50},{"cards_removed":["Defend_MRS"],"damage_healed":0,"gold_gain":0,"player_choice":"Purged","damage_taken":0,"max_hp_gain":0,"max_hp_loss":0,"event_name":"Purifier","floor":5,"gold_loss":0}],"is_beta":false,"boss_relics":[],"items_purged_floors":[],"is_endless":false,"potions_floor_spawned":[1,10],"killed_by":"Slime Boss","ascension_level":0}}