{"host":"blnmo1e2jbqugfxh","time":1613498831,"event":{"mods":["2.2 Compatiblity","Astrologer","Bard","BaseMod","Beaked The Cultist","Colored Powertips","Conspire","Downfall","Friendly Minions","Googly Eyes","Hermit","Highlight Path","Hubris","Infinite Spire","Lobotomy","Marisa????????","Mimic Mod","Minty Spire (QoL Compilation)","Prisma Mod","Quick Restart","Rare Cards Sparkle","Replay The Spire","Shop Mod","StSLib","The Construct","The Cursed","The Disciple","The Exalted","The Hierophant","The Mystic","The Servant 0.9.4"],"gold_per_floor":[110,110,129,141,24,38,38,49,49,63,63,17,53,80,80,36,36],"floor_reached":16,"language":"ENG","playtime":773,"items_purged":["Replay:Hysterical Blindness"],"score":110,"play_id":"ec94da92-0808-4046-8f2e-9ca6e4151fea","local_time":"20210216130711","is_ascension_mode":false,"campfire_choices":[{"data":"hierophant:Punish","floor":7.0,"key":"SMITH"},{"data":"hierophant:Doubloon","floor":11.0,"key":"SMITH"},{"floor":15,"key":"REST"}],"circlet_count":0,"master_deck":["hierophant:Strike_Hierophant","hierophant:Strike_Hierophant","hierophant:Strike_Hierophant","hierophant:Strike_Hierophant","hierophant:Punish+1","hierophant:Defend_Hierophant","hierophant:Defend_Hierophant","hierophant:Defend_Hierophant","hierophant:Defend_Hierophant","hierophant:ChurchCoffers","hierophant:HolyVerse","hierophant:Doomsaying","hierophant:HolyVerse","hierophant:FieryStrike","hierophant:Martyrdom","hierophant:TollTheBells","hierophant:Repentance","hierophant:WrathOfGod","hierophant:CursedGold","hierophant:CursedGold","hierophant:Doubloon+1","hierophant:Doubloon","hierophant:OrnateBuckler","hierophant:RepressedViolence","hierophant:MorningPrayer"],"relics":["hierophant:PropheticMaskRelic","PreservedInsect","Bromod:ArcaneVictory","conspire:GiftBox","ReplayTheSpireMod:CursedCoin","Potion Belt"],"acts_visited":["Exordium"],"potions_floor_usage":[14,14,14],"damage_taken":[{"damage":1.0,"enemies":"Cultist","floor":1.0,"turns":4.0},{"damage":5.0,"enemies":"Small Slimes","floor":3.0,"turns":3.0},{"damage":0.0,"enemies":"2 Louse","floor":4.0,"turns":1.0},{"damage":18.0,"enemies":"3 Sentries","floor":6.0,"turns":4.0},{"damage":2.0,"enemies":"Blue Slaver","floor":8.0,"turns":2.0},{"damage":0.0,"enemies":"2 Fungi Beasts","floor":13.0,"turns":3.0},{"damage":30,"enemies":"Gremlin Nob","floor":14,"turns":4},{"damage":48,"enemies":"Slime Boss","floor":16,"turns":5}],"seed_played":"-6687168888301315166","potions_obtained":[{"floor":1.0,"key":"champ:CounterPotion"},{"floor":4.0,"key":"Flashbang"},{"floor":8.0,"key":"Slimebound:ThreeZeroPotion"}],"is_trial":false,"path_per_floor":["M","?","M","M","$","E","R","M","T","$","R","$","M","E","R","B"],"character_chosen":"HIEROPHANT","items_purchased":["hierophant:FieryStrike","hierophant:Martyrdom","ReplayTheSpireMod:CursedCoin","hierophant:CursedGold","hierophant:OrnateBuckler"],"campfire_rested":1,"item_purchase_floors":[5,5,10,10,12],"current_hp_per_floor":[74,75,70,70,70,52,52,51,51,51,51,51,53,24,46,0,0],"gold":36,"neow_bonus":"RANDOM_COMMON_RELIC","is_daily":false,"chose_seed":false,"campfire_upgraded":2,"win_rate":0.0,"timestamp":1613498831,"path_taken":["M","?","M","M","$","E","R","M","T","$","R","?","?","E","R","BOSS"],"items_purchased_type":["Card","Card","Relic","Card","Card"],"build_version":"2020-12-22","purchased_purges":1,"victory":false,"max_hp_per_floor":[75,75,75,75,75,75,75,75,75,75,75,75,75,75,75,75,75],"card_choices":[{"not_picked":["hierophant:SealAway","hierophant:SecretStash"],"picked":"hierophant:HolyVerse","floor":1.0},{"not_picked":["hierophant:FlamingChariot","hierophant:Racketeering"],"picked":"hierophant:Doomsaying","floor":3.0},{"not_picked":["hierophant:Alms","hierophant:SealAway"],"picked":"hierophant:HolyVerse","floor":4.0},{"not_picked":["hierophant:RustyCrate","hierophant:Exaltation"],"picked":"hierophant:TollTheBells","floor":6.0},{"not_picked":["hierophant:Sermon","hierophant:HammerAndAnvil"],"picked":"hierophant:Repentance","floor":8.0},{"not_picked":["hierophant:DeathKnell","hierophant:Batter"],"picked":"hierophant:WrathOfGod","floor":9.0},{"not_picked":["hierophant:HammerAndAnvil","hierophant:AuricBeam"],"picked":"hierophant:RepressedViolence","floor":13},{"not_picked":["hierophant:Repentance","hierophant:Exaltation"],"picked":"hierophant:MorningPrayer","floor":14}],"player_experience":50984,"relics_obtained":[{"floor":6.0,"key":"Bromod:ArcaneVictory"},{"floor":9.0,"key":"conspire:GiftBox"},{"floor":14,"key":"Potion Belt"}],"event_choices":[{"damage_healed":1.0,"max_hp_gain":0.0,"max_hp_loss":0.0,"gold_gain":0.0,"event_name":"Wheel of Change","player_choice":"Full Heal","floor":2.0,"gold_loss":0.0,"damage_taken":0.0}],"is_beta":false,"boss_relics":[],"items_purged_floors":[10],"is_endless":false,"potions_floor_spawned":[1,4,8,13],"killed_by":"Slime Boss","ascension_level":0}}