{"host":"neeznpvpgo0qgfkd","time":1613501055,"event":{"mods":["AchievementEnabler","BaseMod","BetterRewards","Colored Map","Colored Powertips","Exacting","Minty Spire (QoL Compilation)","Permanent Neow","Quick Restart","Shop Mod"],"gold_per_floor":[117,137,157,157,232,232,252,283,306,361,162,162,162,7,7,107,407,418,418,298,318,318,352,352,382,382,416,432,432,432,460,460,558,558,573,573,588,602,877,905,652,652,652,652,665,696,708,739,739,739,739,739,103,137,137,137],"floor_reached":55,"language":"ENG","playtime":2666,"items_purged":["Regret"],"score":1495,"play_id":"76391e64-a5e4-458e-b5fd-c386ef721eb9","local_time":"20210216134415","is_ascension_mode":true,"campfire_choices":[{"floor":6.0,"key":"RECALL"},{"floor":12.0,"key":"REST"},{"floor":15.0,"key":"REST"},{"floor":29.0,"key":"REST"},{"data":"Panache","floor":32.0,"key":"SMITH"},{"floor":44.0,"key":"REST"},{"floor":49.0,"key":"REST"},{"data":"Demon Form","floor":52,"key":"SMITH"}],"circlet_count":0,"master_deck":["Strike_R+1","Strike_R+1","Strike_R+1","Strike_R+1","Strike_R+1","Defend_R+1","Defend_R+1","Defend_R+1","Defend_R+1","Bash","Panache+1","Twin Strike","Twin Strike","Spot Weakness+1","Reaper","Sword Boomerang+1","CurseOfTheBell","Heavy Blade","Spot Weakness","Cleave","Sword Boomerang+1","Heavy Blade","Demon Form+1","Armaments+1","Bloodletting+1","Thunderclap","Metallicize","Disarm","Feel No Pain+1","Clash+1","Limit Break","Sword Boomerang","Master of Strategy","Bandage Up","Rupture","Demon Form"],"relics":["Black Blood","Ginger","Pen Nib","Calipers","Membership Card","Red Skull","Ancient Tea Set","Lantern","Smiling Mask","Charon\u0027s Ashes","TungstenRod","Calling Bell","Bag of Preparation","Letter Opener","Old Coin","Darkstone Periapt","MutagenicStrength","Blood Vial","StoneCalendar","Mummified Hand","Vajra","Bottled Lightning","ClockworkSouvenir","MealTicket","Pear","Meat on the Bone","Bronze Scales","Anchor","Lee\u0027s Waffle","Bag of Marbles"],"acts_visited":["Exordium","TheCity","TheBeyond","TheEnding"],"potions_floor_usage":[50,50,50,54,55,55],"damage_taken":[{"damage":2.0,"enemies":"2 Louse","floor":1.0,"turns":3.0},{"damage":7.0,"enemies":"Small Slimes","floor":2.0,"turns":3.0},{"damage":6.0,"enemies":"Cultist","floor":3.0,"turns":3.0},{"damage":10.0,"enemies":"Exordium Thugs","floor":7.0,"turns":4.0},{"damage":30.0,"enemies":"Lagavulin","floor":8.0,"turns":5.0},{"damage":20.0,"enemies":"3 Sentries","floor":10.0,"turns":6.0},{"damage":54.0,"enemies":"Slime Boss","floor":16.0,"turns":8.0},{"damage":26.0,"enemies":"Chosen","floor":18.0,"turns":5.0},{"damage":18.0,"enemies":"3 Byrds","floor":21.0,"turns":5.0},{"damage":53.0,"enemies":"Book of Stabbing","floor":23.0,"turns":4.0},{"damage":32.0,"enemies":"Slavers","floor":25.0,"turns":4.0},{"damage":61.0,"enemies":"Gremlin Leader","floor":27.0,"turns":7.0},{"damage":21.0,"enemies":"Snake Plant","floor":28.0,"turns":2.0},{"damage":0.0,"enemies":"Sentry and Sphere","floor":31.0,"turns":2.0},{"damage":87.0,"enemies":"Automaton","floor":33.0,"turns":8.0},{"damage":23.0,"enemies":"3 Shapes","floor":35.0,"turns":3.0},{"damage":5.0,"enemies":"Orb Walker","floor":37.0,"turns":2.0},{"damage":36.0,"enemies":"Sphere and 2 Shapes","floor":38.0,"turns":4.0},{"damage":51.0,"enemies":"Nemesis","floor":40.0,"turns":5.0},{"damage":2.0,"enemies":"4 Shapes","floor":45.0,"turns":1.0},{"damage":57.0,"enemies":"Reptomancer","floor":46.0,"turns":5.0},{"damage":34.0,"enemies":"Transient","floor":47.0,"turns":5.0},{"damage":21.0,"enemies":"Giant Head","floor":48.0,"turns":5.0},{"damage":70,"enemies":"Donu and Deca","floor":50,"turns":7},{"damage":37,"enemies":"Shield and Spear","floor":54,"turns":4},{"damage":137,"enemies":"The Heart","floor":55,"turns":6}],"seed_played":"-7662440244069713962","potions_obtained":[{"floor":2.0,"key":"Energy Potion"},{"floor":3.0,"key":"Fire Potion"},{"floor":7.0,"key":"Energy Potion"},{"floor":10.0,"key":"SpeedPotion"},{"floor":18.0,"key":"FearPotion"},{"floor":28.0,"key":"BlessingOfTheForge"},{"floor":31.0,"key":"FearPotion"},{"floor":33.0,"key":"LiquidBronze"},{"floor":37.0,"key":"GamblersBrew"},{"floor":47.0,"key":"ColorlessPotion"},{"floor":48.0,"key":"SkillPotion"}],"is_trial":false,"path_per_floor":["M","M","M","?","?","R","M","E","T","E","$","R","?","$","R","B",null,"M","?","$","M","?","E","?","E","T","E","M","R","?","M","R","B",null,"M","?","M","M","?","E","$","?","T","R","M","E","M","E","R","B",null,"R","$","E","B"],"character_chosen":"IRONCLAD","items_purchased":["Panache","Pen Nib","Membership Card","Red Skull","Fruit Juice","Charon\u0027s Ashes","TungstenRod","Darkstone Periapt","ClockworkSouvenir","MealTicket","HeartOfIron","HeartOfIron","Bronze Scales","Anchor","Lee\u0027s Waffle","Limit Break","Sword Boomerang","Energy Potion","Regen Potion","Master of Strategy","Bandage Up","FearPotion","Rupture"],"campfire_rested":5,"item_purchase_floors":[0,0,0,0,11,11,14,20,41,41,41,41,53,53,53,53,53,53,53,53,53,53,53],"current_hp_per_floor":[76,75,75,75,64,64,60,36,36,43,43,67,51,56,81,49,76,64,64,64,72,72,25,95,91,91,57,44,72,72,95,95,14,75,76,95,95,77,83,63,63,63,63,93,101,66,46,60,93,71,101,101,118,93,0,0],"gold":137,"neow_bonus":"","is_daily":false,"chose_seed":false,"campfire_upgraded":2,"win_rate":0.0,"timestamp":1613501055,"path_taken":["M","M","M","?","?","R","M","E","T","E","$","R","?","$","R","BOSS","M","?","$","?","?","E","?","E","T","E","?","R","?","M","R","BOSS","M","?","M","?","?","E","?","?","T","R","M","E","M","E","R","BOSS","R","$","E","BOSS"],"items_purchased_type":["Card","Relic","Relic","Relic","Potion","Relic","Relic","Relic","Relic","Relic","Potion","Potion","Relic","Relic","Relic","Card","Card","Potion","Potion","Card","Card","Potion","Card"],"build_version":"2020-12-22","purchased_purges":1,"victory":false,"max_hp_per_floor":[80,80,80,80,80,80,80,80,80,80,80,80,80,85,85,85,85,85,85,85,85,85,85,95,95,95,95,95,95,95,95,95,95,95,95,95,95,95,101,101,101,101,101,101,101,111,111,111,111,111,111,111,118,118,118,118],"card_choices":[{"not_picked":["Sever Soul","Havoc","Seeing Red"],"picked":"SKIP","floor":1.0},{"not_picked":["Clash","Shrug It Off"],"picked":"Twin Strike","floor":2.0},{"not_picked":["Bloodletting","Sever Soul"],"picked":"Twin Strike","floor":3.0},{"not_picked":["Reckless Charge","Sentinel"],"picked":"Spot Weakness","floor":7.0},{"not_picked":["Dual Wield","Flex"],"picked":"Reaper","floor":8.0},{"not_picked":["Perfected Strike","Infernal Blade"],"picked":"Sword Boomerang","floor":10.0},{"not_picked":["Bludgeon","Barricade"],"picked":"Juggernaut","floor":16.0},{"not_picked":["Burning Pact","Sever Soul"],"picked":"Heavy Blade","floor":18.0},{"not_picked":["Anger+1","Pommel Strike"],"picked":"Spot Weakness","floor":21.0},{"not_picked":["Blood for Blood","Shockwave"],"picked":"Cleave","floor":23.0},{"not_picked":["Anger","True Grit","Whirlwind"],"picked":"SKIP","floor":25.0},{"not_picked":["Havoc","Shockwave"],"picked":"Dropkick","floor":27.0},{"not_picked":["Warcry+1","Infernal Blade"],"picked":"Sword Boomerang+1","floor":28.0},{"not_picked":["Warcry","Armaments+1"],"picked":"Heavy Blade","floor":31.0},{"not_picked":["Juggernaut","Reaper"],"picked":"Demon Form","floor":33.0},{"not_picked":["Sword Boomerang","Battle Trance"],"picked":"Armaments+1","floor":35.0},{"not_picked":["Searing Blow","True Grit+1"],"picked":"Bloodletting+1","floor":37.0},{"not_picked":["Combust","Anger"],"picked":"Thunderclap","floor":38.0},{"not_picked":["Disarm","Dropkick+1"],"picked":"Metallicize","floor":40.0},{"not_picked":["Battle Trance+1","Rampage","Warcry+1"],"picked":"SKIP","floor":45.0},{"not_picked":["Havoc+1","Clothesline"],"picked":"Disarm","floor":46.0},{"not_picked":["Anger","Perfected Strike+1"],"picked":"Feel No Pain+1","floor":47.0},{"not_picked":["Thunderclap","Sever Soul"],"picked":"Clash+1","floor":48.0},{"not_picked":["Bloodletting","Infernal Blade+1"],"picked":"Demon Form","floor":54}],"player_experience":1420243,"relics_obtained":[{"floor":8.0,"key":"Ancient Tea Set"},{"floor":9.0,"key":"Lantern"},{"floor":10.0,"key":"Smiling Mask"},{"floor":17.0,"key":"Bag of Preparation"},{"floor":17.0,"key":"Letter Opener"},{"floor":17.0,"key":"Old Coin"},{"floor":23.0,"key":"Blood Vial"},{"floor":25.0,"key":"StoneCalendar"},{"floor":26.0,"key":"Mummified Hand"},{"floor":27.0,"key":"Vajra"},{"floor":40.0,"key":"Bottled Lightning"},{"floor":46.0,"key":"Pear"},{"floor":48.0,"key":"Meat on the Bone"},{"floor":54,"key":"Bag of Marbles"}],"event_choices":[{"damage_healed":0.0,"max_hp_gain":0.0,"max_hp_loss":0.0,"gold_gain":0.0,"event_name":"Golden Wing","player_choice":"Ignored","floor":4.0,"gold_loss":0.0,"damage_taken":0.0},{"damage_healed":0.0,"max_hp_gain":0.0,"max_hp_loss":0.0,"gold_gain":75.0,"event_name":"World of Goop","player_choice":"Gather Gold","floor":5.0,"gold_loss":0.0,"damage_taken":11.0},{"damage_healed":0.0,"max_hp_gain":0.0,"max_hp_loss":0.0,"gold_gain":0.0,"event_name":"Shining Light","player_choice":"Entered Light","floor":13.0,"gold_loss":0.0,"damage_taken":16.0,"cards_upgraded":["Sword Boomerang","Spot Weakness"]},{"damage_healed":0.0,"max_hp_gain":0.0,"max_hp_loss":0.0,"gold_gain":0.0,"event_name":"Transmorgrifier","player_choice":"Ignored","floor":19.0,"gold_loss":0.0,"damage_taken":0.0},{"damage_healed":0.0,"max_hp_gain":0.0,"max_hp_loss":0.0,"gold_gain":0.0,"event_name":"Drug Dealer","player_choice":"Inject Mutagens","floor":22.0,"gold_loss":0.0,"damage_taken":0.0,"relics_obtained":["MutagenicStrength"]},{"cards_removed":["Juggernaut"],"damage_healed":60.0,"max_hp_gain":10.0,"max_hp_loss":0.0,"gold_gain":0.0,"event_name":"Bonfire Elementals","player_choice":"Offered Rare","floor":24.0,"gold_loss":0.0,"damage_taken":0.0},{"damage_healed":0.0,"max_hp_gain":0.0,"max_hp_loss":0.0,"gold_gain":0.0,"event_name":"Back to Basics","player_choice":"Simplicity","floor":30.0,"gold_loss":0.0,"damage_taken":0.0,"cards_upgraded":["Strike_R","Strike_R","Strike_R","Strike_R","Strike_R","Defend_R","Defend_R","Defend_R","Defend_R"]},{"damage_healed":19.0,"max_hp_gain":0.0,"max_hp_loss":0.0,"gold_gain":0.0,"event_name":"Wheel of Change","player_choice":"Full Heal","floor":36.0,"gold_loss":0.0,"damage_taken":0.0},{"damage_healed":0.0,"max_hp_gain":0.0,"max_hp_loss":0.0,"gold_gain":275.0,"event_name":"Golden Shrine","player_choice":"Desecrate","floor":39.0,"gold_loss":0.0,"damage_taken":0.0,"cards_obtained":["Regret"]},{"cards_removed":["Dropkick"],"damage_healed":0.0,"max_hp_gain":0.0,"max_hp_loss":0.0,"gold_gain":0.0,"event_name":"Falling","player_choice":"Removed Attack","floor":42.0,"gold_loss":0.0,"damage_taken":0.0}],"is_beta":false,"boss_relics":[{"not_picked":["Sozu","Tiny House"],"picked":"Calling Bell"},{"not_picked":["SacredBark","Cursed Key"],"picked":"Black Blood"}],"items_purged_floors":[53],"is_endless":false,"potions_floor_spawned":[2,3,7,10,18,28,31,33,37,47,48],"killed_by":"The Heart","ascension_level":7}}