{"host":"ne5hixkhdtkevwwo","time":1613459403,"event":{"mods":["BaseMod","Downfall","Minty Spire (QoL Compilation)","Relic Stats","StSLib"],"gold_per_floor":[0,15,28,203,353,369,445,471,471,471,484,519,36,36,47,144,144,144,160,45,145,5,38,38,71,71,71,195,195,225,242,253,356,356,156,166,186,186,111,111,134,34,50,68,68,68,99,32,45,45,45,80,31,31,31,31],"floor_reached":57,"language":"ENG","playtime":4364,"items_purged":["downfall:Malfunctioning","Doubt","downfall:Icky"],"score":1421,"play_id":"94361726-2f1a-418d-97d5-051e8559a93a","local_time":"20210216081003","is_ascension_mode":true,"campfire_choices":[{"data":"Guardian:TwinSlam","floor":1.0,"key":"SMITH"},{"data":"Secret Weapon","floor":9.0,"key":"SMITH"},{"data":"Guardian:FierceBash","floor":18.0,"key":"SMITH"},{"floor":26.0,"key":"RECALL"},{"data":"Guardian:GemFire","floor":35.0,"key":"SMITH"},{"data":"Guardian:BaubleBeam","floor":42,"key":"SMITH"},{"data":"Guardian:Preprogram","floor":46,"key":"SMITH"},{"floor":54,"key":"REST"}],"circlet_count":0,"master_deck":["Guardian:Strike_Guardian+1","Guardian:Strike_Guardian","Guardian:Strike_Guardian+1","Guardian:Strike_Guardian","Guardian:Defend_Guardian","Guardian:Defend_Guardian","Guardian:Defend_Guardian","Guardian:Defend_Guardian","Guardian:CurlUp","Guardian:TwinSlam+1","Secret Weapon+1","Guardian:PrimingBeam","Guardian:Recover+1","Guardian:ShieldCharger","Guardian:Planning","Guardian:FierceBash+1","Guardian:RevengeProtocol+1","CurseOfTheBell","Guardian:RollAttack","Guardian:Recover+1","Guardian:Preprogram+1","Guardian:Repulse+1","Guardian:BaubleBeam+1","Guardian:CrystalBeam+1","Guardian:SpikerProtocol+1","Guardian:BronzeArmor+1","Guardian:BaubleBeam","Guardian:GemFire+1","Guardian:VentSteam+1","expansioncontent:InvincibleStrength+1","expansioncontent:InvincibleStrength+1","Guardian:Orbwalk+1","Guardian:CrystalBeam+1","Guardian:TwinSlam+1","downfall:Haunted","Guardian:TimeCapacitor+1","Guardian:TemporalShield+1"],"relics":["Guardian:ModeShifter","Frozen Egg 2","Toy Ornithopter","Potion Belt","Bag of Preparation","StrikeDummy","Calling Bell","Nunchaku","Pantograph","TungstenRod","White Beast Statue","Unceasing Top","Matryoshka","Guardian:SackOfGems","Blood Vial","Bag of Marbles","bronze:DecasWashers","Philosopher\u0027s Stone","downfall:HeartBlessingRed","downfall:HeartBlessingGreen","Pen Nib","downfall:HeartBlessingBlue","Pear","Blue Candle"],"acts_visited":["Exordium","TheCity","TheBeyond","TheEnding"],"potions_floor_usage":[52,52,55,56,56,56,56,56,56],"damage_taken":[{"damage":6.0,"enemies":"Small Slimes","floor":2.0,"turns":4.0},{"damage":2.0,"enemies":"Jaw Worm","floor":3.0,"turns":4.0},{"damage":0.0,"enemies":"2 Louse","floor":6.0,"turns":2.0},{"damage":13.0,"enemies":"Gremlin Nob","floor":8.0,"turns":5.0},{"damage":6.0,"enemies":"downfall:LooterAlt","floor":11.0,"turns":3.0},{"damage":14.0,"enemies":"Lagavulin","floor":12.0,"turns":7.0},{"damage":10.0,"enemies":"downfall:FleeingMerchant","floor":13.0,"turns":4.0},{"damage":5.0,"enemies":"Exordium Wildlife","floor":15.0,"turns":5.0},{"damage":22.0,"enemies":"SI_SHIV_ARCHETYPE","floor":16.0,"turns":9.0},{"damage":13.0,"enemies":"3 Byrds","floor":19.0,"turns":7.0},{"damage":10.0,"enemies":"downfall:FleeingMerchant","floor":20.0,"turns":4.0},{"damage":24.0,"enemies":"downfall:LadyInBlue","floor":21.0,"turns":11.0},{"damage":0.0,"enemies":"downfall:FleeingMerchant","floor":22.0,"turns":4.0},{"damage":4.0,"enemies":"Book of Stabbing","floor":23.0,"turns":4.0},{"damage":10.0,"enemies":"Gremlin Leader","floor":25.0,"turns":10.0},{"damage":0.0,"enemies":"downfall:FleeingMerchant","floor":28.0,"turns":2.0},{"damage":0.0,"enemies":"Book of Stabbing","floor":30.0,"turns":1.0},{"damage":3.0,"enemies":"Shell Parasite","floor":31.0,"turns":2.0},{"damage":0.0,"enemies":"Chosen and Byrds","floor":32.0,"turns":1.0},{"damage":25.0,"enemies":"WA_ARCHETYPE_CALM","floor":33.0,"turns":9.0},{"damage":0.0,"enemies":"3 Darklings","floor":36.0,"turns":1.0},{"damage":0.0,"enemies":"3 Shapes","floor":37.0,"turns":1.0},{"damage":0,"enemies":"Jaw Worm Horde","floor":43,"turns":1},{"damage":0,"enemies":"Maw","floor":44,"turns":3},{"damage":0,"enemies":"Reptomancer","floor":47,"turns":1},{"damage":0,"enemies":"Spire Growth","floor":49,"turns":1},{"damage":10,"enemies":"DF_ARCHETYPE_ORBS","floor":50,"turns":4},{"damage":11,"enemies":"downfall:CharBossMerchant","floor":52,"turns":4},{"damage":0,"enemies":"downfall:NeowBoss","floor":55,"turns":9},{"damage":23,"enemies":"downfall:NeowBossFinal","floor":56,"turns":8}],"seed_played":"-2768936843406556034","potions_obtained":[{"floor":2.0,"key":"Explosive Potion"},{"floor":6.0,"key":"Explosive Potion"},{"floor":16.0,"key":"Energy Potion"},{"floor":21.0,"key":"Block Potion"},{"floor":21.0,"key":"Block Potion"},{"floor":21.0,"key":"sneckomod:MuddlingPotion"},{"floor":22.0,"key":"FairyPotion"},{"floor":23.0,"key":"DuplicationPotion"},{"floor":25.0,"key":"AttackPotion"},{"floor":28.0,"key":"SneckoOil"},{"floor":30.0,"key":"EntropicBrew"},{"floor":31.0,"key":"Explosive Potion"},{"floor":32.0,"key":"DistilledChaos"},{"floor":33.0,"key":"AttackPotion"},{"floor":36.0,"key":"Slimebound:ThreeZeroPotion"},{"floor":37.0,"key":"DistilledChaos"},{"floor":52,"key":"SpeedPotion"}],"is_trial":false,"path_per_floor":["R","M","M","?","?","M","T","E","R","?","M","E","$","?","M","B",null,"R","M","$","?","$","E","T","E","R","?","$","?","E","M","M","B",null,"R","M","M","?","$","?","T","R","M","M","?","R","E","$","M","B",null,"E","$","R","B","B",null],"character_chosen":"GUARDIAN","items_purchased":["Bag of Preparation","StrikeDummy","Bag of Marbles","Guardian:SpikerProtocol+1","Guardian:Orbwalk+1","Guardian:TimeCapacitor+1","Dexterity Potion"],"campfire_rested":1,"item_purchase_floors":[13,13,28,28,39,48,53],"current_hp_per_floor":[80,74,72,72,72,72,72,59,59,59,53,39,29,29,24,2,80,80,67,57,38,43,39,39,39,39,39,46,23,35,34,36,43,80,80,80,80,71,71,71,71,81,83,85,85,85,97,97,99,90,100,89,89,100,100,91],"gold":31,"neow_bonus":"RANDOM_COLORLESS_2","is_daily":false,"chose_seed":false,"campfire_upgraded":6,"win_rate":0.0,"timestamp":1613459403,"path_taken":["R","M","M","?","?","M","T","E","R","?","M","E","$","?","M","BOSS","R","M","$","?","$","E","T","E","R","?","$","?","E","?","M","BOSS","R","M","M","?","$","?","T","R","M","?","?","R","E","$","M","BOSS","E","$","R","BOSS","BOSS"],"items_purchased_type":["Relic","Relic","Relic","Card","Card","Card","Potion"],"build_version":"2020-12-22","purchased_purges":3,"victory":true,"max_hp_per_floor":[80,80,80,80,80,80,80,80,80,80,80,80,80,80,80,80,80,80,80,80,80,80,80,80,80,80,80,80,80,80,80,80,80,80,80,80,80,80,80,80,80,90,90,90,90,90,100,100,100,100,100,100,100,100,100,100],"relic_stats":{"Blood Vial":19,"Nunchaku":[18],"counters":[30,131],"Pantograph":25,"Blue Candle":[4],"Pen Nib":[6],"Bag of Preparation":[46],"obtain_stats":[{"Guardian:SackOfGems":25,"downfall:HeartBlessingGreen":35,"Bag of Preparation":13,"Blood Vial":27,"Nunchaku":17,"downfall:BrokenWingStatue":14,"Matryoshka":24,"downfall:HeartBlessingBlue":42,"Pantograph":17,"Philosopher\u0027s Stone":34,"Potion Belt":12,"Pear":47,"downfall:HeartBlessingRed":35,"bronze:DecasWashers":30,"Blue Candle":52,"Guardian:ModeShifter":0,"Pen Nib":41,"Frozen Egg 2":7,"White Beast Statue":21,"Calling Bell":17,"Bag of Marbles":28,"StrikeDummy":13,"Toy Ornithopter":8,"TungstenRod":17,"Unceasing Top":23},{"Guardian:SackOfGems":15,"downfall:HeartBlessingGreen":20,"Bag of Preparation":7,"Blood Vial":15,"Nunchaku":9,"downfall:BrokenWingStatue":7,"Matryoshka":14,"downfall:HeartBlessingBlue":22,"Pantograph":9,"Philosopher\u0027s Stone":20,"Potion Belt":6,"Pear":25,"downfall:HeartBlessingRed":20,"bronze:DecasWashers":17,"Blue Candle":28,"Guardian:ModeShifter":0,"Pen Nib":22,"Frozen Egg 2":3,"White Beast Statue":12,"Calling Bell":9,"Bag of Marbles":16,"StrikeDummy":7,"Toy Ornithopter":4,"TungstenRod":9,"Unceasing Top":14},{"Guardian:SackOfGems":83,"downfall:HeartBlessingGreen":98,"Bag of Preparation":29,"Blood Vial":83,"Nunchaku":43,"downfall:BrokenWingStatue":29,"Matryoshka":73,"downfall:HeartBlessingBlue":100,"Pantograph":43,"Philosopher\u0027s Stone":98,"Potion Belt":25,"Pear":105,"downfall:HeartBlessingRed":98,"bronze:DecasWashers":86,"Blue Candle":114,"Guardian:ModeShifter":0,"Pen Nib":100,"Frozen Egg 2":10,"White Beast Statue":65,"Calling Bell":43,"Bag of Marbles":85,"StrikeDummy":29,"Toy Ornithopter":15,"TungstenRod":43,"Unceasing Top":73}],"Toy Ornithopter":54,"TungstenRod":38,"Unceasing Top":[0]},"card_choices":[{"not_picked":["Chrysalis","Thinking Ahead"],"picked":"Secret Weapon","floor":0.0},{"not_picked":["Guardian:Gem_Cyan","Guardian:EvasiveProtocol"],"picked":"Guardian:PrimingBeam","floor":2.0},{"not_picked":["Guardian:Gem_Cyan","Guardian:TemporalShield"],"picked":"Guardian:Recover","floor":3.0},{"not_picked":["Guardian:Incinerate","Guardian:Suspension"],"picked":"Guardian:Gem_Red","floor":6.0},{"not_picked":["Guardian:Suspension","Guardian:GuardianWhirl"],"picked":"Guardian:Gem_Synthetic","floor":8.0},{"not_picked":["Guardian:Suspension","Guardian:Recover"],"picked":"Guardian:ShieldCharger","floor":11.0},{"not_picked":["Guardian:ShieldCharger","Guardian:Gem_Lightblue"],"picked":"Guardian:Planning","floor":12.0},{"not_picked":["Guardian:ArmoredProtocol+1","Guardian:Reroute"],"picked":"Guardian:FierceBash","floor":13.0},{"not_picked":["Guardian:PrismaticBeam","Guardian:BronzeArmor"],"picked":"Guardian:Gem_Crimson","floor":15.0},{"not_picked":["Guardian:SphericShield","Guardian:GatlingBeam"],"picked":"Guardian:RevengeProtocol+1","floor":16.0},{"not_picked":["Guardian:GuardianWhirl","Guardian:Clone"],"picked":"Guardian:RollAttack","floor":19.0},{"not_picked":["Guardian:Gem_Lightblue","Guardian:Emergency"],"picked":"Guardian:Recover+1","floor":20.0},{"not_picked":["Guardian:ShieldCharger+1","Guardian:RollAttack"],"picked":"Guardian:Preprogram","floor":21.0},{"not_picked":["Guardian:Gem_Crimson","Guardian:Gem_Cyan"],"picked":"Guardian:Repulse+1","floor":22.0},{"not_picked":["Guardian:PrismaticBeam","Guardian:TemporalStrike+1","Guardian:WalkerClaw"],"picked":"SKIP","floor":23.0},{"not_picked":["Guardian:Gem_Blue","Guardian:Planning"],"picked":"Guardian:BaubleBeam","floor":25.0},{"not_picked":["Guardian:Gem_Red","Guardian:Reroute"],"picked":"Guardian:CrystalBeam+1","floor":28.0},{"not_picked":["Guardian:Planning","Guardian:Gem_Purple","Guardian:DecasProtection"],"picked":"SKIP","floor":30.0},{"not_picked":["Guardian:Gem_Yellow","Guardian:EvasiveProtocol+1"],"picked":"Guardian:BronzeArmor+1","floor":31.0},{"not_picked":["Guardian:Recover","Guardian:RollAttack"],"picked":"Guardian:BaubleBeam","floor":32.0},{"not_picked":["Guardian:HyperBeam_Guardian","Guardian:ConstructionForm+1"],"picked":"Guardian:GemFire","floor":33.0},{"not_picked":["Guardian:Gem_Fragmented","Guardian:DecasProtection"],"picked":"Guardian:VentSteam+1","floor":36.0},{"not_picked":["Guardian:Emergency","Guardian:WalkerClaw"],"picked":"Guardian:Gem_White","floor":37.0},{"not_picked":["expansioncontent:Chronoboost","expansioncontent:Hexaburn"],"picked":"expansioncontent:InvincibleStrength","floor":38.0},{"not_picked":["expansioncontent:LastStand","expansioncontent:Hexaburn"],"picked":"expansioncontent:InvincibleStrength","floor":38.0},{"not_picked":["Guardian:Suspension+1","Guardian:Repulse+1","Guardian:Reroute+1"],"picked":"SKIP","floor":43},{"not_picked":["Guardian:TemporalStrike+1","Guardian:PrimingBeam","Guardian:Suspension"],"picked":"SKIP","floor":44},{"not_picked":["Guardian:BronzeOrb+1","Guardian:PrismaticBeam"],"picked":"Guardian:Gem_Cyan","floor":47},{"not_picked":["Guardian:SphericShield","Guardian:WalkerClaw"],"picked":"Guardian:Gem_Blue","floor":49},{"not_picked":["Guardian:PrismaticBarrier+1","Guardian:RollAttack+1"],"picked":"Guardian:TemporalShield+1","floor":52}],"player_experience":1076552,"relics_obtained":[{"floor":7.0,"key":"Frozen Egg 2"},{"floor":8.0,"key":"Toy Ornithopter"},{"floor":12.0,"key":"Potion Belt"},{"floor":17.0,"key":"Nunchaku"},{"floor":17.0,"key":"Pantograph"},{"floor":17.0,"key":"TungstenRod"},{"floor":21.0,"key":"White Beast Statue"},{"floor":23.0,"key":"Unceasing Top"},{"floor":24.0,"key":"Matryoshka"},{"floor":25.0,"key":"Guardian:SackOfGems"},{"floor":30.0,"key":"bronze:DecasWashers"},{"floor":41,"key":"Pen Nib"},{"floor":47,"key":"Pear"},{"floor":52,"key":"Blue Candle"}],"event_choices":[],"is_beta":false,"boss_relics":[{"not_picked":["Snecko Eye","Sozu"],"picked":"Calling Bell"},{"not_picked":["Empty Cage","Fusion Hammer"],"picked":"Philosopher\u0027s Stone"}],"items_purged_floors":[13,20,22],"is_endless":false,"potions_floor_spawned":[2,6,16,22,23,25,28,30,31,32,33,36,37,43,44,47,49,52],"ascension_level":2}}