{"host":"i4d0ryn2nm90u3i6","time":1613451711,"event":{"mods":["AchievementEnabler","BaseMod","Colored Powertips","Infinite Spire","Marisa????????","Minty Spire (QoL Compilation)","Replay The Spire","StSLib"],"gold_per_floor":[10,24,24,36,1,27,27,27,27,58,58,58,77,97,97,201,201,212,228,228,228,13,13,44,58,111,111,165,200,200,48,48,174,174,199,199,199,225,272,272,172,203,226,268,302,382,382,421,421,552,652,710,762,826,826,885,974,974,974,974,974,1048,1120,1212,1295,1295,1472,1472,1583,1583,992,1059,1134,1134,1219,1219,1219,1322,1426,1363,1469,1479,1491,1690,1702,1829,1864,1397,1409,1535,1547,1900,1941,1953,1965,1528,1528,1629,1371,1371,1546,1546,1657,1774,1774,1887,2016,2016,1935,2084,2111,2111,2254,2402,1920,2052,2052,2031,2031],"floor_reached":118,"language":"ENG","playtime":11220,"items_purged":["Defend_MRS","Normality","Strike_MRS","Defend_MRS","ReplayTheSpireMod:Echoes of Time","NonDirectionalLaser","DC"],"score":3929,"play_id":"d03d70e8-4284-45b6-94ad-354725c7e693","local_time":"20210216060151","is_ascension_mode":true,"campfire_choices":[{"floor":8.0,"key":"REST"},{"floor":11.0,"key":"REST"},{"data":"MysteriousBeam","floor":23.0,"key":"SMITH"},{"floor":27.0,"key":"RECALL"},{"data":"MysteriousBeam","floor":30.0,"key":"SMITH"},{"data":"IllusionStar","floor":32.0,"key":"SMITH"},{"floor":40.0,"key":"REST"},{"floor":47.0,"key":"REST"},{"data":"1","floor":47.0,"key":"LIFT"},{"data":"2","floor":49.0,"key":"LIFT"},{"data":"3","floor":58.0,"key":"LIFT"},{"data":"SprinkleStarSeal","floor":61.0,"key":"SMITH"},{"data":"IllusionStar","floor":66.0,"key":"SMITH"},{"data":"OpenUniverse","floor":74.0,"key":"SMITH"},{"data":"MilkyWay","floor":76.0,"key":"SMITH"},{"data":"infinitespire:Execution","floor":91,"key":"SMITH"},{"data":"BinaryStars","floor":95,"key":"SMITH"},{"data":"BlazeAway","floor":97,"key":"SMITH"},{"floor":100,"key":"REST"},{"data":"BigCrunch","floor":100,"key":"SMITH"},{"floor":108,"key":"REST"},{"data":"DeepEcoloBomb","floor":108,"key":"SMITH"},{"data":"Occultation","floor":112,"key":"SMITH"},{"data":"DarkSpark","floor":117,"key":"SMITH"}],"circlet_count":0,"master_deck":["Strike_MRS","Strike_MRS","MasterSpark","UpSweep","Secret Weapon","GalacticHalo","Occultation+1","IllusionStar+1","AlicesGift","BlazeAway+1","MilkyWay+1","RefractionSpark","6A","FairyDestructionRay","MaximisePower+1","MysteriousBeam+1","MilkyWay","Enlightenment+1","MysteriousBeam+1","OrrerysSun+1","WitchOfGreed+1","Pot Of Greed","Pot Of Greed","Pot Of Greed","DeepEcoloBomb+1","AlicesGift+1","MysteriousBeam+1","TreasureHunter+1","6A","NonDirectionalLaser","DeepEcoloBomb+1","ShootingEcho","PowerUp","DoubleSpark","Pot Of Greed","SprinkleStarSeal+1","AlicesGift+1","MilkyWay+1","GalacticHalo","NonDirectionalLaser","IllusionStar+1","BigCrunch+1","OpenUniverse+1","Blind","WitchOfGreed+1","Pot Of Greed","PulseMagic","PropBag+1","BinaryStars+1","DC+1","infinitespire:Execution+1","DC+1","Occultation+1","PropBag+1","Violence+1","Finesse+1","Panache","Pot Of Greed+1","Replay:AllIn+1","DarkSpark+1","Jack Of All Trades+1","IllusionStar+1"],"relics":["BewitchedHakkero","infinitespire:Magic Flask","AmplifyWand","Pondfish Scales","infinitespire:ShieldingShard","infinitespire:FocusingShard","Busted Crown","BreadOfAWashokuLover","Grinning Jar","DollysMirror","Runic Pyramid","infinitespire:EvilPickle","Ring of Searing","ReplayTheSpireMod:Ring of Addiction","Chameleon Ring","Toy Ornithopter","Girya","Bronze Scales","Pear","War Paint","Orichalcum","Replay:Wanted Poster","Darkstone Periapt","Painkiller Herb","CaptainsWheel","Pen Nib","Replay:Accelerometer","ReplayTheSpireMod:TigerMarble","Ring of Chaos","infinitespire:Bottled Soul","Membership Card","Tiny Chest","Mercury Hourglass","MawBank","StoneCalendar","infinitespire:Cupcake","infinitespire:EvilPickle","Strawberry","Replay:Wax Seal","Ice Cream","Toxic Egg 2","PrismaticShard","Kunai","Simple Rune","Juzu Bracelet","Letter Opener","Pet Ghost","Turnip","Bag of Marbles","Regal Pillow","Golden Egg","Guide Book","Gremlin Horn","Ornamental Fan"],"acts_visited":["Exordium","TheCity","TheBeyond","Exordium","TheCity","TheBeyond","Exordium"],"potions_floor_usage":[92,98,101,104,107,110,113,116],"damage_taken":[{"damage":0.0,"enemies":"Cultist","floor":1.0,"turns":3.0},{"damage":0.0,"enemies":"2 Louse","floor":2.0,"turns":2.0},{"damage":2.0,"enemies":"Jaw Worm","floor":4.0,"turns":3.0},{"damage":41.0,"enemies":"Gremlin Nob","floor":6.0,"turns":5.0},{"damage":12.0,"enemies":"Replay:BlueRogue","floor":10.0,"turns":5.0},{"damage":0.0,"enemies":"Large Slime","floor":13.0,"turns":4.0},{"damage":0.0,"enemies":"Looter","floor":14.0,"turns":3.0},{"damage":23.0,"enemies":"Fading Forest","floor":16.0,"turns":11.0},{"damage":0.0,"enemies":"Shell Parasite","floor":18.0,"turns":6.0},{"damage":0.0,"enemies":"2 Thieves","floor":19.0,"turns":4.0},{"damage":7.0,"enemies":"Gremlin Leader","floor":24.0,"turns":9.0},{"damage":2.0,"enemies":"Centurion and Healer","floor":25.0,"turns":5.0},{"damage":0.0,"enemies":"Replay:Snechameleon","floor":28.0,"turns":6.0},{"damage":0.0,"enemies":"Shelled Parasite and Fungi","floor":29.0,"turns":4.0},{"damage":0.0,"enemies":"Pondfish","floor":33.0,"turns":9.0},{"damage":0.0,"enemies":"3 Shapes","floor":35.0,"turns":2.0},{"damage":2.0,"enemies":"Orb Walker","floor":38.0,"turns":3.0},{"damage":61.0,"enemies":"2 Orb Walkers","floor":39.0,"turns":6.0},{"damage":0.0,"enemies":"3 Darklings","floor":42.0,"turns":2.0},{"damage":36.0,"enemies":"Nightmare","floor":44.0,"turns":5.0},{"damage":0.0,"enemies":"Sphere and 2 Shapes","floor":45.0,"turns":2.0},{"damage":61.0,"enemies":"Nemesis","floor":46.0,"turns":7.0},{"damage":0.0,"enemies":"4 Shapes","floor":48.0,"turns":2.0},{"damage":42.0,"enemies":"Awakened One","floor":50.0,"turns":8.0},{"damage":0.0,"enemies":"Small Slimes","floor":52.0,"turns":1.0},{"damage":0.0,"enemies":"2 Louse","floor":53.0,"turns":1.0},{"damage":0.0,"enemies":"Jaw Worm","floor":54.0,"turns":2.0},{"damage":0.0,"enemies":"Blue Slaver","floor":56.0,"turns":1.0},{"damage":0.0,"enemies":"3 Sentries","floor":57.0,"turns":3.0},{"damage":0.0,"enemies":"2 Fungi Beasts","floor":62.0,"turns":1.0},{"damage":0.0,"enemies":"Exordium Thugs","floor":63.0,"turns":2.0},{"damage":0.0,"enemies":"Gremlin Nob","floor":64.0,"turns":2.0},{"damage":0.0,"enemies":"Blue Slaver","floor":65.0,"turns":1.0},{"damage":0.0,"enemies":"Slime Boss","floor":67.0,"turns":2.0},{"damage":0.0,"enemies":"Spheric Guardian","floor":69.0,"turns":1.0},{"damage":0.0,"enemies":"Chosen","floor":72.0,"turns":2.0},{"damage":0.0,"enemies":"Sentry and Sphere","floor":73.0,"turns":2.0},{"damage":0.0,"enemies":"Centurion and Healer","floor":75.0,"turns":1.0},{"damage":0.0,"enemies":"Cultist and Chosen","floor":78.0,"turns":1.0},{"damage":0.0,"enemies":"Book of Stabbing","floor":79.0,"turns":2.0},{"damage":0.0,"enemies":"Sentry and Sphere","floor":81.0,"turns":1.0},{"damage":0.0,"enemies":"Slavers","floor":82.0,"turns":1.0},{"damage":5.0,"enemies":"Pondfish","floor":84.0,"turns":5.0},{"damage":0,"enemies":"3 Darklings","floor":86,"turns":1},{"damage":0,"enemies":"Orb Walker","floor":90,"turns":2},{"damage":0,"enemies":"Giant Head","floor":92,"turns":4},{"damage":0,"enemies":"Mind Bloom Boss Battle","floor":93,"turns":2},{"damage":27,"enemies":"Nightmare","floor":98,"turns":4},{"damage":0,"enemies":"Donu and Deca","floor":101,"turns":2},{"damage":0,"enemies":"Small Slimes","floor":103,"turns":1},{"damage":0,"enemies":"Jaw Worm","floor":104,"turns":1},{"damage":0,"enemies":"Cultist","floor":106,"turns":2},{"damage":18,"enemies":"Exordium Thugs","floor":107,"turns":3},{"damage":0,"enemies":"Gremlin Nob","floor":110,"turns":1},{"damage":0,"enemies":"Blue Slaver","floor":113,"turns":1},{"damage":0,"enemies":"Red Slaver","floor":114,"turns":1},{"damage":0,"enemies":"Large Slime","floor":116,"turns":1},{"damage":80,"enemies":"infinitespire:LordOfFortification","floor":118,"turns":2}],"seed_played":"-6710534045437459768","potions_obtained":[{"floor":6.0,"key":"DuplicationPotion"},{"floor":10.0,"key":"LifebloodPotion"},{"floor":13.0,"key":"Swift Potion"},{"floor":14.0,"key":"Venom Potion"},{"floor":28.0,"key":"Adrenaline Potion"},{"floor":29.0,"key":"DistilledChaos"},{"floor":33.0,"key":"Adrenaline Potion"},{"floor":36.0,"key":"LiquidMemories"},{"floor":37.0,"key":"FairyPotion"},{"floor":38.0,"key":"Block Potion"},{"floor":39.0,"key":"AttackPotion"},{"floor":42.0,"key":"infinitespire:BlackPotion"},{"floor":45.0,"key":"SmokeBomb"},{"floor":46.0,"key":"GamblersBrew"},{"floor":48.0,"key":"ColorlessPotion"},{"floor":53.0,"key":"Energy Potion"},{"floor":54.0,"key":"SkillPotion"},{"floor":57.0,"key":"PowerPotion"},{"floor":64.0,"key":"Venom Potion"},{"floor":67.0,"key":"SmokeBomb"},{"floor":73.0,"key":"BlessingOfTheForge"},{"floor":78.0,"key":"Dexterity Potion"},{"floor":78.0,"key":"Doom Potion"},{"floor":83.0,"key":"Death Potion"},{"floor":83.0,"key":"Block Potion"},{"floor":84.0,"key":"Milkshake"},{"floor":90,"key":"Adrenaline Potion"},{"floor":92,"key":"LiquidMemories"},{"floor":101,"key":"Strength Potion"},{"floor":104,"key":"Doom Potion"},{"floor":106,"key":"EntropicBrew"},{"floor":107,"key":"Energy Potion"},{"floor":113,"key":"LiquidMemories"}],"is_trial":false,"path_per_floor":["M","M","T","M","$","E","?","R","T","E","R","?","M","M","R","B",null,"M","M","?","?","$","R","E","M","T","R","E","M","R","$","R","B",null,"M","?","?","M","?","R","$","M","T","NM","M","E","R","M","R","B",null,"M","M","M","AVR","?","E","T","?","T","T","?","?","E","?","T","B",null,"?","?","T","?","?","T","?","T","T","?","E","?","?","E","T","B",null,"?","T","?","?","?","T","E","?","T","T","T","T","NM","T","T","B",null,"?","?","T","?","?","T","?","E","T","T","?","?","T","?","T","B"],"character_chosen":"MARISA","items_purchased":["AlicesGift","Enlightenment","MysteriousBeam","DollysMirror","infinitespire:Bottled Soul","Membership Card","Tiny Chest","Blind","PrismaticShard","Kunai","PropBag+1","Violence+1","Finesse+1","Juzu Bracelet","Panache","Regal Pillow","Golden Egg","Guide Book","Jack Of All Trades+1","Adrenaline Potion","IllusionStar+1"],"campfire_rested":6,"item_purchase_floors":[5,22,22,31,71,71,71,71,96,96,96,96,96,99,99,115,115,115,115,115,115],"current_hp_per_floor":[75,75,75,73,73,32,20,42,42,30,52,52,52,52,52,37,75,75,75,75,75,75,75,68,66,66,66,68,68,68,68,68,68,75,75,75,75,73,14,36,36,41,41,25,25,53,78,78,78,43,83,83,83,81,81,81,81,81,81,79,79,79,79,79,79,77,77,77,77,77,75,75,75,75,75,75,75,75,75,75,75,75,75,70,75,75,80,80,76,74,74,74,74,74,74,72,72,50,50,71,72,72,72,72,72,72,54,72,72,72,72,72,72,72,72,72,72,0,0],"gold":2031,"neow_bonus":"RANDOM_COLORLESS_2","is_daily":false,"chose_seed":false,"campfire_upgraded":14,"win_rate":0.0,"timestamp":1613451711,"path_taken":["M","M","?","M","$","E","?","R","T","E","R","?","M","M","R","BOSS","M","M","?","?","$","R","E","M","T","R","E","M","R","$","R","BOSS","M","?","?","?","?","R","$","M","T","NM","M","E","R","M","R","BOSS","M","M","M","AVR","?","E","T","?","T","T","?","?","E","?","T","BOSS","?","?","T","?","?","T","?","T","T","?","E","?","?","E","T","BOSS","?","?","?","?","?","T","E","?","T","T","T","T","NM","T","T","BOSS","?","?","?","?","?","T","?","E","T","T","?","?","T","?","T","BOSS"],"items_purchased_type":["Card","Card","Card","Relic","Relic","Relic","Relic","Card","Relic","Relic","Card","Card","Card","Relic","Card","Relic","Relic","Relic","Card","Potion","Card"],"build_version":"2020-12-22","purchased_purges":7,"victory":false,"max_hp_per_floor":[75,75,75,75,75,75,75,75,75,75,75,75,75,75,75,75,75,75,75,75,75,75,75,75,75,75,75,75,75,75,75,75,75,75,75,75,75,75,75,75,75,75,75,85,85,85,85,83,83,83,83,83,83,81,81,81,81,81,81,79,79,79,79,79,79,77,77,77,77,77,75,75,75,75,75,75,75,75,75,75,75,75,75,75,75,75,80,80,76,74,74,74,74,74,74,72,72,72,72,72,72,72,72,72,72,72,72,72,72,72,72,72,72,72,72,72,72,72,72],"card_choices":[{"not_picked":["ReplayTheSpireMod:Brewmster","Secret Technique"],"picked":"Secret Weapon","floor":0.0},{"not_picked":["Acceleration","DragonMeteor"],"picked":"GalacticHalo","floor":1.0},{"not_picked":["NonDirectionalLaser","ChargingUp"],"picked":"Occultation","floor":2.0},{"not_picked":["SporeBomb","EnergyFlow"],"picked":"IllusionStar","floor":4.0},{"not_picked":["JA","UnstableBomb"],"picked":"BlazeAway","floor":6.0},{"not_picked":["OneTimeOff","MachineGunSpark"],"picked":"MilkyWay","floor":10.0},{"not_picked":["SprinkleStarSeal","AsteroidBelt"],"picked":"RefractionSpark","floor":13.0},{"not_picked":["UnstableBomb","AlicesGift"],"picked":"6A","floor":14.0},{"not_picked":["SatelliteIllusion","UltimateShortwave"],"picked":"MaximisePower","floor":16.0},{"not_picked":[],"picked":"MysteriousBeam","floor":18.0},{"not_picked":[],"picked":"MilkyWay","floor":19.0},{"not_picked":[],"picked":"OrrerysSun+1","floor":24.0},{"not_picked":[],"picked":"WitchOfGreed+1","floor":25.0},{"not_picked":[],"picked":"DeepEcoloBomb","floor":28.0},{"not_picked":[],"picked":"AlicesGift+1","floor":29.0},{"not_picked":[],"picked":"TreasureHunter","floor":33.0},{"not_picked":[],"picked":"6A","floor":35.0},{"not_picked":[],"picked":"NonDirectionalLaser","floor":38.0},{"not_picked":[],"picked":"DeepEcoloBomb+1","floor":39.0},{"not_picked":[],"picked":"ShootingEcho","floor":42.0},{"not_picked":[],"picked":"PowerUp","floor":44.0},{"not_picked":[],"picked":"DoubleSpark","floor":45.0},{"not_picked":[],"picked":"SprinkleStarSeal","floor":46.0},{"not_picked":[],"picked":"AlicesGift+1","floor":48.0},{"not_picked":[],"picked":"MilkyWay","floor":52.0},{"not_picked":["MagicChant"],"picked":"SKIP","floor":53.0},{"not_picked":["SporeBomb"],"picked":"SKIP","floor":54.0},{"not_picked":[],"picked":"GalacticHalo","floor":56.0},{"not_picked":["JA"],"picked":"SKIP","floor":57.0},{"not_picked":[],"picked":"NonDirectionalLaser","floor":62.0},{"not_picked":[],"picked":"DC","floor":63.0},{"not_picked":[],"picked":"IllusionStar","floor":64.0},{"not_picked":[],"picked":"NonDirectionalLaser","floor":65.0},{"not_picked":[],"picked":"BigCrunch","floor":67.0},{"not_picked":[],"picked":"OpenUniverse","floor":69.0},{"not_picked":["WitchLeyline"],"picked":"SKIP","floor":72.0},{"not_picked":[],"picked":"WitchOfGreed+1","floor":73.0},{"not_picked":["LuminesStrike"],"picked":"SKIP","floor":75.0},{"not_picked":[],"picked":"PulseMagic","floor":78.0},{"not_picked":[],"picked":"PropBag+1","floor":79.0},{"not_picked":["StarBarrage"],"picked":"SKIP","floor":81.0},{"not_picked":[],"picked":"BinaryStars","floor":84.0},{"not_picked":[],"picked":"DC+1","floor":86},{"not_picked":["infinitespire:UltimateForm","infinitespire:Starlight"],"picked":"ReplayTheSpireMod:Echoes of Time","floor":86},{"not_picked":["ReplayTheSpireMod:??????????????????????","infinitespire:TheBestDefense"],"picked":"infinitespire:Execution","floor":88},{"not_picked":[],"picked":"DC+1","floor":90},{"not_picked":[],"picked":"Occultation+1","floor":92},{"not_picked":["After Image"],"picked":"SKIP","floor":98},{"not_picked":[],"picked":"Replay:AllIn+1","floor":101},{"not_picked":["Steam+1"],"picked":"SKIP","floor":103},{"not_picked":["Steam+1"],"picked":"SKIP","floor":103},{"not_picked":["Steam+1"],"picked":"SKIP","floor":103},{"not_picked":["Go for the Eyes"],"picked":"SKIP","floor":104},{"not_picked":["Run Through"],"picked":"SKIP","floor":106},{"not_picked":["Force Field+1"],"picked":"SKIP","floor":107},{"not_picked":["Wallop"],"picked":"SKIP","floor":110},{"not_picked":[],"picked":"DarkSpark","floor":113},{"not_picked":["EmptyBody+1"],"picked":"SKIP","floor":114},{"not_picked":["Metallicize"],"picked":"SKIP","floor":116}],"player_experience":164508,"relics_obtained":[{"floor":3.0,"key":"infinitespire:Magic Flask"},{"floor":6.0,"key":"AmplifyWand"},{"floor":9.0,"key":"infinitespire:ShieldingShard"},{"floor":10.0,"key":"infinitespire:FocusingShard"},{"floor":24.0,"key":"BreadOfAWashokuLover"},{"floor":28.0,"key":"Grinning Jar"},{"floor":36.0,"key":"Ring of Searing"},{"floor":36.0,"key":"ReplayTheSpireMod:Ring of Addiction"},{"floor":36.0,"key":"Chameleon Ring"},{"floor":36.0,"key":"Toy Ornithopter"},{"floor":39.0,"key":"Girya"},{"floor":43.0,"key":"Bronze Scales"},{"floor":44.0,"key":"Pear"},{"floor":44.0,"key":"War Paint"},{"floor":46.0,"key":"Orichalcum"},{"floor":57.0,"key":"CaptainsWheel"},{"floor":59.0,"key":"Pen Nib"},{"floor":60.0,"key":"Replay:Accelerometer"},{"floor":64.0,"key":"ReplayTheSpireMod:TigerMarble"},{"floor":77.0,"key":"Mercury Hourglass"},{"floor":79.0,"key":"MawBank"},{"floor":84.0,"key":"StoneCalendar"},{"floor":87,"key":"Strawberry"},{"floor":92,"key":"Replay:Wax Seal"},{"floor":93,"key":"Ice Cream"},{"floor":94,"key":"Toxic Egg 2"},{"floor":98,"key":"Simple Rune"},{"floor":105,"key":"Letter Opener"},{"floor":110,"key":"Turnip"},{"floor":111,"key":"Bag of Marbles"}],"event_choices":[{"damage_healed":0.0,"max_hp_gain":0.0,"max_hp_loss":0.0,"gold_gain":0.0,"event_name":"Scrap Ooze","player_choice":"Success","floor":7.0,"gold_loss":0.0,"damage_taken":12.0,"relics_obtained":["Pondfish Scales"]},{"damage_healed":0.0,"max_hp_gain":0.0,"max_hp_loss":0.0,"gold_gain":0.0,"event_name":"Golden Wing","player_choice":"Ignored","floor":12.0,"gold_loss":0.0,"damage_taken":0.0},{"damage_healed":0.0,"max_hp_gain":0.0,"max_hp_loss":0.0,"gold_gain":0.0,"event_name":"Ghosts","player_choice":"Ignored","floor":20.0,"gold_loss":0.0,"damage_taken":0.0},{"damage_healed":0.0,"max_hp_gain":0.0,"max_hp_loss":0.0,"gold_gain":0.0,"event_name":"Vampires","player_choice":"Ignored","floor":21.0,"gold_loss":0.0,"damage_taken":0.0},{"damage_healed":0.0,"max_hp_gain":0.0,"max_hp_loss":0.0,"gold_gain":0.0,"event_name":"Lab","player_choice":"Got Potions","floor":37.0,"gold_loss":0.0,"damage_taken":0.0},{"damage_healed":0.0,"max_hp_gain":0.0,"max_hp_loss":0.0,"gold_gain":0.0,"event_name":"Mysterious Sphere","player_choice":"Fight","floor":39.0,"gold_loss":0.0,"damage_taken":0.0},{"damage_healed":0.0,"max_hp_gain":0.0,"max_hp_loss":0.0,"gold_gain":0.0,"event_name":"Wheel of Change","player_choice":"Relic","floor":59.0,"gold_loss":0.0,"damage_taken":0.0},{"cards_removed":["Defend_MRS"],"damage_healed":0.0,"max_hp_gain":0.0,"max_hp_loss":0.0,"gold_gain":0.0,"event_name":"Purifier","player_choice":"Purged","floor":70.0,"gold_loss":0.0,"damage_taken":0.0},{"cards_removed":["Defend_MRS"],"damage_healed":0.0,"max_hp_gain":0.0,"max_hp_loss":0.0,"gold_gain":0.0,"event_name":"Beggar","player_choice":"Gave Gold","floor":80.0,"gold_loss":75.0,"damage_taken":0.0},{"damage_healed":0,"gold_gain":0,"player_choice":"Max HP","damage_taken":0,"max_hp_gain":0,"max_hp_loss":4,"event_name":"Winding Halls","floor":89,"gold_loss":0},{"damage_healed":0,"gold_gain":0,"player_choice":"Fight","damage_taken":0,"max_hp_gain":0,"max_hp_loss":0,"event_name":"MindBloom","floor":93,"gold_loss":0},{"damage_healed":0,"gold_gain":0,"player_choice":"Paid Gold","damage_taken":0,"relics_obtained":["Pet Ghost"],"max_hp_gain":0,"max_hp_loss":0,"event_name":"WeMeetAgain","floor":109,"gold_loss":81}],"is_beta":false,"boss_relics":[{"not_picked":["Philosopher\u0027s Stone","infinitespire:Cupcake"],"picked":"Busted Crown"},{"not_picked":["RampagingMagicTools","ChewingGum"],"picked":"Runic Pyramid"},{"not_picked":["Painkiller Herb","ReplayTheSpireMod:DimensionalGlitch"],"picked":"Replay:Wanted Poster"},{"not_picked":["Coffee Dripper","ReplayTheSpireMod:SealedPack"],"picked":"Ring of Chaos"},{"not_picked":["Replay:Drink Me","ChewingGum"],"picked":"infinitespire:Cupcake"},{"not_picked":["ReplayTheSpireMod:DimensionalGlitch","Replay:Ancient Bell"],"picked":"BewitchedHakkero"}],"items_purged_floors":[22,41,55,71,96,99,115],"is_endless":true,"potions_floor_spawned":[6,10,13,14,28,29,33,38,39,42,45,48,53,54,57,64,67,73,78,82,92,93,104,106,107,113],"killed_by":"infinitespire:LordOfFortification","ascension_level":4}}