{"host":"2c84cb4cp1emursg","time":1613447115,"event":{"mods":["Act Like it!","BaseMod","Better Third Choice","Bossed Relics","Hermit","Mimic Mod","Minty Spire (QoL Compilation)","Permanent Neow","StSLib"],"gold_per_floor":[135,85,85,123,168,198,198,299,353,353,0,42,102,164,164,309,309,369,405,441,44,57,57,116,151,224,224,224,149,160,197,197,324,324,337,337,337,405,445,445,445],"floor_reached":40,"language":"ENG","playtime":2012,"items_purged":["Defend_B"],"score":541,"play_id":"1f2afa57-d3a2-403c-9981-6fbfafeaa26d","local_time":"20210215204515","is_ascension_mode":true,"campfire_choices":[{"data":"Zap","floor":7,"key":"SMITH"},{"floor":10,"key":"REST"},{"data":"White Noise","floor":15,"key":"SMITH"},{"data":"Hologram","floor":23,"key":"SMITH"},{"data":"Self Repair","floor":28,"key":"SMITH"},{"data":"Tempest","floor":32,"key":"SMITH"}],"circlet_count":0,"master_deck":["Strike_B+1","Strike_B+1","Zap+1","Dualcast","HandOfGreed+1","Hologram+1","Ball Lightning","Conserve Battery","Self Repair+1","White Noise+1","HandOfGreed+1","Storm","Tempest+1","Turbo","Leap+1","Reinforced Body+1","Electrodynamics","Conserve Battery+1","Echo Form","Hologram+1"],"relics":["FrozenCore","Pantograph","Bag of Preparation","Blood Vial","DollysMirror","Juzu Bracelet","Whetstone","Shuriken","Dream Catcher","Cables","Nuclear Battery"],"acts_visited":["Exordium","TheCity","TheBeyond"],"potions_floor_usage":[12,13,24,33,33,35],"damage_taken":[{"damage":0,"enemies":"Small Slimes","floor":1,"turns":3},{"damage":0,"enemies":"Cultist","floor":4,"turns":2},{"damage":0,"enemies":"2 Louse","floor":5,"turns":2},{"damage":27,"enemies":"Gremlin Nob","floor":6,"turns":4},{"damage":22,"enemies":"3 Sentries","floor":8,"turns":8},{"damage":0,"enemies":"Lots of Slimes","floor":12,"turns":3},{"damage":8,"enemies":"Gremlin Nob","floor":13,"turns":3},{"damage":5,"enemies":"2 Fungi Beasts","floor":14,"turns":3},{"damage":18,"enemies":"Slime Boss","floor":16,"turns":8},{"damage":15,"enemies":"2 Thieves","floor":18,"turns":4},{"damage":0,"enemies":"Spheric Guardian","floor":19,"turns":3},{"damage":21,"enemies":"Snecko","floor":20,"turns":6},{"damage":27,"enemies":"Sentry and Sphere","floor":22,"turns":8},{"damage":13,"enemies":"Slavers","floor":24,"turns":6},{"damage":12,"enemies":"Shelled Parasite and Fungi","floor":25,"turns":5},{"damage":25,"enemies":"Snake Plant","floor":30,"turns":4},{"damage":10,"enemies":"Chosen and Byrds","floor":31,"turns":6},{"damage":49,"enemies":"Automaton","floor":33,"turns":11},{"damage":16,"enemies":"Orb Walker","floor":35,"turns":3},{"damage":0,"enemies":"3 Shapes","floor":38,"turns":3},{"damage":17,"enemies":"Writhing Mass","floor":39,"turns":5},{"damage":55,"enemies":"Giant Head","floor":40,"turns":9}],"seed_played":"-6352870961634691025","potions_obtained":[{"floor":4,"key":"SteroidPotion"},{"floor":8,"key":"Fire Potion"},{"floor":13,"key":"Regen Potion"},{"floor":18,"key":"EssenceOfSteel"},{"floor":25,"key":"LiquidMemories"},{"floor":33,"key":"BlessingOfTheForge"},{"floor":35,"key":"Fruit Juice"}],"is_trial":false,"path_per_floor":["M","?","?","M","M","E","R","E","T","R","$","M","E","M","R","B",null,"M","M","M","$","M","R","E","M","T","?","R","?","M","M","R","B",null,"M","?","?","M","M","E"],"character_chosen":"DEFECT","items_purchased":["DollysMirror","Storm","FearPotion","Whetstone","Shuriken"],"campfire_rested":1,"item_purchase_floors":[11,11,11,21,21],"current_hp_per_floor":[54,54,54,54,54,27,27,12,12,34,34,43,44,41,41,57,75,67,75,61,61,43,43,54,51,51,51,51,51,38,40,40,28,75,64,64,64,66,51,0,0],"gold":445,"neow_bonus":"RANDOM_COLORLESS_2","is_daily":false,"chose_seed":false,"campfire_upgraded":5,"win_rate":0.0,"timestamp":1613447115,"path_taken":["M","?","?","M","M","E","R","E","T","R","$","M","E","M","R","BOSS","M","M","M","$","M","R","E","M","T","?","R","?","M","M","R","BOSS","M","?","?","M","M","E"],"items_purchased_type":["Relic","Card","Potion","Relic","Relic"],"build_version":"2020-12-22","purchased_purges":1,"victory":false,"max_hp_per_floor":[75,75,75,75,75,75,75,75,75,75,75,75,75,75,75,75,75,75,75,75,75,75,75,75,75,75,75,75,75,75,75,75,75,75,80,80,80,80,80,80,80],"card_choices":[{"not_picked":["Secret Technique","Transmutation"],"picked":"HandOfGreed","floor":0},{"not_picked":["Compile Driver","Capacitor"],"picked":"Hologram","floor":1},{"not_picked":["Leap","Go for the Eyes"],"picked":"Ball Lightning","floor":4},{"not_picked":["Compile Driver","Beam Cell"],"picked":"Conserve Battery","floor":5},{"not_picked":["Cold Snap","Force Field"],"picked":"Self Repair","floor":6},{"not_picked":["Lockon","Force Field"],"picked":"White Noise","floor":8},{"not_picked":["All For One","Steam","Sweeping Beam"],"picked":"SKIP","floor":12},{"not_picked":["Lockon","White Noise"],"picked":"Tempest","floor":13},{"not_picked":["Sweeping Beam","Sunder"],"picked":"Turbo","floor":14},{"not_picked":["Chaos","Rip and Tear","Ball Lightning"],"picked":"SKIP","floor":18},{"not_picked":["Stack","Cold Snap"],"picked":"Leap+1","floor":19},{"not_picked":["Conserve Battery+1","Steam"],"picked":"Reinforced Body+1","floor":20},{"not_picked":["Barrage","Streamline+1","Doom and Gloom"],"picked":"SKIP","floor":22},{"not_picked":["Redo","Leap"],"picked":"Electrodynamics","floor":24},{"not_picked":["Compile Driver","Storm","Stack+1"],"picked":"SKIP","floor":25},{"not_picked":["Undo","Aggregate+1"],"picked":"Conserve Battery+1","floor":30},{"not_picked":["Reprogram","Compile Driver+1","Go for the Eyes"],"picked":"SKIP","floor":31},{"not_picked":["Meteor Strike","Machine Learning"],"picked":"Echo Form","floor":33},{"not_picked":["Stack+1","Leap+1"],"picked":"Hologram+1","floor":35},{"not_picked":["Skim+1","Coolheaded+1","Compile Driver"],"picked":"SKIP","floor":38},{"not_picked":["Sunder+1","Aggregate","Barrage"],"picked":"SKIP","floor":39}],"player_experience":488208,"relics_obtained":[{"floor":6,"key":"Pantograph"},{"floor":8,"key":"Bag of Preparation"},{"floor":9,"key":"Blood Vial"},{"floor":13,"key":"Juzu Bracelet"},{"floor":24,"key":"Dream Catcher"},{"floor":26,"key":"Cables"}],"event_choices":[{"cards_removed":["Strike_B"],"damage_healed":0,"gold_gain":0,"player_choice":"Card Removal","damage_taken":0,"max_hp_gain":0,"max_hp_loss":0,"event_name":"The Cleric","floor":2,"gold_loss":50},{"damage_healed":0,"gold_gain":0,"player_choice":"Upgraded","damage_taken":0,"max_hp_gain":0,"max_hp_loss":0,"event_name":"Upgrade Shrine","floor":3,"gold_loss":0,"cards_upgraded":["HandOfGreed"]},{"cards_removed":["Defend_B"],"damage_healed":0,"gold_gain":0,"player_choice":"Purged","damage_taken":0,"max_hp_gain":0,"max_hp_loss":0,"event_name":"Purifier","floor":27,"gold_loss":0},{"cards_removed":["Strike_B"],"damage_healed":0,"gold_gain":0,"player_choice":"Gave Gold","damage_taken":0,"max_hp_gain":0,"max_hp_loss":0,"event_name":"Beggar","floor":29,"gold_loss":75},{"cards_removed":["Defend_B"],"damage_healed":0,"gold_gain":0,"player_choice":"Card Removal","damage_taken":0,"max_hp_gain":0,"max_hp_loss":0,"event_name":"Wheel of Change","floor":36,"gold_loss":0},{"cards_removed":["Defend_B"],"damage_healed":0,"gold_gain":0,"player_choice":"Removed Skill","damage_taken":0,"max_hp_gain":0,"max_hp_loss":0,"event_name":"Falling","floor":37,"gold_loss":0}],"is_beta":false,"boss_relics":[{"not_picked":["Velvet Choker","Calling Bell"],"picked":"FrozenCore"},{"not_picked":["Sozu","Busted Crown"],"picked":"Nuclear Battery"}],"items_purged_floors":[11],"is_endless":false,"potions_floor_spawned":[4,8,13,18,22,25,33,35],"killed_by":"Giant Head","ascension_level":4}}