{"host":"smn2tb46ysgs1sad","time":1613461640,"event":{"mods":["AchievementEnabler","Aspiration","BaseMod","Colored Powertips","Downfall","Hermit","Minty Spire (QoL Compilation)","Replay The Spire","StSLib","The Cursed","The Disciple","The Hierophant"],"gold_per_floor":[119,131,231,97,107,107,107,118,145,194,204,229,229,260,260,363,363,382,297,314,89,14,14,14,14,14,31,59,59,78,113,113,211,211,231,244,169,184,204,236,249,249,275,286,286,316,330,520,520,520],"floor_reached":51,"language":"ENG","playtime":2676,"items_purged":["hermit:EternalForm+1"],"score":1084,"play_id":"716e5dcf-c982-4e10-908d-976f698c382a","local_time":"20210215234720","is_ascension_mode":false,"campfire_choices":[{"data":"hermit:Dissolve","floor":6,"key":"SMITH"},{"floor":15,"key":"REST"},{"data":"hermit:WideOpen","floor":23,"key":"SMITH"},{"floor":32,"key":"REST"},{"data":"hermit:Magnum","floor":45,"key":"SMITH"},{"floor":49,"key":"REST"}],"circlet_count":0,"master_deck":["hermit:Snapshot","hermit:Covet","hermit:Enervate+1","hermit:TrackingShot","CommonCold","hermit:Dissolve+1","hermit:ItchyTrigger","hermit:Adapt","hermit:ItchyTrigger","hermit:Cheat+1","Injury","hermit:BigShot+1","hermit:GhostlyPresence+1","hermit:WideOpen+1","hermit:Combo+1","hermit:Combo+1","hermit:Dive+1","hermit:Deadeye","hermit:TrackingShot","hermit:Misfire+1","downfall:Haunted","hermit:Vantage","Pot Of Greed","Pot Of Greed","Pot Of Greed","hermit:DeadMansHand","hermit:FatalDesire+1","hermit:BigShot+1","hermit:Magnum+1","hermit:Snipe","hermit:Deadeye","hermit:BigShot+1","hermit:FinalCanter","hermit:Dive","Pot Of Greed","hermit:Deadeye+1","hermit:Snipe","Doubt","Writhe","hermit:Adapt+1","hermit:LoneWolf","Looming Evil"],"relics":["hermit:Momento","aspiration:Nostalgia","Cracked Core","ReplayTheSpireMod:CursedCoin","Potion Belt","Anchor","Replay:Rubber Ducky","Frozen Egg 2","hermit:CharredGlove","Cursed Key","War Paint","Orrery","Calipers","Question Card","Grinning Jar","InkBottle","Replay:Grab Bag","bronze:MakeshiftBattery","Painkiller Herb","Pandora\u0027s Box","ReplayTheSpireMod:Ninjato","Strawberry","aspiration:ChemicalBlood"],"acts_visited":["Exordium","TheCity","TheBeyond"],"potions_floor_usage":[16,27,29,31,40,50,50,50,50],"damage_taken":[{"damage":0,"enemies":"Cultist","floor":1,"turns":3},{"damage":9,"enemies":"2 Louse","floor":2,"turns":3},{"damage":1,"enemies":"Jaw Worm","floor":5,"turns":3},{"damage":0,"enemies":"Large Slime","floor":8,"turns":5},{"damage":0,"enemies":"2 Fungi Beasts","floor":11,"turns":2},{"damage":3,"enemies":"3 Sentries","floor":12,"turns":8},{"damage":0,"enemies":"Gremlin Nob","floor":14,"turns":4},{"damage":25,"enemies":"Slime Boss","floor":16,"turns":11},{"damage":0,"enemies":"3 Byrds","floor":18,"turns":6},{"damage":7,"enemies":"Spheric Guardian","floor":20,"turns":4},{"damage":7,"enemies":"Shelled Parasite and Fungi","floor":27,"turns":4},{"damage":2,"enemies":"Book of Stabbing","floor":28,"turns":4},{"damage":0,"enemies":"Sentry and Sphere","floor":29,"turns":2},{"damage":8,"enemies":"Snecko","floor":30,"turns":4},{"damage":24,"enemies":"Slavers","floor":31,"turns":6},{"damage":0,"enemies":"Automaton","floor":33,"turns":8},{"damage":0,"enemies":"Orb Walker","floor":35,"turns":2},{"damage":0,"enemies":"3 Darklings","floor":36,"turns":2},{"damage":0,"enemies":"Transient","floor":38,"turns":5},{"damage":0,"enemies":"Spire Growth","floor":39,"turns":4},{"damage":22,"enemies":"Reptomancer","floor":40,"turns":6},{"damage":13,"enemies":"3 Darklings","floor":41,"turns":5},{"damage":4,"enemies":"4 Shapes","floor":44,"turns":4},{"damage":21,"enemies":"Nemesis","floor":46,"turns":3},{"damage":9,"enemies":"Jaw Worm Horde","floor":47,"turns":4},{"damage":0,"enemies":"Donu and Deca","floor":50,"turns":7}],"seed_played":"1603008635299270426","potions_obtained":[{"floor":5,"key":"Reflective Coating"},{"floor":8,"key":"SmokeBomb"},{"floor":14,"key":"DistilledChaos"},{"floor":18,"key":"LiquidBronze"},{"floor":27,"key":"hexamod:SoulburnPotion"},{"floor":31,"key":"SmokeBomb"},{"floor":36,"key":"hexamod:SoulburnPotion"},{"floor":38,"key":"ColorlessPotion"},{"floor":39,"key":"champ:CounterPotion"},{"floor":41,"key":"Languid Potion"}],"is_trial":false,"path_per_floor":["M","M","?","$","M","R","?","M","T","T","M","E","?","E","R","B",null,"M","?","M","$","?","R","?","$","T","M","E","M","M","E","R","B",null,"?","?","T","?","?","E","?","?","T","?","T","E","?","?","T","B",null],"character_chosen":"HERMIT","items_purchased":["ReplayTheSpireMod:CursedCoin","Potion Belt","hermit:Dissolve","hermit:Combo+1","Orrery"],"campfire_rested":3,"item_purchase_floors":[4,4,4,21,21],"current_hp_per_floor":[75,66,66,66,65,65,50,50,50,50,50,47,47,47,69,44,75,75,75,68,68,68,68,68,68,68,61,59,59,51,27,49,49,75,75,75,75,75,75,53,40,75,82,78,78,57,48,48,72,72],"gold":520,"neow_bonus":"NOSTALGIA","is_daily":false,"chose_seed":false,"campfire_upgraded":3,"win_rate":0.0,"timestamp":1613461640,"path_taken":["M","?","?","$","?","R","?","M","T","?","M","E","?","E","R","BOSS","M","?","M","$","?","R","?","$","T","M","E","?","M","E","R","BOSS","?","?","T","?","?","E","?","?","T","?","T","E","?","?","T","BOSS"],"items_purchased_type":["Relic","Relic","Card","Card","Relic"],"build_version":"2020-12-22","purchased_purges":1,"victory":true,"max_hp_per_floor":[75,75,75,75,75,75,75,75,75,75,75,75,75,75,75,75,75,75,75,75,75,75,75,75,75,75,75,75,75,75,75,75,75,75,75,75,75,75,75,75,75,75,82,82,82,82,82,82,82,82],"card_choices":[{"not_picked":["hermit:BodyArmor","hermit:LowProfile"],"picked":"hermit:Enervate","floor":1},{"not_picked":["hermit:Manifest","hermit:Dive"],"picked":"hermit:TrackingShot","floor":2},{"not_picked":["hermit:Roulette","hermit:Snipe"],"picked":"hermit:ItchyTrigger","floor":5},{"not_picked":["hermit:LuckOfTheDraw","hermit:Malice"],"picked":"hermit:Adapt","floor":8},{"not_picked":["hermit:TrackingShot","hermit:Desperado"],"picked":"hermit:ItchyTrigger","floor":11},{"not_picked":["hermit:Gestalt","hermit:Shortfuse"],"picked":"hermit:Cheat","floor":12},{"not_picked":["hermit:Magnum","hermit:Spite"],"picked":"hermit:BigShot+1","floor":14},{"not_picked":["hermit:HeroicBravado","hermit:BlackWind"],"picked":"hermit:EternalForm+1","floor":16},{"not_picked":["hermit:Midnight","hermit:Enervate"],"picked":"hermit:GhostlyPresence","floor":18},{"not_picked":["hermit:SprayPray","hermit:LuckOfTheDraw"],"picked":"hermit:WideOpen","floor":20},{"not_picked":["hermit:FlashPowder+1","hermit:Brawl+1"],"picked":"hermit:Combo+1","floor":21},{"not_picked":["hermit:Horror+1","hermit:EternalForm+1"],"picked":"hermit:Dive+1","floor":21},{"not_picked":["hermit:Grudge","hermit:CursedWeapon"],"picked":"hermit:Deadeye","floor":21},{"not_picked":["hermit:TakeAim+1","hermit:Virtue"],"picked":"hermit:TrackingShot","floor":21},{"not_picked":["hermit:Coalescence","hermit:Feint"],"picked":"hermit:Misfire+1","floor":21},{"not_picked":["hermit:Grudge","hermit:Midnight","hermit:Desperado"],"picked":"hermit:Vantage","floor":27},{"not_picked":["hermit:Determination+1","hermit:Showdown","hermit:Ricochet","hermit:Brawl+1"],"picked":"SKIP","floor":28},{"not_picked":["hermit:GoldenBullet","hermit:Shortfuse","hermit:Midnight+1","hermit:Ricochet"],"picked":"SKIP","floor":30},{"not_picked":["hermit:NoHoldsBarred","hermit:Scavenge","hermit:HighCaliber"],"picked":"hermit:DeadMansHand","floor":31},{"not_picked":["hermit:Dissolve","hermit:FromBeyond","hermit:RoundhouseKick"],"picked":"hermit:FatalDesire+1","floor":33},{"not_picked":["hermit:Shortfuse","hermit:GhostlyPresence+1","hermit:Roulette+1"],"picked":"hermit:Deadeye+1","floor":35},{"not_picked":["hermit:HighCaliber","hermit:Manifest","hermit:Midnight","hermit:HoleUp"],"picked":"SKIP","floor":36},{"not_picked":["hermit:TakeCover+1","hermit:BodyArmor","hermit:CalledShot+1","hermit:Maintenance"],"picked":"SKIP","floor":38},{"not_picked":["hermit:Vantage+1","hermit:SprayPray","hermit:BodyArmor+1","hermit:Misfire+1"],"picked":"SKIP","floor":39},{"not_picked":["hermit:Roughhouse","hermit:LowProfile","hermit:ItchyTrigger"],"picked":"hermit:Snipe","floor":40},{"not_picked":["hermit:GoldenBullet","hermit:LowProfile+1","hermit:Feint","hermit:Desperado+1"],"picked":"SKIP","floor":41},{"not_picked":["hermit:Roulette","hermit:Desperado+1","hermit:Reprieve","hermit:Maintenance"],"picked":"SKIP","floor":44},{"not_picked":["hermit:Determination+1","hermit:LowProfile+1","hermit:ShadowCloak+1"],"picked":"hermit:Adapt+1","floor":46},{"not_picked":["hermit:PistolWhip+1","hermit:TakeAim+1","hermit:Ricochet"],"picked":"hermit:LoneWolf","floor":47}],"player_experience":194393,"relics_obtained":[{"floor":10,"key":"Anchor"},{"floor":12,"key":"Replay:Rubber Ducky"},{"floor":14,"key":"hermit:CharredGlove"},{"floor":26,"key":"Question Card"},{"floor":28,"key":"Grinning Jar"},{"floor":31,"key":"InkBottle"},{"floor":40,"key":"ReplayTheSpireMod:Ninjato"},{"floor":43,"key":"Strawberry"},{"floor":46,"key":"aspiration:ChemicalBlood"}],"event_choices":[{"damage_healed":0,"gold_gain":100,"player_choice":"Pray","damage_taken":0,"max_hp_gain":0,"max_hp_loss":0,"event_name":"Golden Shrine","floor":3,"gold_loss":0},{"damage_healed":0,"gold_gain":0,"player_choice":"Entered Light","damage_taken":15,"max_hp_gain":0,"max_hp_loss":0,"event_name":"Shining Light","floor":7,"gold_loss":0,"cards_upgraded":["hermit:Enervate","hermit:Strike_Hermit"]},{"damage_healed":0,"gold_gain":0,"player_choice":"Obtained Relic","damage_taken":0,"relics_obtained":["War Paint"],"max_hp_gain":0,"max_hp_loss":0,"event_name":"Addict","floor":19,"gold_loss":85},{"cards_removed":["hermit:Strike_Hermit"],"damage_healed":0,"gold_gain":0,"player_choice":"Gave Gold","damage_taken":0,"max_hp_gain":0,"max_hp_loss":0,"event_name":"Beggar","floor":22,"gold_loss":75},{"damage_healed":0,"gold_gain":0,"player_choice":"Opened","damage_taken":0,"relics_obtained":["Calipers"],"max_hp_gain":0,"max_hp_loss":0,"event_name":"The Mausoleum","floor":24,"gold_loss":0},{"damage_healed":35,"gold_gain":0,"player_choice":"Heal","damage_taken":0,"max_hp_gain":0,"max_hp_loss":0,"event_name":"MindBloom","floor":42,"gold_loss":0,"cards_obtained":["Doubt"]}],"is_beta":false,"boss_relics":[{"not_picked":["Empty Cage","Busted Crown"],"picked":"Cursed Key"},{"not_picked":["aspiration:SecretTechniqueScroll","Sozu"],"picked":"Replay:Grab Bag"},{"not_picked":["Fusion Hammer","Replay:Wanted Poster"],"picked":"bronze:MakeshiftBattery"},{"not_picked":["ReplayTheSpireMod:DimensionalGlitch","Philosopher\u0027s Stone"],"picked":"Painkiller Herb"},{"not_picked":["aspiration:PoetsPen","aspiration:BursterCore"],"picked":"Pandora\u0027s Box"}],"items_purged_floors":[37],"is_endless":false,"potions_floor_spawned":[5,8,14,18,27,29,31,36,38,39,41,47],"ascension_level":0}}