{"host":"9709z2dy8v1s63sm","time":1613479364,"event":{"mods":["AchievementEnabler","BaseMod","Minty Spire (QoL Compilation)","StSLib","SuperFastMode"],"gold_per_floor":[17,36,54,54,65,65,99,99,99,125,125,140,167,167,167,241,241,181,191,191,207,122,147,147,158,158,83,83,101,111,140,140,212,212,225,239,250,250,150,176,176,209,209,240,30,41,41,55,55,55,55,55,55,82,82],"floor_reached":56,"language":"KOR","playtime":2264,"items_purged":["Strike_R","Strike_R","Bash"],"score":2073,"play_id":"deb1d7fc-ba73-4e4e-a257-c112f5245c6e","local_time":"20210216214244","is_ascension_mode":true,"campfire_choices":[{"floor":6.0,"key":"DIG"},{"floor":8.0,"key":"DIG"},{"floor":11.0,"key":"DIG"},{"floor":15.0,"key":"DIG"},{"data":"Evolve","floor":24.0,"key":"SMITH"},{"floor":28.0,"key":"DIG"},{"floor":32.0,"key":"DIG"},{"floor":41.0,"key":"DIG"},{"data":"Dark Embrace","floor":47,"key":"SMITH"},{"floor":49,"key":"RECALL"},{"data":"Barricade","floor":52,"key":"SMITH"}],"circlet_count":0,"master_deck":["AscendersBane","Strike_R","Defend_R","Defend_R","Defend_R","Defend_R","Wild Strike","Fire Breathing+1","Power Through","Flame Barrier","Shrug It Off","Barricade+1","Evolve+1","Offering","Warcry+1","Feel No Pain","Impervious","Dark Embrace+1","Reaper","Seeing Red+1","Warcry+1","Sever Soul","Feel No Pain","Disarm+1","Body Slam"],"relics":["Burning Blood","Shovel","Mummified Hand","Question Card","Bottled Flame","Oddly Smooth Stone","Gremlin Horn","Pear","Blue Candle","Odd Mushroom","Orichalcum","Empty Cage","Toy Ornithopter","Shuriken","CaptainsWheel","Peace Pipe","Ornamental Fan","Pocketwatch","Mark of Pain","Red Skull","Pen Nib","Du-Vu Doll","Vajra","Bronze Scales"],"acts_visited":["Exordium","TheCity","TheBeyond","TheEnding"],"potions_floor_usage":[42,48,55],"damage_taken":[{"damage":3.0,"enemies":"Jaw Worm","floor":1.0,"turns":5.0},{"damage":16.0,"enemies":"Small Slimes","floor":2.0,"turns":5.0},{"damage":11.0,"enemies":"Cultist","floor":3.0,"turns":4.0},{"damage":0.0,"enemies":"Large Slime","floor":5.0,"turns":6.0},{"damage":5.0,"enemies":"3 Sentries","floor":7.0,"turns":5.0},{"damage":21.0,"enemies":"Lagavulin","floor":10.0,"turns":12.0},{"damage":8.0,"enemies":"3 Louse","floor":12.0,"turns":4.0},{"damage":3.0,"enemies":"The Mushroom Lair","floor":13.0,"turns":6.0},{"damage":23.0,"enemies":"Slime Boss","floor":16.0,"turns":8.0},{"damage":10.0,"enemies":"2 Thieves","floor":18.0,"turns":4.0},{"damage":0.0,"enemies":"Chosen","floor":19.0,"turns":5.0},{"damage":21.0,"enemies":"Snake Plant","floor":21.0,"turns":5.0},{"damage":23.0,"enemies":"Slavers","floor":23.0,"turns":4.0},{"damage":5.0,"enemies":"Chosen and Byrds","floor":25.0,"turns":5.0},{"damage":10.0,"enemies":"Snecko","floor":29.0,"turns":7.0},{"damage":26.0,"enemies":"Snake Plant","floor":30.0,"turns":5.0},{"damage":11.0,"enemies":"Gremlin Leader","floor":31.0,"turns":6.0},{"damage":14.0,"enemies":"Champ","floor":33.0,"turns":13.0},{"damage":19.0,"enemies":"Orb Walker","floor":35.0,"turns":4.0},{"damage":11.0,"enemies":"3 Darklings","floor":36.0,"turns":4.0},{"damage":5.0,"enemies":"Sphere and 2 Shapes","floor":37.0,"turns":4.0},{"damage":12.0,"enemies":"Nemesis","floor":40.0,"turns":9.0},{"damage":15,"enemies":"Reptomancer","floor":42,"turns":6},{"damage":14,"enemies":"Nemesis","floor":44,"turns":7},{"damage":6,"enemies":"Spire Growth","floor":46,"turns":6},{"damage":30,"enemies":"Jaw Worm Horde","floor":48,"turns":3},{"damage":40,"enemies":"Awakened One","floor":50,"turns":13},{"damage":36,"enemies":"Shield and Spear","floor":54,"turns":5},{"damage":42,"enemies":"The Heart","floor":55,"turns":9}],"seed_played":"4514523757077122010","potions_obtained":[{"floor":2.0,"key":"Swift Potion"},{"floor":7.0,"key":"EssenceOfSteel"},{"floor":13.0,"key":"FairyPotion"},{"floor":19.0,"key":"Dexterity Potion"},{"floor":23.0,"key":"ElixirPotion"},{"floor":30.0,"key":"Swift Potion"},{"floor":42,"key":"PowerPotion"},{"floor":48,"key":"GamblersBrew"}],"is_trial":false,"path_per_floor":["M","M","M","?","M","R","E","R","T","E","R","M","?","?","R","B",null,"M","M","?","M","?","E","R","M","T","$","R","M","M","E","R","B",null,"M","M","M","?","$","E","R","E","T","E","$","M","R","M","R","B",null,"R","$","E","B",null],"character_chosen":"IRONCLAD","items_purchased":["Sever Soul"],"campfire_rested":0,"item_purchase_floors":[45],"current_hp_per_floor":[71,61,56,30,36,36,37,37,37,32,32,30,33,33,33,16,68,64,70,70,55,55,43,43,44,44,44,44,40,20,15,15,7,66,53,48,49,44,44,38,38,65,65,62,62,74,74,61,61,36,73,73,73,43,12],"gold":82,"neow_bonus":"ONE_RARE_RELIC","is_daily":false,"chose_seed":false,"campfire_upgraded":3,"win_rate":0.0,"timestamp":1613479364,"path_taken":["M","M","M","?","M","R","E","R","T","E","R","M","?","?","R","BOSS","M","M","?","?","?","E","R","M","T","$","R","M","M","E","R","BOSS","M","M","M","?","?","E","R","E","T","E","$","M","R","M","R","BOSS","R","$","E","BOSS"],"items_purchased_type":["Card"],"build_version":"2020-12-22","purchased_purges":3,"victory":true,"max_hp_per_floor":[75,75,75,75,75,75,75,75,75,85,85,85,85,85,85,85,85,85,85,85,85,85,85,85,85,85,85,85,85,85,85,85,85,85,85,85,85,85,85,85,85,85,85,85,85,85,85,85,85,85,85,85,85,85,85],"card_choices":[{"not_picked":["Warcry","Power Through"],"picked":"Wild Strike","floor":1.0},{"not_picked":["Sword Boomerang","Havoc"],"picked":"Fire Breathing","floor":2.0},{"not_picked":["Dropkick","Warcry","Headbutt"],"picked":"SKIP","floor":3.0},{"not_picked":["Flex","Combust"],"picked":"Power Through","floor":5.0},{"not_picked":["Iron Wave","Armaments","Heavy Blade"],"picked":"Flame Barrier","floor":7.0},{"not_picked":["Clothesline","Exhume","Flex","Reckless Charge"],"picked":"SKIP","floor":10.0},{"not_picked":["True Grit","Iron Wave","Twin Strike"],"picked":"Shrug It Off","floor":12.0},{"not_picked":["Brutality","Demon Form","Juggernaut"],"picked":"Barricade","floor":16.0},{"not_picked":["Metallicize","Shrug It Off","Hemokinesis"],"picked":"Evolve","floor":18.0},{"not_picked":["Pommel Strike","Warcry","Clash","Wild Strike"],"picked":"SKIP","floor":19.0},{"not_picked":["Rampage","Headbutt","Uppercut","Perfected Strike+1"],"picked":"SKIP","floor":21.0},{"not_picked":["Bloodletting","Rampage+1","Flex"],"picked":"Offering","floor":23.0},{"not_picked":["Cleave","Whirlwind","Iron Wave"],"picked":"Warcry+1","floor":25.0},{"not_picked":["Heavy Blade","Clothesline","Headbutt"],"picked":"Feel No Pain","floor":29.0},{"not_picked":["Flame Barrier","Carnage","Bludgeon","Wild Strike"],"picked":"SKIP","floor":30.0},{"not_picked":["Uppercut","Thunderclap+1","Rampage","Pommel Strike"],"picked":"SKIP","floor":31.0},{"not_picked":["Demon Form","Immolate","Exhume"],"picked":"Impervious","floor":33.0},{"not_picked":["Inflame","Iron Wave","Havoc","Rupture"],"picked":"SKIP","floor":35.0},{"not_picked":["Sword Boomerang","Whirlwind","Cleave","Shockwave"],"picked":"SKIP","floor":36.0},{"not_picked":["Pummel","Headbutt","Iron Wave"],"picked":"Dark Embrace","floor":37.0},{"not_picked":["Reckless Charge","Searing Blow","Warcry"],"picked":"Reaper","floor":40.0},{"not_picked":["Immolate","Clothesline+1","Impervious"],"picked":"Seeing Red+1","floor":42},{"not_picked":["Uppercut","Whirlwind","Havoc"],"picked":"Warcry+1","floor":44},{"not_picked":["Metallicize","Sword Boomerang","Bloodletting+1"],"picked":"Feel No Pain","floor":46},{"not_picked":["Warcry+1","Armaments","Heavy Blade"],"picked":"Disarm+1","floor":48},{"not_picked":["Uppercut","Cleave","Carnage"],"picked":"Body Slam","floor":54}],"player_experience":118230,"relics_obtained":[{"floor":6.0,"key":"Question Card"},{"floor":7.0,"key":"Bottled Flame"},{"floor":8.0,"key":"Oddly Smooth Stone"},{"floor":9.0,"key":"Gremlin Horn"},{"floor":10.0,"key":"Pear"},{"floor":11.0,"key":"Blue Candle"},{"floor":13.0,"key":"Odd Mushroom"},{"floor":15.0,"key":"Orichalcum"},{"floor":23.0,"key":"Shuriken"},{"floor":26.0,"key":"CaptainsWheel"},{"floor":28.0,"key":"Peace Pipe"},{"floor":31.0,"key":"Ornamental Fan"},{"floor":32.0,"key":"Pocketwatch"},{"floor":40.0,"key":"Red Skull"},{"floor":41.0,"key":"Pen Nib"},{"floor":42,"key":"Du-Vu Doll"},{"floor":44,"key":"Vajra"},{"floor":54,"key":"Bronze Scales"}],"event_choices":[{"damage_healed":0.0,"max_hp_gain":0.0,"max_hp_loss":0.0,"gold_gain":0.0,"event_name":"Scrap Ooze","player_choice":"Success","floor":4.0,"gold_loss":0.0,"damage_taken":26.0,"relics_obtained":["Mummified Hand"]},{"damage_healed":0.0,"max_hp_gain":0.0,"max_hp_loss":0.0,"gold_gain":0.0,"event_name":"Mushrooms","player_choice":"Fought Mushrooms","floor":13.0,"gold_loss":0.0,"damage_taken":0.0},{"damage_healed":0.0,"max_hp_gain":0.0,"max_hp_loss":0.0,"gold_gain":0.0,"event_name":"Living Wall","player_choice":"Grow","floor":14.0,"gold_loss":0.0,"damage_taken":0.0,"cards_upgraded":["Fire Breathing"]},{"damage_healed":0.0,"max_hp_gain":0.0,"max_hp_loss":0.0,"gold_gain":0.0,"event_name":"Lab","player_choice":"Got Potions","floor":20.0,"gold_loss":0.0,"damage_taken":0.0},{"damage_healed":0.0,"max_hp_gain":0.0,"max_hp_loss":0.0,"gold_gain":0.0,"event_name":"Addict","player_choice":"Obtained Relic","floor":22.0,"gold_loss":85.0,"damage_taken":0.0,"relics_obtained":["Toy Ornithopter"]},{"damage_healed":0.0,"max_hp_gain":0.0,"max_hp_loss":0.0,"gold_gain":0.0,"event_name":"The Woman in Blue","player_choice":"Bought 0 Potions","floor":38.0,"gold_loss":0.0,"damage_taken":0.0}],"is_beta":false,"boss_relics":[{"not_picked":["Philosopher\u0027s Stone","Snecko Eye"],"picked":"Empty Cage"},{"not_picked":["Busted Crown","Tiny House"],"picked":"Mark of Pain"}],"items_purged_floors":[27,39,45],"is_endless":false,"potions_floor_spawned":[2,7,13,19,23,30,31,36,42,48],"ascension_level":16}}