{"host":"h5fgmkg3q5qe8ocv","time":1613495832,"event":{"mods":["AchievementEnabler","BaseMod","Colored Map","Colored Powertips","Minty Spire (QoL Compilation)","Quick Restart"],"gold_per_floor":[12,12,30,30,41,41,73,73,73,73,100,118,118,145,145,243,243,259,10,10,20,33,33,46,46,99,99,119,119,166,166,166,269,269,285,285,295,295,295,295,328,244,270,289,46,46,62,82,82,82,82,82,32,57,57,57],"floor_reached":55,"language":"ENG","playtime":4523,"items_purged":["Eruption","Defend_P","Consecrate"],"score":663,"play_id":"d6e184fb-2d6b-429e-ae8e-12e9bde1e4e0","local_time":"20210216181712","is_ascension_mode":false,"campfire_choices":[{"data":"1","floor":6.0,"key":"LIFT"},{"data":"Vigilance","floor":8.0,"key":"SMITH"},{"data":"ThirdEye","floor":10.0,"key":"SMITH"},{"data":"2","floor":13.0,"key":"LIFT"},{"data":"PathToVictory","floor":15.0,"key":"SMITH"},{"data":"PathToVictory","floor":23.0,"key":"SMITH"},{"data":"CutThroughFate","floor":25.0,"key":"SMITH"},{"data":"ThirdEye","floor":27.0,"key":"SMITH"},{"floor":29.0,"key":"REST"},{"floor":32.0,"key":"RECALL"},{"data":"Judgement","floor":40.0,"key":"SMITH"},{"data":"EmptyMind","floor":46,"key":"SMITH"},{"data":"LikeWater","floor":49,"key":"SMITH"},{"data":"3","floor":52,"key":"LIFT"}],"circlet_count":0,"master_deck":["Defend_P","Defend_P","Defend_P","Vigilance+1","SandsOfTime","ThirdEye+1","PathToVictory+1","Scrawl","PathToVictory+1","ThirdEye+1","CutThroughFate+1","SignatureMove+1","Judgement+1","Evaluate+1","EmptyMind+1","CutThroughFate+1","LikeWater+1","PathToVictory"],"relics":["PureWater","Girya","Eternal Feather","HornCleat","MealTicket","Pantograph","Vajra","Empty Cage","Nunchaku","Omamori","Molten Egg 2","Calling Bell","Happy Flower","Sundial","Gambling Chip","Smiling Mask","TungstenRod","Oddly Smooth Stone","Melange","Bag of Marbles"],"acts_visited":["Exordium","TheCity","TheBeyond","TheEnding"],"potions_floor_usage":[41,50,50,50],"damage_taken":[{"damage":2.0,"enemies":"Jaw Worm","floor":1.0,"turns":5.0},{"damage":0.0,"enemies":"Small Slimes","floor":3.0,"turns":2.0},{"damage":0.0,"enemies":"Cultist","floor":5.0,"turns":2.0},{"damage":3.0,"enemies":"Gremlin Nob","floor":7.0,"turns":3.0},{"damage":4.0,"enemies":"Lagavulin","floor":11.0,"turns":5.0},{"damage":11.0,"enemies":"Exordium Thugs","floor":12.0,"turns":6.0},{"damage":4.0,"enemies":"3 Sentries","floor":14.0,"turns":11.0},{"damage":12.0,"enemies":"Hexaghost","floor":16.0,"turns":8.0},{"damage":26.0,"enemies":"2 Thieves","floor":18.0,"turns":5.0},{"damage":1.0,"enemies":"Shell Parasite","floor":21.0,"turns":4.0},{"damage":13.0,"enemies":"Centurion and Healer","floor":22.0,"turns":4.0},{"damage":27.0,"enemies":"Cultist and Chosen","floor":24.0,"turns":5.0},{"damage":18.0,"enemies":"Shelled Parasite and Fungi","floor":28.0,"turns":5.0},{"damage":37.0,"enemies":"Champ","floor":33.0,"turns":8.0},{"damage":3.0,"enemies":"3 Shapes","floor":35.0,"turns":2.0},{"damage":0.0,"enemies":"Orb Walker","floor":37.0,"turns":3.0},{"damage":34,"enemies":"Giant Head","floor":41,"turns":7},{"damage":5,"enemies":"Transient","floor":44,"turns":5},{"damage":3,"enemies":"3 Darklings","floor":47,"turns":4},{"damage":12,"enemies":"Spire Growth","floor":48,"turns":5},{"damage":64,"enemies":"Time Eater","floor":50,"turns":13},{"damage":49,"enemies":"Shield and Spear","floor":54,"turns":8},{"damage":44,"enemies":"The Heart","floor":55,"turns":3}],"seed_played":"-6655594986863576841","potions_obtained":[{"floor":5.0,"key":"Strength Potion"},{"floor":7.0,"key":"GamblersBrew"},{"floor":11.0,"key":"BlessingOfTheForge"},{"floor":12.0,"key":"Fire Potion"},{"floor":16.0,"key":"FearPotion"},{"floor":18.0,"key":"Explosive Potion"},{"floor":24.0,"key":"Explosive Potion"},{"floor":28.0,"key":"BlessingOfTheForge"},{"floor":35.0,"key":"DuplicationPotion"},{"floor":41,"key":"BlessingOfTheForge"},{"floor":48,"key":"AttackPotion"}],"is_trial":false,"path_per_floor":["M","?","M","?","M","R","E","R","T","R","E","M","R","E","R","B",null,"M","$","?","M","M","R","M","R","T","R","M","R","T","?","R","B",null,"M","?","M","?","T","R","E","$","T","M","$","R","M","M","R","B",null,"R","$","E","B"],"character_chosen":"WATCHER","items_purchased":["PathToVictory","Nunchaku","ThirdEye","EmptyMind","Melange","Dexterity Potion"],"campfire_rested":1,"item_purchase_floors":[19,19,19,42,45,45],"current_hp_per_floor":[70,70,70,67,67,72,69,72,72,72,68,57,63,59,65,60,72,46,61,61,60,47,53,26,32,32,38,20,50,50,50,59,35,72,69,68,68,68,68,68,34,49,49,44,59,68,65,53,62,4,68,68,68,19,0,0],"gold":57,"neow_bonus":"ONE_RARE_RELIC","is_daily":false,"chose_seed":false,"campfire_upgraded":9,"win_rate":0.0,"timestamp":1613495832,"path_taken":["M","?","M","?","M","R","E","R","T","R","E","M","R","E","R","BOSS","M","$","?","M","M","R","?","R","T","R","M","R","?","?","R","BOSS","M","?","M","?","?","R","E","?","T","M","$","R","?","M","R","BOSS","R","$","E","BOSS"],"items_purchased_type":["Card","Relic","Card","Card","Relic","Potion"],"build_version":"2020-12-22","purchased_purges":3,"victory":false,"max_hp_per_floor":[72,72,72,72,72,72,72,72,72,72,72,72,72,72,72,72,72,72,72,72,72,72,72,72,72,72,72,72,72,72,72,72,72,72,72,68,68,68,68,68,68,68,68,68,68,68,68,68,68,68,68,68,68,68,68,68],"card_choices":[{"not_picked":["SashWhip","BattleHymn"],"picked":"SandsOfTime","floor":1.0},{"not_picked":["WindmillStrike","Crescendo"],"picked":"ThirdEye","floor":3.0},{"not_picked":["WheelKick","FlyingSleeves","Adaptation"],"picked":"SKIP","floor":5.0},{"not_picked":["Ragnarok","Conclude","Wallop"],"picked":"SKIP","floor":7.0},{"not_picked":["CarveReality","Consecrate","WheelKick"],"picked":"SKIP","floor":11.0},{"not_picked":["JustLucky","Fasting2","Halt"],"picked":"SKIP","floor":12.0},{"not_picked":["ReachHeaven","CarveReality"],"picked":"PathToVictory","floor":14.0},{"not_picked":["Devotion","MasterReality"],"picked":"Scrawl","floor":16.0},{"not_picked":["Halt+1","BattleHymn","Prostrate"],"picked":"SKIP","floor":18.0},{"not_picked":["Prostrate","Crescendo"],"picked":"CutThroughFate","floor":21.0},{"not_picked":["Weave","Vengeance","FearNoEvil"],"picked":"SKIP","floor":22.0},{"not_picked":["TalkToTheHand","Sanctity"],"picked":"Consecrate","floor":24.0},{"not_picked":["Halt","SashWhip"],"picked":"SignatureMove+1","floor":28.0},{"not_picked":["MasterReality","Devotion"],"picked":"Judgement","floor":33.0},{"not_picked":["WheelKick+1","Sanctity","SandsOfTime+1"],"picked":"SKIP","floor":35.0},{"not_picked":["JustLucky+1","BowlingBash+1","WindmillStrike+1"],"picked":"SKIP","floor":37.0},{"not_picked":["Vengeance","MasterReality"],"picked":"Evaluate+1","floor":41},{"not_picked":["Protect+1","Crescendo+1","Sanctity+1"],"picked":"SKIP","floor":44},{"not_picked":["CarveReality+1","Swivel+1"],"picked":"CutThroughFate+1","floor":47},{"not_picked":["CrushJoints+1","SashWhip+1"],"picked":"LikeWater","floor":48},{"not_picked":["Tantrum+1","Indignation"],"picked":"PathToVictory","floor":54}],"player_experience":46194,"relics_obtained":[{"floor":7.0,"key":"HornCleat"},{"floor":9.0,"key":"MealTicket"},{"floor":11.0,"key":"Pantograph"},{"floor":14.0,"key":"Vajra"},{"floor":30.0,"key":"Omamori"},{"floor":34.0,"key":"Happy Flower"},{"floor":34.0,"key":"Sundial"},{"floor":34.0,"key":"Gambling Chip"},{"floor":39.0,"key":"Smiling Mask"},{"floor":41,"key":"TungstenRod"},{"floor":43,"key":"Oddly Smooth Stone"},{"floor":54,"key":"Bag of Marbles"}],"event_choices":[{"cards_removed":["Strike_P"],"damage_healed":0.0,"max_hp_gain":0.0,"max_hp_loss":0.0,"gold_gain":0.0,"event_name":"Living Wall","player_choice":"Forget","floor":2.0,"gold_loss":0.0,"damage_taken":0.0},{"damage_healed":0.0,"max_hp_gain":0.0,"max_hp_loss":0.0,"gold_gain":0.0,"event_name":"Scrap Ooze","player_choice":"Success","floor":4.0,"gold_loss":0.0,"damage_taken":3.0,"relics_obtained":["Eternal Feather"]},{"cards_removed":["Strike_P"],"damage_healed":0.0,"max_hp_gain":0.0,"max_hp_loss":0.0,"gold_gain":0.0,"event_name":"Wheel of Change","player_choice":"Card Removal","floor":20.0,"gold_loss":0.0,"damage_taken":0.0},{"damage_healed":0.0,"max_hp_gain":0.0,"max_hp_loss":0.0,"gold_gain":0.0,"event_name":"The Mausoleum","player_choice":"Opened","floor":31.0,"gold_loss":0.0,"damage_taken":0.0,"relics_obtained":["Molten Egg 2"]},{"damage_healed":0.0,"max_hp_gain":0.0,"max_hp_loss":4.0,"gold_gain":0.0,"event_name":"Winding Halls","player_choice":"Max HP","floor":36.0,"gold_loss":0.0,"damage_taken":0.0},{"damage_healed":0.0,"max_hp_gain":0.0,"max_hp_loss":0.0,"gold_gain":0.0,"event_name":"Tomb of Lord Red Mask","player_choice":"Ignored","floor":38.0,"gold_loss":0.0,"damage_taken":0.0}],"is_beta":false,"boss_relics":[{"not_picked":["SlaversCollar","Philosopher\u0027s Stone"],"picked":"Empty Cage"},{"not_picked":["VioletLotus","Runic Pyramid"],"picked":"Calling Bell"}],"items_purged_floors":[42,45,53],"is_endless":false,"potions_floor_spawned":[5,7,11,12,16,18,24,28,35,41,48],"killed_by":"The Heart","ascension_level":0}}