{"host":"9nqlpswyo8o6ezw3","time":1613453039,"event":{"mods":["Act Like it!","BaseMod","Colored Powertips","Downfall","Hallownest","Hermit","Lobotomy","LobotomyExtend","Marisa????????","Minty Spire (QoL Compilation)","StSLib","The Bug Knight","The Cursed"],"gold_per_floor":[117,129,145,43,43,43,43,43,43,63,77,27,40,54,54,183,183,199,199,199,109,125,125,168,168,168],"floor_reached":25,"language":"ENG","playtime":1541,"items_purged":[],"score":224,"play_id":"5b5b7acb-346e-43c8-ab69-9716e004d87f","local_time":"20210216002359","is_ascension_mode":true,"campfire_choices":[{"floor":6,"key":"REST"},{"data":"Eruption","floor":8,"key":"SMITH"},{"floor":15,"key":"REST"},{"floor":23,"key":"REST"}],"circlet_count":0,"master_deck":["Strike_P","Strike_P","Strike_P","Defend_P","Defend_P","Defend_P","Defend_P","Eruption+1","Vigilance","ShyLook","SashWhip","UniverseFragment","EmptyFist","Wellcheers","FollowUp","Crescendo+1","BattleHymn","EmptyBody","Prostrate","Consecrate","OldLady","Worship","MasterReality","EmptyBody+1","NakedNest","ClearTheMind+1","Study"],"relics":["PureWater","CogitoBucket","LetterFromLob","Golden Idol","Pantograph","AdjustmentMirror","SlaversCollar","Ancient Tea Set"],"acts_visited":["Exordium","TheCity"],"potions_floor_usage":[24],"damage_taken":[{"damage":3,"enemies":"Cultist","floor":1,"turns":5},{"damage":1,"enemies":"Jaw Worm","floor":2,"turns":3},{"damage":3,"enemies":"2 Louse","floor":3,"turns":3},{"damage":0,"enemies":"Exordium Wildlife","floor":10,"turns":4},{"damage":0,"enemies":"Red Slaver","floor":11,"turns":3},{"damage":22,"enemies":"3 Louse","floor":13,"turns":3},{"damage":11,"enemies":"Blue Slaver","floor":14,"turns":2},{"damage":26,"enemies":"Slime Boss","floor":16,"turns":12},{"damage":13,"enemies":"Chosen","floor":18,"turns":6},{"damage":27,"enemies":"Spheric Guardian","floor":22,"turns":8},{"damage":58,"enemies":"Slavers","floor":24,"turns":7},{"damage":17,"enemies":"Snake Plant","floor":25,"turns":1}],"seed_played":"-6784832251945832595","potions_obtained":[{"floor":1,"key":"Block Potion"},{"floor":2,"key":"SmokeBomb"},{"floor":11,"key":"Explosive Potion"},{"floor":16,"key":"hexamod:SoulburnPotion"}],"is_trial":false,"path_per_floor":["M","M","M","$","?","R","?","R","T","M","M","?","M","M","R","B",null,"M","?","?","?","M","R","E","M"],"character_chosen":"WATCHER","items_purchased":["Crescendo","BattleHymn"],"campfire_rested":3,"item_purchase_floors":[4,4],"current_hp_per_floor":[69,68,65,65,47,68,68,68,68,71,72,72,51,41,62,48,72,60,60,72,72,48,69,11,0,0],"gold":168,"neow_bonus":"","is_daily":false,"chose_seed":false,"campfire_upgraded":1,"win_rate":0.0,"timestamp":1613453039,"path_taken":["M","?","?","$","?","R","?","R","T","M","M","?","M","?","R","BOSS","M","?","?","?","?","R","E","M"],"items_purchased_type":["Card","Card"],"build_version":"2020-12-22","purchased_purges":0,"victory":false,"max_hp_per_floor":[72,72,72,72,72,72,72,72,72,72,72,72,72,72,72,72,72,72,72,72,72,72,72,72,72,72],"card_choices":[{"not_picked":["CherryBlossoms","MHz"],"picked":"ShyLook","floor":1},{"not_picked":["EmptyMind","Crescendo"],"picked":"SashWhip","floor":1},{"not_picked":["OldLady","MHz"],"picked":"UniverseFragment","floor":2},{"not_picked":["SashWhip","Crescendo"],"picked":"EmptyFist","floor":2},{"not_picked":["BigBird","LittlePrince"],"picked":"Wellcheers","floor":3},{"not_picked":["Establishment","ReachHeaven"],"picked":"FollowUp","floor":3},{"not_picked":["PunishingBird","SnowQueen"],"picked":"Funeral","floor":10},{"not_picked":["MentalFortress","Ragnarok"],"picked":"EmptyBody","floor":10},{"not_picked":["RedShoes","Freischutz"],"picked":"Alriune","floor":11},{"not_picked":["SandsOfTime","MentalFortress"],"picked":"Prostrate","floor":11},{"not_picked":["FollowUp","SignatureMove"],"picked":"Consecrate","floor":13},{"not_picked":["WallGazer","FairyFestival","VoidDream"],"picked":"Singing Bowl","floor":14},{"not_picked":["WallGazer","Variant"],"picked":"OldLady","floor":14},{"not_picked":["Nirvana","Crescendo"],"picked":"Worship","floor":14},{"not_picked":["RedShoes","SpiderBud","VoidDream"],"picked":"Singing Bowl","floor":16},{"not_picked":["MHz","PunishingBird"],"picked":"GalaxyChild","floor":16},{"not_picked":["Blasphemy","Ragnarok"],"picked":"MasterReality","floor":16},{"not_picked":["WheelKick","Wallop"],"picked":"EmptyBody","floor":18},{"not_picked":["BodiesMountain","MeatLantern","PunishingBird"],"picked":"Singing Bowl","floor":22},{"not_picked":["WallGazer","QueenOfHatred"],"picked":"NakedNest","floor":22},{"not_picked":["JustLucky","EmptyFist"],"picked":"ClearTheMind+1","floor":22},{"not_picked":["Swivel","Halt"],"picked":"Study","floor":24}],"player_experience":49999,"relics_obtained":[{"floor":1,"key":"LetterFromLob"},{"floor":9,"key":"Pantograph"},{"floor":24,"key":"Ancient Tea Set"}],"event_choices":[{"damage_healed":0,"gold_gain":0,"player_choice":"Take Damage","damage_taken":18,"relics_obtained":["Golden Idol"],"max_hp_gain":0,"max_hp_loss":0,"event_name":"Golden Idol","floor":5,"gold_loss":0},{"damage_healed":0,"gold_gain":0,"player_choice":"Grow","damage_taken":0,"max_hp_gain":0,"max_hp_loss":0,"event_name":"Living Wall","floor":7,"gold_loss":0,"cards_upgraded":["Crescendo"]},{"cards_removed":["Alriune"],"damage_healed":0,"gold_gain":0,"player_choice":"Card Removal","damage_taken":0,"max_hp_gain":0,"max_hp_loss":0,"event_name":"The Cleric","floor":12,"gold_loss":50},{"cards_removed":["Funeral"],"damage_healed":0,"gold_gain":0,"player_choice":"Upgrade and Remove","damage_taken":0,"max_hp_gain":0,"max_hp_loss":0,"event_name":"Designer","floor":21,"gold_loss":90,"cards_upgraded":["EmptyBody"]}],"is_beta":false,"boss_relics":[{"not_picked":["Fusion Hammer","Sozu"],"picked":"SlaversCollar"}],"items_purged_floors":[],"is_endless":false,"potions_floor_spawned":[1,2,11,14,16],"killed_by":"Snake Plant","ascension_level":1}}