{"host":"yhhyog5h1q67ienp","time":1613510380,"event":{"mods":["AchievementEnabler","BaseMod","Block Reminder","Colored Map","Colored Powertips","Minty Spire (QoL Compilation)","Quick Restart","Relic Stats","StSLib","ojb\u0027s Better Paths Mod","ojb\u0027s Info Mod"],"gold_per_floor":[117,136,153,168,10,44,44,76,102,129,129,140,165,240,240,314,314,327,52,52,65,85,116,116,147,147,177,177,209,36,56,56,127,127,143,158,210,210,234,266,266,301,301,301,301,314,333,333,333],"floor_reached":48,"language":"ENG","playtime":3812,"items_purged":["Strike_R"],"score":1192,"play_id":"25795a9b-6d89-4275-b2e4-7462fb2c7d59","local_time":"20210216181940","is_ascension_mode":true,"campfire_choices":[{"data":"Bash","floor":7,"key":"SMITH"},{"data":"Disarm","floor":15,"key":"SMITH"},{"floor":24,"key":"REST"},{"floor":32,"key":"REST"},{"floor":41,"key":"REST"},{"floor":44,"key":"RECALL"}],"circlet_count":0,"master_deck":["AscendersBane","Bash+1","Headbutt","Anger+1","Rampage","Iron Wave","Reaper","Disarm+1","Battle Trance","Combust+1","Headbutt","Shrug It Off","Impervious","Ghostly Armor","Havoc+1","Disarm","Feel No Pain","Shockwave","Feel No Pain","Dark Embrace","Demon Form","Burning Pact","Flame Barrier","Infernal Blade","Heavy Blade","Sentinel","Hemokinesis+1","Metallicize","Sword Boomerang","Shockwave","Flame Barrier"],"relics":["Burning Blood","Nunchaku","Tiny Chest","Orichalcum","Pen Nib","Mercury Hourglass","Fusion Hammer","Orrery","Anchor","Pantograph","Meat on the Bone","Boot","Letter Opener","MealTicket","Frozen Eye","Pandora\u0027s Box","Shovel","Whetstone","Art of War","Oddly Smooth Stone"],"acts_visited":["Exordium","TheCity","TheBeyond"],"potions_floor_usage":[6,8,10,18,23,27,33,36,37,40,48],"damage_taken":[{"damage":13,"enemies":"Small Slimes","floor":1,"turns":5},{"damage":12,"enemies":"Jaw Worm","floor":2,"turns":3},{"damage":0,"enemies":"Cultist","floor":3,"turns":2},{"damage":16,"enemies":"3 Louse","floor":4,"turns":4},{"damage":35,"enemies":"3 Sentries","floor":6,"turns":9},{"damage":21,"enemies":"Gremlin Nob","floor":8,"turns":4},{"damage":8,"enemies":"3 Sentries","floor":10,"turns":6},{"damage":10,"enemies":"Blue Slaver","floor":12,"turns":3},{"damage":4,"enemies":"Gremlin Nob","floor":13,"turns":3},{"damage":17,"enemies":"Hexaghost","floor":16,"turns":7},{"damage":9,"enemies":"Chosen","floor":18,"turns":4},{"damage":17,"enemies":"2 Thieves","floor":21,"turns":3},{"damage":39,"enemies":"Shelled Parasite and Fungi","floor":22,"turns":6},{"damage":27,"enemies":"Gremlin Leader","floor":23,"turns":7},{"damage":10,"enemies":"Book of Stabbing","floor":25,"turns":6},{"damage":15,"enemies":"Gremlin Leader","floor":27,"turns":9},{"damage":54,"enemies":"Slavers","floor":29,"turns":5},{"damage":29,"enemies":"Snecko","floor":31,"turns":5},{"damage":68,"enemies":"Automaton","floor":33,"turns":10},{"damage":5,"enemies":"3 Shapes","floor":35,"turns":5},{"damage":26,"enemies":"3 Darklings","floor":36,"turns":5},{"damage":69,"enemies":"2 Orb Walkers","floor":37,"turns":6},{"damage":44,"enemies":"Giant Head","floor":40,"turns":7},{"damage":43,"enemies":"Nemesis","floor":42,"turns":9},{"damage":31,"enemies":"Jaw Worm Horde","floor":46,"turns":6},{"damage":19,"enemies":"Spire Growth","floor":47,"turns":5},{"damage":74,"enemies":"Giant Head","floor":48,"turns":8}],"seed_played":"8674316763973877557","potions_obtained":[{"floor":1,"key":"DuplicationPotion"},{"floor":4,"key":"Weak Potion"},{"floor":6,"key":"Fire Potion"},{"floor":12,"key":"Ancient Potion"},{"floor":21,"key":"PowerPotion"},{"floor":23,"key":"Regen Potion"},{"floor":25,"key":"Strength Potion"},{"floor":31,"key":"DuplicationPotion"},{"floor":35,"key":"BloodPotion"},{"floor":37,"key":"AttackPotion"},{"floor":47,"key":"SteroidPotion"}],"is_trial":false,"path_per_floor":["M","M","M","M","$","E","R","E","T","E","?","M","E","?","R","B",null,"M","$","?","M","M","E","R","E","T","E","T","E","$","M","R","B",null,"M","M","?","?","T","E","R","E","T","R","?","M","M","E"],"character_chosen":"IRONCLAD","items_purchased":["Reaper","Orrery","Disarm","Frozen Eye"],"campfire_rested":3,"item_purchase_floors":[5,19,19,30],"current_hp_per_floor":[68,62,68,58,58,53,53,38,38,36,36,35,37,26,26,19,66,63,63,63,62,33,29,53,55,55,76,76,51,66,51,75,38,71,72,74,49,49,49,23,47,22,22,22,22,35,49,0,0],"gold":333,"neow_bonus":"TEN_PERCENT_HP_BONUS","is_daily":false,"chose_seed":false,"campfire_upgraded":2,"win_rate":0.0,"timestamp":1613510380,"path_taken":["M","M","M","M","$","E","R","E","T","E","?","M","E","?","R","BOSS","M","$","?","M","M","E","R","E","T","E","?","E","$","?","R","BOSS","M","M","?","?","?","E","R","E","T","R","?","M","M","E"],"items_purchased_type":["Card","Relic","Card","Relic"],"build_version":"2020-12-22","purchased_purges":1,"victory":false,"max_hp_per_floor":[82,82,82,82,82,82,82,82,82,82,82,82,82,82,82,82,82,82,82,82,82,82,82,82,82,82,82,82,82,82,82,82,82,82,82,82,82,82,82,82,82,82,82,82,82,82,82,82,82],"relic_stats":{"counters":[27,151],"Pen Nib":[23],"Letter Opener":[79],"Whetstone":["Anger","Hemokinesis"],"Orichalcum":[198],"Boot":[41],"Burning Blood":156,"Mercury Hourglass":[404],"Nunchaku":[25],"Shovel":0,"Pantograph":7,"Tiny Chest":2,"MealTicket":15,"Pandora\u0027s Box":["Burning Pact","Flame Barrier","Infernal Blade","Heavy Blade","Sentinel","Hemokinesis","Metallicize","Sword Boomerang"],"Art of War":[6],"obtain_stats":[{"Oddly Smooth Stone":42,"Pen Nib":10,"Letter Opener":28,"Whetstone":39,"Orichalcum":9,"Boot":27,"Burning Blood":0,"Mercury Hourglass":13,"Frozen Eye":30,"Nunchaku":6,"Anchor":23,"Shovel":37,"Pantograph":25,"Orrery":19,"Tiny Chest":8,"MealTicket":29,"Pandora\u0027s Box":34,"Fusion Hammer":17,"Art of War":40,"Meat on the Bone":26},{"Oddly Smooth Stone":24,"Pen Nib":7,"Letter Opener":16,"Whetstone":22,"Orichalcum":6,"Boot":16,"Burning Blood":0,"Mercury Hourglass":9,"Frozen Eye":17,"Nunchaku":5,"Anchor":14,"Shovel":22,"Pantograph":15,"Orrery":11,"Tiny Chest":6,"MealTicket":17,"Pandora\u0027s Box":19,"Fusion Hammer":10,"Art of War":23,"Meat on the Bone":15},{"Oddly Smooth Stone":132,"Pen Nib":33,"Letter Opener":80,"Whetstone":116,"Orichalcum":27,"Boot":80,"Burning Blood":0,"Mercury Hourglass":39,"Frozen Eye":85,"Nunchaku":23,"Anchor":65,"Shovel":116,"Pantograph":71,"Orrery":49,"Tiny Chest":27,"MealTicket":85,"Pandora\u0027s Box":100,"Fusion Hammer":46,"Art of War":123,"Meat on the Bone":71}],"Meat on the Bone":84},"card_choices":[{"not_picked":["Dark Embrace","Entrench"],"picked":"Headbutt","floor":1},{"not_picked":["Thunderclap","Rage"],"picked":"Anger","floor":2},{"not_picked":["Sword Boomerang","Havoc"],"picked":"Rampage","floor":3},{"not_picked":["Heavy Blade","Havoc"],"picked":"Iron Wave","floor":4},{"not_picked":["Corruption","Clothesline"],"picked":"Disarm","floor":6},{"not_picked":["Power Through","Bloodletting"],"picked":"Battle Trance","floor":8},{"not_picked":["Carnage","Anger"],"picked":"Combust","floor":10},{"not_picked":["Warcry","Pummel"],"picked":"Headbutt","floor":12},{"not_picked":["Anger","Twin Strike"],"picked":"Shrug It Off","floor":13},{"not_picked":["Demon Form","Bludgeon"],"picked":"Impervious","floor":16},{"not_picked":["Anger","Headbutt","Clash"],"picked":"SKIP","floor":18},{"not_picked":["Thunderclap","Clash"],"picked":"Ghostly Armor","floor":19},{"not_picked":["Armaments","Combust"],"picked":"Havoc+1","floor":19},{"not_picked":["Seeing Red+1","Twin Strike"],"picked":"Feel No Pain","floor":21},{"not_picked":["Ghostly Armor+1","Whirlwind"],"picked":"Shockwave","floor":22},{"not_picked":["Thunderclap+1","Limit Break"],"picked":"Feel No Pain","floor":23},{"not_picked":["Clash","Sentinel","Carnage"],"picked":"SKIP","floor":25},{"not_picked":["Infernal Blade+1","Power Through","Cleave"],"picked":"SKIP","floor":27},{"not_picked":["Rage+1","Searing Blow","Whirlwind"],"picked":"SKIP","floor":29},{"not_picked":["Sever Soul","Twin Strike"],"picked":"Dark Embrace","floor":31},{"not_picked":["Brutality","Berserk"],"picked":"Demon Form","floor":33},{"not_picked":["Shrug It Off","Armaments"],"picked":"Shockwave","floor":35},{"not_picked":["Thunderclap","Warcry","Cleave+1"],"picked":"SKIP","floor":36},{"not_picked":["True Grit","Perfected Strike","Entrench+1"],"picked":"SKIP","floor":40},{"not_picked":["Headbutt","Flex","Juggernaut"],"picked":"SKIP","floor":42},{"not_picked":["Dual Wield","Sword Boomerang"],"picked":"Flame Barrier","floor":46},{"not_picked":["Infernal Blade","Wild Strike","Reckless Charge"],"picked":"SKIP","floor":47}],"player_experience":1481263,"relics_obtained":[{"floor":6,"key":"Nunchaku"},{"floor":8,"key":"Tiny Chest"},{"floor":9,"key":"Orichalcum"},{"floor":10,"key":"Pen Nib"},{"floor":13,"key":"Mercury Hourglass"},{"floor":23,"key":"Anchor"},{"floor":25,"key":"Pantograph"},{"floor":26,"key":"Meat on the Bone"},{"floor":27,"key":"Boot"},{"floor":28,"key":"Letter Opener"},{"floor":29,"key":"MealTicket"},{"floor":37,"key":"Shovel"},{"floor":39,"key":"Whetstone"},{"floor":40,"key":"Art of War"},{"floor":42,"key":"Oddly Smooth Stone"}],"event_choices":[{"damage_healed":0,"gold_gain":0,"player_choice":"Grow","damage_taken":0,"max_hp_gain":0,"max_hp_loss":0,"event_name":"Living Wall","floor":11,"gold_loss":0,"cards_upgraded":["Combust"]},{"damage_healed":0,"gold_gain":75,"player_choice":"Gather Gold","damage_taken":11,"max_hp_gain":0,"max_hp_loss":0,"event_name":"World of Goop","floor":14,"gold_loss":0},{"damage_healed":0,"gold_gain":0,"player_choice":"Ignored","damage_taken":0,"max_hp_gain":0,"max_hp_loss":0,"event_name":"The Mausoleum","floor":20,"gold_loss":0},{"damage_healed":0,"gold_gain":0,"player_choice":"Fight","damage_taken":0,"max_hp_gain":0,"max_hp_loss":0,"event_name":"Mysterious Sphere","floor":37,"gold_loss":0},{"damage_healed":0,"gold_gain":0,"player_choice":"Ignored","damage_taken":0,"max_hp_gain":0,"max_hp_loss":0,"event_name":"SecretPortal","floor":38,"gold_loss":0},{"damage_healed":0,"gold_gain":0,"player_choice":"Ignored","damage_taken":0,"max_hp_gain":0,"max_hp_loss":0,"event_name":"Tomb of Lord Red Mask","floor":45,"gold_loss":0}],"is_beta":false,"boss_relics":[{"not_picked":["Busted Crown","Sozu"],"picked":"Fusion Hammer"},{"not_picked":["Calling Bell","Runic Pyramid"],"picked":"Pandora\u0027s Box"}],"items_purged_floors":[19],"is_endless":false,"potions_floor_spawned":[1,4,6,12,21,23,25,31,35,37,47],"killed_by":"Giant Head","ascension_level":20}}