{"host":"fdip6nj211smoxvi","time":1613496014,"event":{"mods":["BaseMod","BetterRewards","Colored Map","Downfall","Hermit","Minty Spire (QoL Compilation)","Shop Mod","StSLib","The Hierophant","The Servant 0.9.4"],"gold_per_floor":[119,136,153,169,169,169,197,197,197,52,14,48,63,74,74,174,174,190,202,202,279,57,88,88,88,88,119,145,162,172,203,203,303,303,315,369,388,404,414,414,58,84,84,84,102,102,128,160,172,184],"floor_reached":51,"language":"DEU","playtime":3645,"items_purged":["downfall:Bewildered","Strike_R+1"],"score":1115,"play_id":"19c01ddf-f81a-4f9e-8f38-670ab685a233","local_time":"20210216182014","is_ascension_mode":true,"campfire_choices":[{"floor":6.0,"key":"REST"},{"floor":8.0,"key":"REST"},{"data":"Inflame","floor":15.0,"key":"SMITH"},{"floor":24.0,"key":"REST"},{"floor":32.0,"key":"REST"},{"floor":40,"key":"REST"},{"floor":46,"key":"REST"},{"floor":49,"key":"REST"}],"circlet_count":0,"master_deck":["Strike_R+1","Strike_R+1","Strike_R+1","Strike_R+1","Defend_R+1","Defend_R+1","Defend_R+1","Defend_R+1","Bash","Whirlwind","Sword Boomerang","Battle Trance","Reaper","Shrug It Off","Inflame+1","Sentinel","Headbutt","Feed","Flex+1","Flame Barrier","Clothesline+1","Inflame+1","Reaper+1","Spot Weakness+1","Immolate+1","CurseOfTheBell","Headbutt+1","Shrug It Off+1","Feed+1","Shrug It Off+1","Limit Break+1","Flex+1"],"relics":["Black Star","Blue Candle","Question Card","Mercury Hourglass","PreservedInsect","Pear","Tiny Chest","Fusion Hammer","sneckomod:BabySnecko","InkBottle","Oddly Smooth Stone","Bronze Scales","Pantograph","Molten Egg 2","Ice Cream","Unceasing Top","Happy Flower","Blood Vial","Bottled Flame","Calling Bell","Strawberry","Toxic Egg 2","Torii","Lantern","Letter Opener","Nunchaku","Darkstone Periapt","Kunai","Bottled Lightning","Toy Ornithopter","MawBank"],"acts_visited":["Exordium","TheCity","TheBeyond"],"potions_floor_usage":[38,39,45,50,50],"damage_taken":[{"damage":6.0,"enemies":"Cultist","floor":1.0,"turns":4.0},{"damage":6.0,"enemies":"2 Louse","floor":2.0,"turns":2.0},{"damage":7.0,"enemies":"Jaw Worm","floor":3.0,"turns":3.0},{"damage":8.0,"enemies":"Gremlin Gang","floor":4.0,"turns":2.0},{"damage":40.0,"enemies":"Gremlin Nob","floor":7.0,"turns":5.0},{"damage":20.0,"enemies":"Lagavulin","floor":12.0,"turns":4.0},{"damage":7.0,"enemies":"Lots of Slimes","floor":13.0,"turns":3.0},{"damage":0.0,"enemies":"Large Slime","floor":14.0,"turns":4.0},{"damage":59.0,"enemies":"The Guardian","floor":16.0,"turns":9.0},{"damage":35.0,"enemies":"2 Thieves","floor":18.0,"turns":4.0},{"damage":0.0,"enemies":"3 Byrds","floor":19.0,"turns":3.0},{"damage":32.0,"enemies":"Slavers","floor":23.0,"turns":4.0},{"damage":0.0,"enemies":"Gremlin Leader","floor":27.0,"turns":4.0},{"damage":14.0,"enemies":"Centurion and Healer","floor":29.0,"turns":4.0},{"damage":12.0,"enemies":"Snake Plant","floor":30.0,"turns":3.0},{"damage":19.0,"enemies":"Book of Stabbing","floor":31.0,"turns":3.0},{"damage":69.0,"enemies":"Automaton","floor":33.0,"turns":7.0},{"damage":30.0,"enemies":"Orb Walker","floor":35.0,"turns":3.0},{"damage":25.0,"enemies":"3 Shapes","floor":37.0,"turns":2.0},{"damage":43,"enemies":"Writhing Mass","floor":38,"turns":3},{"damage":0,"enemies":"3 Darklings","floor":39,"turns":2},{"damage":1,"enemies":"Nemesis","floor":42,"turns":5},{"damage":35,"enemies":"Maw","floor":45,"turns":6},{"damage":65,"enemies":"Giant Head","floor":47,"turns":7},{"damage":34,"enemies":"Transient","floor":48,"turns":5},{"damage":100,"enemies":"Donu and Deca","floor":50,"turns":6}],"seed_played":"-3117194885542744472","potions_obtained":[{"floor":2.0,"key":"SkillPotion"},{"floor":12.0,"key":"SkillPotion"},{"floor":13.0,"key":"Strength Potion"},{"floor":18.0,"key":"Regen Potion"},{"floor":27.0,"key":"Strength Potion"},{"floor":29.0,"key":"Explosive Potion"},{"floor":31.0,"key":"HeartOfIron"},{"floor":38,"key":"sneckomod:MuddlingPotion"},{"floor":39,"key":"SteroidPotion"},{"floor":47,"key":"Explosive Potion"},{"floor":48,"key":"ColorlessPotion"}],"is_trial":false,"path_per_floor":["M","M","M","M","?","R","E","R","T","$","$","E","M","M","R","B",null,"M","M","?","T","$","E","R","?","T","E","T","M","M","E","R","B",null,"M","T","M","M","M","R","$","E","T","T","M","R","E","M","R","B",null],"character_chosen":"IRONCLAD","items_purchased":["PreservedInsect","Inflame","Oddly Smooth Stone","Letter Opener"],"campfire_rested":7,"item_purchase_floors":[10,11,22,41],"current_hp_per_floor":[66,60,53,45,50,75,38,63,63,63,63,53,61,73,73,14,75,40,40,40,40,40,35,63,63,63,76,76,62,50,31,60,37,90,74,74,51,10,28,60,60,61,61,61,49,81,18,2,34,34],"gold":196,"neow_bonus":"BOSS_RELIC","is_daily":false,"chose_seed":false,"campfire_upgraded":1,"win_rate":0.0,"timestamp":1613496014,"path_taken":["M","?","M","M","?","R","E","R","T","?","$","E","?","?","R","BOSS","M","M","?","?","$","E","R","?","T","E","?","?","M","E","R","BOSS","M","?","?","?","M","R","?","E","T","?","M","R","E","M","R","BOSS"],"items_purchased_type":["Relic","Card","Relic","Relic"],"build_version":"2020-12-22","purchased_purges":2,"victory":true,"max_hp_per_floor":[80,80,80,80,85,85,85,85,85,85,85,95,95,95,95,95,95,95,95,95,95,95,95,95,95,95,98,98,98,98,98,98,98,105,105,105,105,105,109,109,109,109,109,109,109,109,109,109,109,109],"card_choices":[{"not_picked":["Clothesline","True Grit"],"picked":"Whirlwind","floor":1.0},{"not_picked":["Disarm","Anger"],"picked":"Sword Boomerang","floor":2.0},{"not_picked":["Thunderclap","Infernal Blade"],"picked":"Battle Trance","floor":3.0},{"not_picked":["Reckless Charge","Cleave"],"picked":"Reaper","floor":4.0},{"not_picked":["Feel No Pain","Dark Embrace"],"picked":"Shrug It Off","floor":7.0},{"not_picked":["Second Wind","Shrug It Off","Heavy Blade"],"picked":"Sentinel","floor":12.0},{"not_picked":["Twin Strike","Warcry","Wild Strike","Combust"],"picked":"SKIP","floor":13.0},{"not_picked":["Searing Blow","Berserk","Cleave"],"picked":"Headbutt","floor":14.0},{"not_picked":["Fiend Fire","Brutality","Corruption"],"picked":"Feed","floor":16.0},{"not_picked":["Reckless Charge","Iron Wave","Dual Wield","Dark Embrace"],"picked":"SKIP","floor":18.0},{"not_picked":["True Grit","Dropkick","Twin Strike"],"picked":"Flex+1","floor":19.0},{"not_picked":["Intimidate","Cleave","Armaments"],"picked":"Flame Barrier","floor":23.0},{"not_picked":["Bludgeon+1","Thunderclap+1","Twin Strike+1"],"picked":"Clothesline+1","floor":27.0},{"not_picked":["Cleave+1","Pommel Strike+1","Havoc"],"picked":"Inflame+1","floor":29.0},{"not_picked":["Clash+1","Armaments","Second Wind"],"picked":"Reaper+1","floor":30.0},{"not_picked":["True Grit","Cleave+1","Heavy Blade+1"],"picked":"Spot Weakness+1","floor":31.0},{"not_picked":["Exhume","Fiend Fire+1","Juggernaut"],"picked":"Immolate+1","floor":33.0},{"not_picked":["Evolve+1","Reckless Charge+1","Dual Wield+1"],"picked":"Headbutt+1","floor":35.0},{"not_picked":["Iron Wave+1","Armaments+1","Inflame"],"picked":"Shrug It Off+1","floor":37.0},{"not_picked":["Flame Barrier+1","Clothesline+1","Body Slam+1"],"picked":"Feed+1","floor":38},{"not_picked":["Twin Strike+1","Clash+1","Pommel Strike+1"],"picked":"Shrug It Off+1","floor":39},{"not_picked":["Body Slam+1","Ghostly Armor+1","Reckless Charge+1"],"picked":"Limit Break+1","floor":42},{"not_picked":["Twin Strike+1","Seeing Red+1","Battle Trance+1","Headbutt+1"],"picked":"SKIP","floor":45},{"not_picked":["Iron Wave+1","Headbutt+1","Disarm+1","Shrug It Off+1"],"picked":"SKIP","floor":47},{"not_picked":["Power Through+1","Hemokinesis+1","Armaments+1"],"picked":"Flex+1","floor":48}],"player_experience":271460,"relics_obtained":[{"floor":7.0,"key":"Blue Candle"},{"floor":7.0,"key":"Question Card"},{"floor":9.0,"key":"Mercury Hourglass"},{"floor":12.0,"key":"Pear"},{"floor":12.0,"key":"Tiny Chest"},{"floor":21.0,"key":"InkBottle"},{"floor":23.0,"key":"Bronze Scales"},{"floor":23.0,"key":"Pantograph"},{"floor":26.0,"key":"Molten Egg 2"},{"floor":27.0,"key":"Ice Cream"},{"floor":27.0,"key":"Unceasing Top"},{"floor":28.0,"key":"Happy Flower"},{"floor":31.0,"key":"Blood Vial"},{"floor":31.0,"key":"Bottled Flame"},{"floor":34.0,"key":"Strawberry"},{"floor":34.0,"key":"Toxic Egg 2"},{"floor":34.0,"key":"Torii"},{"floor":36.0,"key":"Lantern"},{"floor":42,"key":"Nunchaku"},{"floor":42,"key":"Darkstone Periapt"},{"floor":43,"key":"Kunai"},{"floor":44,"key":"Bottled Lightning"},{"floor":47,"key":"Toy Ornithopter"},{"floor":47,"key":"MawBank"}],"event_choices":[{"damage_healed":0.0,"max_hp_gain":5.0,"max_hp_loss":0.0,"gold_gain":0.0,"event_name":"Big Fish","player_choice":"Donut","floor":5.0,"gold_loss":0.0,"damage_taken":0.0},{"damage_healed":0.0,"max_hp_gain":0.0,"max_hp_loss":0.0,"gold_gain":0.0,"event_name":"Back to Basics","player_choice":"Simplicity","floor":25.0,"gold_loss":0.0,"damage_taken":0.0,"cards_upgraded":["Strike_R","Strike_R","Strike_R","Strike_R","Strike_R","Defend_R","Defend_R","Defend_R","Defend_R"]}],"is_beta":false,"boss_relics":[{"not_picked":["Philosopher\u0027s Stone","Coffee Dripper"],"picked":"Fusion Hammer"},{"not_picked":["SlaversCollar","Runic Dome"],"picked":"Calling Bell"}],"items_purged_floors":[22,41],"is_endless":false,"potions_floor_spawned":[2,12,13,18,27,29,31,38,39,47,48],"ascension_level":7}}