{"host":"g7sxcfouz24f0psv","time":1613474558,"event":{"mods":["BaseMod","Hermit","Minty Spire (QoL Compilation)","StSLib","The Cursed"],"gold_per_floor":[119,119,136,154,11,11,31,31,31,206,218,218,218,218,218],"floor_reached":14,"language":"ENG","playtime":841,"items_purged":[],"score":80,"play_id":"408fdd46-dfa4-4873-a18a-f251ce1400cf","local_time":"20210216122238","is_ascension_mode":false,"campfire_choices":[{"data":"hermit:CursedWeapon","floor":6,"key":"SMITH"},{"data":"hermit:EyeOfTheStorm","floor":8,"key":"SMITH"},{"data":"hermit:CursedWeapon","floor":12,"key":"SMITH"}],"circlet_count":0,"master_deck":["hermit:Strike_Hermit","hermit:Strike_Hermit","hermit:Strike_Hermit","hermit:Defend_Hermit","hermit:Defend_Hermit","hermit:Defend_Hermit","hermit:Defend_Hermit","hermit:Snapshot","hermit:Covet","Clumsy","hermit:Dissolve","hermit:TrackingShot","hermit:HighCaliber","hermit:LowProfile","hermit:CursedWeapon+1","hermit:Determination","hermit:Deadeye","hermit:EyeOfTheStorm+1","Doubt","hermit:CursedWeapon+1"],"relics":["hermit:Momento","Pear","Question Card"],"acts_visited":["Exordium"],"potions_floor_usage":[14],"damage_taken":[{"damage":3,"enemies":"Jaw Worm","floor":1,"turns":4},{"damage":0,"enemies":"Small Slimes","floor":3,"turns":3},{"damage":4,"enemies":"Cultist","floor":4,"turns":4},{"damage":19,"enemies":"Large Slime","floor":7,"turns":7},{"damage":11,"enemies":"Exordium Wildlife","floor":11,"turns":4},{"damage":20,"enemies":"3 Sentries","floor":14,"turns":8}],"seed_played":"-2602106785486516486","potions_obtained":[{"floor":3,"key":"SkillPotion"}],"is_trial":false,"path_per_floor":["M","?","M","M","$","R","M","R","T","?","M","R","?","E"],"character_chosen":"HERMIT","items_purchased":["hermit:Determination","hermit:Deadeye"],"campfire_rested":0,"item_purchase_floors":[5,5],"current_hp_per_floor":[72,72,72,68,68,68,49,49,59,59,48,48,23,3,3],"gold":218,"neow_bonus":"THREE_RARE_CARDS","is_daily":false,"chose_seed":false,"campfire_upgraded":3,"win_rate":0.0,"timestamp":1613474558,"path_taken":["M","?","M","M","$","R","M","R","T","?","M","R","?","E"],"items_purchased_type":["Card","Card"],"build_version":"2020-12-22","purchased_purges":0,"victory":false,"max_hp_per_floor":[75,75,75,75,75,75,75,75,85,85,85,85,85,85,85],"card_choices":[{"not_picked":["hermit:DeadOrAlive","hermit:Roughhouse"],"picked":"hermit:Dissolve","floor":0},{"not_picked":["hermit:Virtue","hermit:Vantage"],"picked":"hermit:TrackingShot","floor":1},{"not_picked":["hermit:WideOpen","hermit:SprayPray"],"picked":"hermit:LowProfile","floor":3},{"not_picked":["hermit:Dive","hermit:TakeAim"],"picked":"hermit:CursedWeapon","floor":4},{"not_picked":["hermit:Desperado","hermit:Quickdraw"],"picked":"hermit:EyeOfTheStorm","floor":7},{"not_picked":["hermit:Grudge","hermit:LuckOfTheDraw"],"picked":"hermit:CursedWeapon","floor":11}],"player_experience":48364,"relics_obtained":[{"floor":9,"key":"Pear"}],"event_choices":[{"damage_healed":0,"gold_gain":0,"cards_transformed":["hermit:Strike_Hermit"],"player_choice":"Change","damage_taken":0,"max_hp_gain":0,"max_hp_loss":0,"event_name":"Living Wall","floor":2,"gold_loss":0,"cards_obtained":["hermit:HighCaliber"]},{"damage_healed":0,"gold_gain":175,"player_choice":"AGREE","damage_taken":0,"max_hp_gain":0,"max_hp_loss":0,"event_name":"Liars Game","floor":10,"gold_loss":0,"cards_obtained":["Doubt"]},{"damage_healed":0,"gold_gain":0,"player_choice":"Success","damage_taken":25,"relics_obtained":["Question Card"],"max_hp_gain":0,"max_hp_loss":0,"event_name":"Scrap Ooze","floor":13,"gold_loss":0}],"is_beta":false,"boss_relics":[],"items_purged_floors":[],"is_endless":false,"potions_floor_spawned":[3],"killed_by":"3 Sentries","ascension_level":0}}