{"host":"2d926qfvvz477zl6","time":1613449014,"event":{"mods":["Aspiration","BaseMod","Challenge The Spire","Conspire","Downfall","GifTheSpireLib","GungeonMod","Halation","Hermit","Hubris","Infinite Spire","Minty Spire (QoL Compilation)","Morshu Shopkeeper","Permanent Neow","Quick Restart","Rare Cards Sparkle","Reliquary","Replay The Spire","Shedinja","Somnambulant","Spicy Shops","StSLib","Stuff the Spire","Td1madao Mod","The Blue Laboratory","The Bug Knight","The Construct","The Cursed","The Disciple","The Forsaken","The Hierophant","The Senshi","TheFirefly","Wandering Minibosses","Wide Potions","everything is the same but u backflip on backflip","slay the spire mod where everything is the same but ironclad has a cowboy hat"],"gold_per_floor":[115,115,115,133,65,65,90,101,124,124,124,72,72,86,86,187,187,204,204,217,492,492,492,70,70,96,96,127,127,146,163,163,163,163],"floor_reached":33,"language":"ENG","playtime":1061,"items_purged":["construct:Defend_Gold"],"score":261,"play_id":"e49abd8d-d0ae-4349-a02f-5aeb6362d6dc","local_time":"20210215231654","is_ascension_mode":false,"campfire_choices":[{"data":"construct:Autoturret","floor":6.0,"key":"SMITH"},{"data":"infinitespire:Punishment","floor":10.0,"key":"SMITH"},{"data":"construct:Autoturret","floor":15.0,"key":"SMITH"},{"data":"Inflame","floor":23.0,"key":"SMITH"},{"data":"construct:SyphonStrike","floor":25.0,"key":"SMITH"},{"data":"construct:SweepLaser","floor":29.0,"key":"SMITH"},{"data":"construct:Boost","floor":32.0,"key":"SMITH"}],"circlet_count":0,"master_deck":["construct:Strike_Gold","construct:Strike_Gold","construct:Strike_Gold","construct:Strike_Gold","construct:Strike_Gold","construct:Defend_Gold","construct:Defend_Gold","construct:Defend_Gold","construct:Defend_Gold","construct:DefenseMode","construct:SyphonStrike+1","infinitespire:Punishment+1","construct:HeavyBolt","construct:Autoturret+1","construct:Disrupt","construct:Stasis","Inflame+1","construct:Autoturret+1","construct:CriticalHit","construct:SweepLaser+1","construct:CriticalHit+1","Regret","infinitespire:SealOfDarkness+","construct:CriticalHit","construct:Tumble","construct:SyphonStrike+1","construct:Boost+1","construct:FocusedBeam+1"],"relics":["construct:Cogwheel","aspiration:Nostalgia","m_BronzeBlood","halation:RedSoulGem","aspiration:HatOfInfinitePower","reliquary:SilkGlove","StuffTheSpire:Kangaroo","Tiny Chest","Du-Vu Doll","Ice Cream","Anchor","construct:FoamFinger","reliquary:Knoch"],"acts_visited":["Exordium","TheCity"],"potions_floor_usage":[],"damage_taken":[{"damage":9.0,"enemies":"Cultist","floor":1.0,"turns":4.0},{"damage":10.0,"enemies":"Jaw Worm","floor":4.0,"turns":2.0},{"damage":17.0,"enemies":"3 Sentries","floor":7.0,"turns":4.0},{"damage":0.0,"enemies":"Small Slimes","floor":8.0,"turns":2.0},{"damage":0.0,"enemies":"2 Fungi Beasts","floor":14.0,"turns":2.0},{"damage":37.0,"enemies":"Fading Forest","floor":16.0,"turns":11.0},{"damage":29.0,"enemies":"2 Thieves","floor":18.0,"turns":3.0},{"damage":10.0,"enemies":"3 Byrds","floor":20.0,"turns":3.0},{"damage":13.0,"enemies":"Slavers","floor":28.0,"turns":2.0},{"damage":11.0,"enemies":"Snecko","floor":30.0,"turns":3.0},{"damage":12.0,"enemies":"Chosen and Byrds","floor":31.0,"turns":3.0},{"damage":42,"enemies":"Pondfish","floor":33,"turns":5}],"seed_played":"-6295233931162541928","potions_obtained":[{"floor":1.0,"key":"hexamod:SoulburnPotion"},{"floor":8.0,"key":"DistilledChaos"},{"floor":18.0,"key":"PowerPotion"},{"floor":28.0,"key":"Swift Potion"},{"floor":30.0,"key":"Explosive Potion"}],"is_trial":false,"path_per_floor":["M","?","?","M","$","R","E","M","T","R","?","$","?","M","R","B",null,"M","?","M","?","AVR","R","$","R","T","T","E","R","M","M","R","B"],"character_chosen":"THE_CONSTRUCT_MOD","items_purchased":["construct:Autoturret","construct:Autoturret","construct:CriticalHit","Ice Cream","construct:Tumble"],"campfire_rested":0,"item_purchase_floors":[5,12,24,24,24],"current_hp_per_floor":[82,82,60,56,56,56,45,51,51,51,51,51,51,57,57,50,85,62,62,58,58,58,58,58,58,58,58,51,51,46,40,40,0,0],"gold":163,"neow_bonus":"NOSTALGIA","is_daily":false,"chose_seed":false,"campfire_upgraded":7,"win_rate":0.0,"timestamp":1613449014,"path_taken":["M","?","?","M","$","R","E","M","T","R","?","$","?","M","R","BOSS","M","?","?","?","AVR","R","?","R","T","?","E","R","M","M","R","BOSS"],"items_purchased_type":["Card","Card","Card","Relic","Card"],"build_version":"2020-12-22","purchased_purges":1,"victory":false,"max_hp_per_floor":[85,85,85,85,85,85,85,85,85,85,85,85,85,85,85,85,85,85,85,85,85,85,85,85,85,85,85,85,85,85,85,85,85,85],"card_choices":[{"not_picked":["ReplayReversal","construct:ReactiveShield"],"picked":"construct:SyphonStrike","floor":1.0},{"not_picked":["infinitespire:Execution","ReplayTheSpireMod:Chaos Vortex"],"picked":"infinitespire:Punishment","floor":3.0},{"not_picked":["construct:Disrupt","bronze:Shield"],"picked":"construct:HeavyBolt","floor":4.0},{"not_picked":["bronze:BurnOut","Body Slam"],"picked":"construct:Disrupt","floor":7.0},{"not_picked":["construct:ModeShift","bronze:BuggyMess"],"picked":"construct:Stasis","floor":8.0},{"not_picked":["construct:HardReboot","construct:Versatility"],"picked":"construct:CriticalHit","floor":14.0},{"not_picked":["construct:Autoturret","construct:Forcefield"],"picked":"construct:SweepLaser","floor":18.0},{"not_picked":["construct:Analyze","construct:Forcefield"],"picked":"construct:CriticalHit+1","floor":20.0},{"not_picked":["construct:Disrupt","construct:ModeShift"],"picked":"construct:SyphonStrike+1","floor":28.0},{"not_picked":["construct:Versatility","construct:Reinforce"],"picked":"construct:Boost","floor":30.0},{"not_picked":["construct:Backup+1","construct:Electrocute"],"picked":"construct:FocusedBeam+1","floor":31.0}],"player_experience":443428,"relics_obtained":[{"floor":7.0,"key":"aspiration:HatOfInfinitePower"},{"floor":9.0,"key":"reliquary:SilkGlove"},{"floor":26.0,"key":"Anchor"},{"floor":27.0,"key":"construct:FoamFinger"},{"floor":28.0,"key":"reliquary:Knoch"}],"event_choices":[{"damage_healed":0.0,"max_hp_gain":0.0,"max_hp_loss":0.0,"gold_gain":0.0,"event_name":"conspire:LoneGhost","player_choice":"Disagree","floor":13.0,"gold_loss":0.0,"damage_taken":0.0},{"damage_healed":0.0,"max_hp_gain":0.0,"max_hp_loss":0.0,"gold_gain":0.0,"event_name":"WeMeetAgain","player_choice":"Gave Potion","floor":19.0,"gold_loss":0.0,"damage_taken":0.0,"relics_obtained":["Tiny Chest"]},{"damage_healed":0.0,"max_hp_gain":0.0,"max_hp_loss":0.0,"gold_gain":275.0,"event_name":"Golden Shrine","player_choice":"Desecrate","floor":21.0,"gold_loss":0.0,"damage_taken":0.0,"cards_obtained":["Regret"]}],"is_beta":false,"boss_relics":[{"not_picked":["Kintsugi","reliquary:RedCape"],"picked":"StuffTheSpire:Kangaroo"}],"items_purged_floors":[22],"is_endless":false,"potions_floor_spawned":[1,8,18,28,30],"killed_by":"Pondfish","ascension_level":0}}