{"host":"gg","time":1613447698,"event":{"mods":["BaseMod","Colored Map","Googly Eyes","Minty Spire (QoL Compilation)","Relic Stats","The IronCluck"],"gold_per_floor":[113,38,57,69,144,175,175,195,195,222,237,237,237,75,75,146,146,163,178,203,128,128,158,158,185,231,231,245,195,195,28,28,28,28],"floor_reached":33,"language":"ENG","playtime":1294,"items_purged":[],"score":682,"play_id":"c6481769-6a0b-46c9-a2ee-f7bea1070552","local_time":"20210215195458","is_ascension_mode":true,"campfire_choices":[{"floor":7,"key":"REST"},{"floor":15,"key":"REST"},{"floor":24,"key":"REST"},{"floor":30,"key":"DIG"},{"floor":32,"key":"REST"}],"circlet_count":0,"master_deck":["AscendersBane","Strike_P","Strike_P","Strike_P","Strike_P","Defend_P","Defend_P","Eruption+1","Vigilance+1","EmptyFist","FlurryOfBlows","Tantrum","WheelKick","FearNoEvil","CrushJoints","DevaForm","CutThroughFate","Omniscience+1","Tantrum","Weave","Parasite","FlurryOfBlows+1","LessonLearned","MentalFortress","Adaptation"],"relics":["Fusion Hammer","Sundial","HornCleat","Question Card","OrangePellets","Cursed Key","Red Mask","War Paint","Shovel","Dream Catcher","Whetstone"],"acts_visited":["Exordium","TheCity"],"potions_floor_usage":[6,16,23,33],"damage_taken":[{"damage":0,"enemies":"Small Slimes","floor":1,"turns":5},{"damage":4,"enemies":"2 Louse","floor":3,"turns":3},{"damage":14,"enemies":"Jaw Worm","floor":4,"turns":4},{"damage":12,"enemies":"Gremlin Nob","floor":6,"turns":3},{"damage":0,"enemies":"3 Louse","floor":8,"turns":2},{"damage":2,"enemies":"3 Sentries","floor":10,"turns":3},{"damage":0,"enemies":"Exordium Wildlife","floor":11,"turns":2},{"damage":0,"enemies":"Slime Boss","floor":16,"turns":3},{"damage":17,"enemies":"Shell Parasite","floor":18,"turns":5},{"damage":0,"enemies":"Chosen","floor":19,"turns":2},{"damage":2,"enemies":"Masked Bandits","floor":20,"turns":3},{"damage":34,"enemies":"Slavers","floor":23,"turns":3},{"damage":6,"enemies":"Gremlin Leader","floor":25,"turns":3},{"damage":0,"enemies":"Snecko","floor":28,"turns":3},{"damage":78,"enemies":"Automaton","floor":33,"turns":6}],"seed_played":"-7832458119930196369","potions_obtained":[{"floor":4,"key":"Weak Potion"},{"floor":10,"key":"SneckoOil"},{"floor":18,"key":"SpeedPotion"},{"floor":23,"key":"GamblersBrew"},{"floor":28,"key":"Ambrosia"}],"is_trial":false,"path_per_floor":["M","?","M","M","?","E","R","M","T","E","M","$","?","$","R","B",null,"M","M","?","?","$","E","R","E","T","T","M","?","R","$","R","B"],"character_chosen":"WATCHER","items_purchased":["OrangePellets","LessonLearned","MentalFortress"],"campfire_rested":4,"item_purchase_floors":[14,31,31],"current_hp_per_floor":[61,61,57,43,32,20,40,40,40,38,38,38,38,38,58,58,66,49,49,47,47,47,13,33,27,27,27,27,27,27,27,47,0,0],"gold":28,"neow_bonus":"BOSS_RELIC","is_daily":false,"chose_seed":false,"campfire_upgraded":0,"win_rate":0.0,"timestamp":1613447698,"path_taken":["M","?","M","M","?","E","R","M","T","E","M","$","?","?","R","BOSS","M","M","?","?","?","E","R","E","T","?","?","?","R","?","R","BOSS"],"items_purchased_type":["Relic","Card","Card"],"build_version":"2020-12-18","purchased_purges":0,"victory":false,"max_hp_per_floor":[68,68,68,68,68,68,68,68,68,68,68,68,68,68,68,68,68,68,68,68,68,68,68,68,68,68,68,68,68,68,68,68,68,68],"relic_stats":{"OrangePellets":[0],"Dream Catcher":1,"Shovel":1,"counters":[15,50],"Sundial":[2],"Whetstone":["Eruption","FlurryOfBlows"],"War Paint":["Omniscience","Vigilance"],"Question Card":9,"Cursed Key":1,"obtain_stats":[{"OrangePellets":14,"Dream Catcher":26,"HornCleat":9,"Shovel":25,"Sundial":6,"Fusion Hammer":0,"Red Mask":20,"Whetstone":30,"PureWater":0,"War Paint":23,"Question Card":10,"Cursed Key":17},{"OrangePellets":7,"Dream Catcher":13,"HornCleat":5,"Shovel":13,"Sundial":4,"Fusion Hammer":0,"Red Mask":11,"Whetstone":14,"PureWater":0,"War Paint":12,"Question Card":6,"Cursed Key":8},{"OrangePellets":22,"Dream Catcher":41,"HornCleat":17,"Shovel":41,"Sundial":15,"Fusion Hammer":0,"Red Mask":35,"Whetstone":44,"PureWater":0,"War Paint":38,"Question Card":20,"Cursed Key":25}]},"card_choices":[{"not_picked":["Prostrate","FollowUp"],"picked":"EmptyFist","floor":1},{"not_picked":["Worship","WaveOfTheHand","Halt"],"picked":"SKIP","floor":3},{"not_picked":["JustLucky","Evaluate"],"picked":"FlurryOfBlows","floor":4},{"not_picked":["CrushJoints","WaveOfTheHand"],"picked":"Tantrum","floor":6},{"not_picked":["SashWhip","Indignation"],"picked":"WheelKick","floor":8},{"not_picked":["FollowUp","SashWhip"],"picked":"FearNoEvil","floor":10},{"not_picked":["ClearTheMind","EmptyBody","BowlingBash"],"picked":"CrushJoints","floor":11},{"not_picked":["Blasphemy","Brilliance","Omniscience"],"picked":"DevaForm","floor":16},{"not_picked":["Prostrate","DeceiveReality","JustLucky+1"],"picked":"CutThroughFate","floor":18},{"not_picked":["Consecrate","Study","LikeWater","Prostrate"],"picked":"SKIP","floor":19},{"not_picked":["Consecrate","PathToVictory","JustLucky"],"picked":"Omniscience","floor":20},{"not_picked":["Crescendo","ForeignInfluence","Evaluate"],"picked":"Tantrum","floor":23},{"not_picked":["CutThroughFate","Judgement","ForeignInfluence"],"picked":"Weave","floor":25},{"not_picked":["Prostrate","FlyingSleeves","WreathOfFlame"],"picked":"FlurryOfBlows","floor":28},{"not_picked":["JustLucky","InnerPeace","EmptyMind"],"picked":"Adaptation","floor":32}],"player_experience":1339552,"relics_obtained":[{"floor":6,"key":"Sundial"},{"floor":9,"key":"HornCleat"},{"floor":10,"key":"Question Card"},{"floor":20,"key":"Red Mask"},{"floor":23,"key":"War Paint"},{"floor":25,"key":"Shovel"},{"floor":26,"key":"Dream Catcher"},{"floor":30,"key":"Whetstone"}],"event_choices":[{"cards_removed":["Defend_P"],"damage_healed":0,"gold_gain":0,"player_choice":"Card Removal","damage_taken":0,"max_hp_gain":0,"max_hp_loss":0,"event_name":"The Cleric","floor":2,"gold_loss":75},{"damage_healed":0,"gold_gain":75,"player_choice":"Gather Gold","damage_taken":11,"max_hp_gain":0,"max_hp_loss":0,"event_name":"World of Goop","floor":5,"gold_loss":0},{"damage_healed":0,"gold_gain":0,"player_choice":"Ignored","damage_taken":0,"max_hp_gain":0,"max_hp_loss":0,"event_name":"Liars Game","floor":13,"gold_loss":0},{"damage_healed":0,"gold_gain":0,"player_choice":"Fought Bandits","damage_taken":0,"max_hp_gain":0,"max_hp_loss":0,"event_name":"Masked Bandits","floor":20,"gold_loss":0},{"cards_removed":["Defend_P"],"damage_healed":0,"gold_gain":0,"player_choice":"Gave Gold","damage_taken":0,"max_hp_gain":0,"max_hp_loss":0,"event_name":"Beggar","floor":21,"gold_loss":75},{"damage_healed":0,"gold_gain":0,"player_choice":"Bet on Murderer","damage_taken":0,"max_hp_gain":0,"max_hp_loss":0,"event_name":"The Joust","floor":29,"gold_loss":50}],"is_beta":true,"boss_relics":[{"not_picked":["Tiny House","Philosopher\u0027s Stone"],"picked":"Cursed Key"}],"items_purged_floors":[],"is_endless":false,"potions_floor_spawned":[4,10,18,23,28],"killed_by":"Automaton","ascension_level":20}}