{"host":"c6xy0a74zz7y4nf6","time":1613453047,"event":{"mods":["BaseMod","Minty Spire (QoL Compilation)","StSLib","The Death Knight","The Exalted"],"gold_per_floor":[119,294,308,308,12,12,42,71,94,94,106,123,149,224,224,327,327,341,0,0,11,22,22,48,48,73,86,102,112,143,103,103,103,103],"floor_reached":33,"language":"ENG","playtime":1296,"items_purged":["Doubt","DeathKnight:Strike_DeathKnight"],"score":389,"play_id":"716e4b07-4fc7-4524-b6c0-643b66cbf073","local_time":"20210215232407","is_ascension_mode":true,"campfire_choices":[{"data":"DeathKnight:Contagion","floor":6,"key":"SMITH"},{"data":"DeathKnight:Runesurge","floor":10,"key":"SMITH"},{"floor":15,"key":"REST"},{"floor":23,"key":"REST"},{"floor":25,"key":"REST"},{"floor":32,"key":"REST"}],"circlet_count":0,"master_deck":["DeathKnight:Strike_DeathKnight","DeathKnight:Strike_DeathKnight","DeathKnight:Strike_DeathKnight+1","DeathKnight:Defend_DeathKnight","DeathKnight:Defend_DeathKnight+1","DeathKnight:Defend_DeathKnight","DeathKnight:RuneTap+1","DeathKnight:RuneStrike","DeathKnight:Contagion+1","DeathKnight:FesteringStrike+1","DeathKnight:Contagion","DeathKnight:FesteringStrike+1","DeathKnight:Runesurge+1","DeathKnight:SindragosasBreath","Apotheosis","DeathKnight:HowlingBlast+1","DeathKnight:BloodBoil","DeathKnight:WraithWalk","DeathKnight:DeathStrike+1"],"relics":["DeathKnight:BrokenRuneblade","NeowsBlessing","DollysMirror","War Paint","Blood Vial","Bromod:ArcaneAegis","Empty Cage","Mercury Hourglass","MealTicket","Bromod:ArcaneDeflection"],"acts_visited":["Exordium","TheCity"],"potions_floor_usage":[16,16,18,24,28,30,33],"damage_taken":[{"damage":0,"enemies":"2 Louse","floor":1,"turns":1},{"damage":0,"enemies":"Small Slimes","floor":3,"turns":1},{"damage":0,"enemies":"Lagavulin","floor":8,"turns":1},{"damage":3,"enemies":"Jaw Worm","floor":11,"turns":3},{"damage":16,"enemies":"Lots of Slimes","floor":12,"turns":4},{"damage":15,"enemies":"3 Sentries","floor":13,"turns":8},{"damage":0,"enemies":"Slime Boss","floor":16,"turns":6},{"damage":2,"enemies":"Shell Parasite","floor":18,"turns":4},{"damage":41,"enemies":"3 Byrds","floor":21,"turns":4},{"damage":16,"enemies":"Centurion and Healer","floor":22,"turns":5},{"damage":22,"enemies":"Gremlin Leader","floor":24,"turns":7},{"damage":10,"enemies":"Snake Plant","floor":27,"turns":3},{"damage":2,"enemies":"Chosen and Byrds","floor":28,"turns":4},{"damage":16,"enemies":"Snecko","floor":29,"turns":5},{"damage":23,"enemies":"Slavers","floor":30,"turns":4},{"damage":42,"enemies":"Collector","floor":33,"turns":3}],"seed_played":"3512979016833529727","potions_obtained":[{"floor":1,"key":"DistilledChaos"},{"floor":8,"key":"ColorlessPotion"},{"floor":12,"key":"Block Potion"},{"floor":22,"key":"LiquidMemories"},{"floor":29,"key":"GamblersBrew"},{"floor":30,"key":"DuplicationPotion"}],"is_trial":false,"path_per_floor":["M","?","M","?","$","R","?","E","T","R","M","M","E","?","R","B",null,"M","$","?","M","M","R","E","R","T","M","M","M","E","?","R","B"],"character_chosen":"DEATH_KNIGHT","items_purchased":["DeathKnight:Contagion","DollysMirror","Apotheosis","Strength Potion"],"campfire_rested":4,"item_purchase_floors":[5,5,19,19],"current_hp_per_floor":[75,75,75,75,75,75,75,75,75,75,72,58,45,34,56,58,75,73,73,73,34,20,42,22,44,44,36,36,22,1,1,23,0,0],"gold":103,"neow_bonus":"THREE_ENEMY_KILL","is_daily":false,"chose_seed":false,"campfire_upgraded":2,"win_rate":0.0,"timestamp":1613453047,"path_taken":["M","?","M","?","$","R","?","E","T","R","M","M","E","?","R","BOSS","M","$","?","M","?","R","E","R","T","M","M","M","E","?","R","BOSS"],"items_purchased_type":["Card","Relic","Card","Potion"],"build_version":"2020-12-22","purchased_purges":2,"victory":false,"max_hp_per_floor":[75,75,75,75,75,75,75,75,75,75,75,75,75,75,75,75,75,75,75,75,75,75,75,75,75,75,75,75,75,75,75,75,75,75],"card_choices":[{"not_picked":["DeathKnight:DeathCoil","DeathKnight:BludPresence"],"picked":"DeathKnight:Contagion","floor":1},{"not_picked":["DeathKnight:BladedArmor","DeathKnight:ThirstingStrike"],"picked":"DeathKnight:FesteringStrike","floor":3},{"not_picked":["DeathKnight:RuneShock","DeathKnight:DeathCoil"],"picked":"DeathKnight:Runesurge","floor":8},{"not_picked":["DeathKnight:IceboundArmor","DeathKnight:BloodTap","DeathKnight:BloodStrike"],"picked":"SKIP","floor":11},{"not_picked":["DeathKnight:RunicCorruption","DeathKnight:IceboundArmor","DeathKnight:DeathGrip"],"picked":"SKIP","floor":12},{"not_picked":["DeathKnight:HartStrike","DeathKnight:PillarOfFrost","DeathKnight:Ossuary"],"picked":"SKIP","floor":13},{"not_picked":["DeathKnight:Outbreak","DeathKnight:Simulacrum"],"picked":"DeathKnight:SindragosasBreath","floor":16},{"not_picked":["DeathKnight:BludPresence+1","DeathKnight:HornOfWinter+1","DeathKnight:HartStrike"],"picked":"SKIP","floor":18},{"not_picked":["DeathKnight:UnholyPresence","DeathKnight:DancingRuneblade+1"],"picked":"DeathKnight:HowlingBlast+1","floor":21},{"not_picked":["DeathKnight:RaiseAlly","DeathKnight:PathOfFrost","DeathKnight:DreadStrike"],"picked":"SKIP","floor":22},{"not_picked":["DeathKnight:BloodEchoes","DeathKnight:RunicCorruption+1"],"picked":"DeathKnight:BloodBoil","floor":24},{"not_picked":["DeathKnight:Razorice","DeathKnight:DreadStrike","DeathKnight:BloodEchoes"],"picked":"SKIP","floor":27},{"not_picked":["DeathKnight:UnholyPresence","DeathKnight:ShatteringStrikes"],"picked":"DeathKnight:WraithWalk","floor":28},{"not_picked":["DeathKnight:ShatteringStrikes","DeathKnight:Rot","DeathKnight:Parry"],"picked":"SKIP","floor":29},{"not_picked":["DeathKnight:GargoyleSkin","DeathKnight:BloodStrike"],"picked":"DeathKnight:DeathStrike","floor":30}],"player_experience":114507,"relics_obtained":[{"floor":8,"key":"War Paint"},{"floor":9,"key":"Blood Vial"},{"floor":13,"key":"Bromod:ArcaneAegis"},{"floor":24,"key":"Mercury Hourglass"},{"floor":26,"key":"MealTicket"},{"floor":30,"key":"Bromod:ArcaneDeflection"}],"event_choices":[{"damage_healed":0,"gold_gain":175,"player_choice":"AGREE","damage_taken":0,"max_hp_gain":0,"max_hp_loss":0,"event_name":"Liars Game","floor":2,"gold_loss":0,"cards_obtained":["Doubt"]},{"damage_healed":0,"gold_gain":0,"player_choice":"Grow","damage_taken":0,"max_hp_gain":0,"max_hp_loss":0,"event_name":"Living Wall","floor":4,"gold_loss":0,"cards_upgraded":["DeathKnight:FesteringStrike"]},{"damage_healed":0,"gold_gain":30,"player_choice":"Searched \u00271\u0027 times","damage_taken":0,"max_hp_gain":0,"max_hp_loss":0,"event_name":"Dead Adventurer","floor":7,"gold_loss":0},{"damage_healed":0,"gold_gain":75,"player_choice":"Gather Gold","damage_taken":11,"max_hp_gain":0,"max_hp_loss":0,"event_name":"World of Goop","floor":14,"gold_loss":0},{"cards_removed":["DeathKnight:Defend_DeathKnight"],"damage_healed":0,"gold_gain":0,"player_choice":"Purged","damage_taken":0,"max_hp_gain":0,"max_hp_loss":0,"event_name":"Purifier","floor":20,"gold_loss":0},{"damage_healed":0,"gold_gain":0,"player_choice":"Upgraded Two","damage_taken":0,"max_hp_gain":0,"max_hp_loss":0,"event_name":"Designer","floor":31,"gold_loss":40,"cards_upgraded":["DeathKnight:DeathStrike","DeathKnight:Strike_DeathKnight"]}],"is_beta":false,"boss_relics":[{"not_picked":["Sozu","Astrolabe"],"picked":"Empty Cage"}],"items_purged_floors":[5,19],"is_endless":false,"potions_floor_spawned":[1,8,12,22,29,30],"killed_by":"Collector","ascension_level":1}}