{"host":"sygfylmorsvdndbx","time":1613446766,"event":{"mods":["AchievementEnabler","BaseMod","Bestiary","Highlight Path","Minty Spire (QoL Compilation)","Permanent Neow","Quick Restart","Relic Stats"],"gold_per_floor":[116,47,47,65,15,15,47,59,71,83,111,140,152,181,193,282,294,321,333,362,388,400,412,449,461,473,485,497,497],"floor_reached":28,"language":"ENG","playtime":2400,"items_purged":[],"score":389,"play_id":"c35dce5f-99a6-4570-8655-40cab74818ef","local_time":"20210215223926","is_ascension_mode":true,"campfire_choices":[{"data":"All Out Attack","floor":6,"key":"SMITH"},{"data":"Tools of the Trade","floor":8,"key":"SMITH"},{"floor":13,"key":"REST"},{"data":"Eviscerate","floor":15,"key":"SMITH"},{"floor":23,"key":"REST"},{"data":"Dagger Throw","floor":25,"key":"SMITH"},{"data":"Venomology","floor":27,"key":"SMITH"}],"circlet_count":0,"master_deck":["AscendersBane","Strike_G","Strike_G","Strike_G","Defend_G+1","Defend_G","Defend_G","Defend_G","Survivor","Neutralize+1","Well Laid Plans","All Out Attack+1","PiercingWail","Tools of the Trade+1","Eviscerate+1","Dagger Throw+1","Acrobatics","After Image","Venomology+1"],"relics":["Ring of the Snake","MawBank","Matryoshka","Runic Pyramid","Shuriken","Omamori"],"acts_visited":["Exordium","TheCity"],"potions_floor_usage":[7,16,20,21,24,28],"damage_taken":[{"damage":3,"enemies":"Cultist","floor":1,"turns":5},{"damage":1,"enemies":"Small Slimes","floor":4,"turns":3},{"damage":27,"enemies":"Lagavulin","floor":7,"turns":11},{"damage":1,"enemies":"Jaw Worm","floor":11,"turns":4},{"damage":6,"enemies":"Blue Slaver","floor":12,"turns":3},{"damage":0,"enemies":"Looter","floor":14,"turns":3},{"damage":27,"enemies":"Slime Boss","floor":16,"turns":9},{"damage":7,"enemies":"Shell Parasite","floor":18,"turns":5},{"damage":3,"enemies":"2 Thieves","floor":20,"turns":4},{"damage":14,"enemies":"Centurion and Healer","floor":21,"turns":4},{"damage":24,"enemies":"Book of Stabbing","floor":24,"turns":7},{"damage":28,"enemies":"Masked Bandits","floor":28,"turns":3}],"seed_played":"-6502118747465815071","potions_obtained":[{"floor":1,"key":"ColorlessPotion"},{"floor":4,"key":"Regen Potion"},{"floor":14,"key":"BlessingOfTheForge"},{"floor":16,"key":"Fire Potion"},{"floor":20,"key":"Strength Potion"}],"is_trial":false,"path_per_floor":["M","$","?","M","?","R","E","R","T","?","M","M","R","M","R","B",null,"M","?","M","M","?","R","E","R","T","R","?"],"character_chosen":"THE_SILENT","items_purchased":["All Out Attack"],"campfire_rested":2,"item_purchase_floors":[2],"current_hp_per_floor":[60,60,60,59,59,59,32,32,32,18,17,11,32,32,32,20,58,51,51,48,34,21,43,19,19,19,19,0,0],"gold":497,"neow_bonus":"REMOVE_CARD","is_daily":false,"chose_seed":false,"campfire_upgraded":5,"win_rate":0.0,"timestamp":1613446766,"path_taken":["M","?","?","M","?","R","E","R","T","?","?","M","R","M","R","BOSS","M","?","M","M","?","R","E","R","T","R","?"],"items_purchased_type":["Card"],"build_version":"2020-12-22","purchased_purges":0,"victory":false,"max_hp_per_floor":[70,70,70,70,70,70,70,70,70,70,70,70,70,70,70,70,70,70,70,70,70,75,75,75,75,75,75,75,75],"relic_stats":{"counters":[12,61],"Shuriken":[1],"MawBank":252,"obtain_stats":[{"Matryoshka":9,"Shuriken":24,"Omamori":26,"MawBank":7,"Ring of the Snake":0,"Runic Pyramid":17},{"Matryoshka":3,"Shuriken":11,"Omamori":11,"MawBank":3,"Ring of the Snake":0,"Runic Pyramid":7},{"Matryoshka":19,"Shuriken":58,"Omamori":58,"MawBank":19,"Ring of the Snake":0,"Runic Pyramid":38}],"Ring of the Snake":[24]},"card_choices":[{"not_picked":["Setup","Underhanded Strike"],"picked":"Well Laid Plans","floor":1},{"not_picked":["Flying Knee","Backflip"],"picked":"PiercingWail","floor":4},{"not_picked":["Deadly Poison","Choke"],"picked":"Tools of the Trade","floor":7},{"not_picked":["Cloak And Dagger","Blur"],"picked":"Eviscerate","floor":11},{"not_picked":["PiercingWail","Dodge and Roll"],"picked":"Dagger Throw","floor":12},{"not_picked":["Dodge and Roll","Accuracy"],"picked":"Acrobatics","floor":14},{"not_picked":["Grand Finale","Night Terror"],"picked":"After Image","floor":16},{"not_picked":["Bane+1","Dagger Throw","Quick Slash"],"picked":"SKIP","floor":18},{"not_picked":["Deadly Poison+1","Cloak And Dagger","Flechettes+1"],"picked":"SKIP","floor":20},{"not_picked":["Deadly Poison+1","Cloak And Dagger","Flechettes+1"],"picked":"SKIP","floor":20},{"not_picked":["Poisoned Stab","Dagger Throw","Catalyst"],"picked":"SKIP","floor":21},{"not_picked":["Noxious Fumes","Masterful Stab"],"picked":"Venomology","floor":24}],"player_experience":544844,"relics_obtained":[{"floor":7,"key":"MawBank"},{"floor":9,"key":"Matryoshka"},{"floor":24,"key":"Shuriken"},{"floor":26,"key":"Omamori"}],"event_choices":[{"cards_removed":["Defend_G"],"damage_healed":0,"gold_gain":0,"player_choice":"Forget","damage_taken":0,"max_hp_gain":0,"max_hp_loss":0,"event_name":"Living Wall","floor":3,"gold_loss":0},{"cards_removed":["Strike_G"],"damage_healed":0,"gold_gain":0,"player_choice":"Card Removal","damage_taken":0,"max_hp_gain":0,"max_hp_loss":0,"event_name":"The Cleric","floor":5,"gold_loss":50},{"damage_healed":0,"gold_gain":0,"player_choice":"Entered Light","damage_taken":14,"max_hp_gain":0,"max_hp_loss":0,"event_name":"Shining Light","floor":10,"gold_loss":0,"cards_upgraded":["Neutralize","Defend_G"]},{"damage_healed":0,"gold_gain":0,"player_choice":"Ignored","damage_taken":0,"max_hp_gain":0,"max_hp_loss":0,"event_name":"Vampires","floor":19,"gold_loss":0},{"damage_healed":0,"gold_gain":0,"player_choice":"Shed Blood","damage_taken":18,"max_hp_gain":5,"max_hp_loss":0,"event_name":"Forgotten Altar","floor":22,"gold_loss":0},{"damage_healed":0,"gold_gain":0,"player_choice":"Fought Bandits","damage_taken":0,"max_hp_gain":0,"max_hp_loss":0,"event_name":"Masked Bandits","floor":28,"gold_loss":0}],"is_beta":false,"boss_relics":[{"not_picked":["Calling Bell","Coffee Dripper"],"picked":"Runic Pyramid"}],"items_purged_floors":[],"is_endless":false,"potions_floor_spawned":[1,4,14,16,18,20],"killed_by":"Masked Bandits","ascension_level":13}}