{"host":"n2sr453jcjz6vvl4","time":1613513206,"event":{"mods":["BaseMod","Minty Spire (QoL Compilation)"],"gold_per_floor":[114,124,124,84,96,96,121,138,213,213,213,226,245,272,272,376,376,393,418,87,87,87,119,119,131,131,163,163,173,204,218,218,319,319,333,344,31,48,270,600,617,646,646,646,366,394,394,406,406,406,406],"floor_reached":50,"language":"ENG","playtime":3465,"items_purged":["Defend_G","Strike_G","Strike_G"],"score":775,"play_id":"00223f30-f47f-44d7-aea0-052422824bc1","local_time":"20210216180646","is_ascension_mode":true,"campfire_choices":[{"data":"Wraith Form v2","floor":6,"key":"SMITH"},{"floor":10,"key":"REST"},{"floor":15,"key":"REST"},{"floor":24,"key":"RECALL"},{"floor":28,"key":"REST"},{"floor":32,"key":"REST"},{"floor":44,"key":"REST"},{"floor":49,"key":"REST"}],"circlet_count":0,"master_deck":["Strike_G","Strike_G","Strike_G","Defend_G","Defend_G","Defend_G","Defend_G","Survivor","Neutralize+1","Phantasmal Killer","PiercingWail","Dagger Spray+1","Wraith Form v2+1","Cloak And Dagger","Bouncing Flask","Backflip","Poisoned Stab","Corpse Explosion","Distraction+1","Noxious Fumes","Wraith Form v2","Phantasmal Killer+1","Deadly Poison+1","Adrenaline+1","Apotheosis+1","Bullet Time+1","Noxious Fumes","Bouncing Flask+1","Enlightenment+1"],"relics":["Ring of the Snake","Pocketwatch","Ninja Scroll","Torii","Mummified Hand","Fusion Hammer","Red Mask","Toxic Egg 2","Ornamental Fan","Nloth\u0027s Gift","White Beast Statue","Meat on the Bone","Lizard Tail","Du-Vu Doll","WristBlade","Old Coin","Smiling Mask","Bag of Marbles","Whetstone","Gambling Chip"],"acts_visited":["Exordium","TheCity","TheBeyond"],"potions_floor_usage":[7,8,19,19,27,29,31,33,33,40,40,48,50,50,50],"damage_taken":[{"damage":1,"enemies":"Cultist","floor":1,"turns":4},{"damage":0,"enemies":"2 Louse","floor":2,"turns":3},{"damage":0,"enemies":"Jaw Worm","floor":5,"turns":4},{"damage":35,"enemies":"Gremlin Nob","floor":7,"turns":8},{"damage":1,"enemies":"Red Slaver","floor":8,"turns":3},{"damage":2,"enemies":"Blue Slaver","floor":12,"turns":3},{"damage":1,"enemies":"Exordium Thugs","floor":13,"turns":5},{"damage":10,"enemies":"3 Sentries","floor":14,"turns":5},{"damage":21,"enemies":"Slime Boss","floor":16,"turns":9},{"damage":4,"enemies":"Shell Parasite","floor":18,"turns":6},{"damage":0,"enemies":"Masked Bandits","floor":19,"turns":4},{"damage":1,"enemies":"Gremlin Leader","floor":23,"turns":6},{"damage":0,"enemies":"Spheric Guardian","floor":25,"turns":3},{"damage":13,"enemies":"Book of Stabbing","floor":27,"turns":6},{"damage":1,"enemies":"Snecko","floor":29,"turns":5},{"damage":3,"enemies":"Slavers","floor":30,"turns":5},{"damage":2,"enemies":"Centurion and Healer","floor":31,"turns":6},{"damage":83,"enemies":"Collector","floor":33,"turns":10},{"damage":2,"enemies":"3 Shapes","floor":35,"turns":4},{"damage":20,"enemies":"3 Darklings","floor":36,"turns":4},{"damage":0,"enemies":"Sphere and 2 Shapes","floor":38,"turns":5},{"damage":5,"enemies":"Reptomancer","floor":40,"turns":4},{"damage":0,"enemies":"4 Shapes","floor":41,"turns":4},{"damage":0,"enemies":"Nemesis","floor":42,"turns":5},{"damage":2,"enemies":"Giant Head","floor":46,"turns":7},{"damage":6,"enemies":"Jaw Worm Horde","floor":48,"turns":3},{"damage":131,"enemies":"Time Eater","floor":50,"turns":10}],"seed_played":"-8350224293305592775","potions_obtained":[{"floor":4,"key":"SkillPotion"},{"floor":4,"key":"GamblersBrew"},{"floor":4,"key":"SneckoOil"},{"floor":7,"key":"SmokeBomb"},{"floor":14,"key":"SpeedPotion"},{"floor":16,"key":"EssenceOfSteel"},{"floor":19,"key":"FairyPotion"},{"floor":25,"key":"DuplicationPotion"},{"floor":27,"key":"EssenceOfSteel"},{"floor":29,"key":"EssenceOfSteel"},{"floor":30,"key":"Explosive Potion"},{"floor":31,"key":"SteroidPotion"},{"floor":33,"key":"Fruit Juice"},{"floor":35,"key":"GamblersBrew"},{"floor":36,"key":"Energy Potion"},{"floor":38,"key":"Block Potion"},{"floor":40,"key":"PowerPotion"},{"floor":41,"key":"Poison Potion"},{"floor":48,"key":"Strength Potion"}],"is_trial":false,"path_per_floor":["M","M","?","?","M","R","E","M","T","R","?","M","M","E","R","B",null,"M","?","$","?","?","E","R","M","T","E","R","M","E","M","R","B",null,"M","M","$","M","?","E","M","E","T","R","$","E","?","M","R","B"],"character_chosen":"THE_SILENT","items_purchased":["Toxic Egg 2","Apotheosis+1","PowerPotion","Whetstone","Noxious Fumes"],"campfire_rested":6,"item_purchase_floors":[20,37,37,45,45],"current_hp_per_floor":[69,69,57,57,57,57,22,21,21,42,42,40,39,29,50,29,70,66,66,66,66,66,65,65,65,65,52,70,69,66,64,70,38,75,73,53,53,53,53,48,48,48,48,70,70,68,68,62,75,0,0],"gold":406,"neow_bonus":"ONE_RANDOM_RARE_CARD","is_daily":false,"chose_seed":false,"campfire_upgraded":1,"win_rate":0.0,"timestamp":1613513206,"path_taken":["M","?","?","?","?","R","E","M","T","R","?","M","?","E","R","BOSS","M","?","$","?","?","E","R","?","T","E","R","M","E","M","R","BOSS","M","M","$","M","?","E","M","E","T","R","$","E","?","M","R","BOSS"],"items_purchased_type":["Relic","Card","Potion","Relic","Card"],"build_version":"2020-12-22","purchased_purges":3,"victory":false,"max_hp_per_floor":[70,70,70,70,70,70,70,70,70,70,70,70,70,70,70,70,70,70,70,70,70,70,70,70,70,70,70,70,70,70,70,70,75,75,75,75,75,75,75,75,75,75,75,75,75,75,75,75,75,75,75],"card_choices":[{"not_picked":["Dagger Throw","Prepared"],"picked":"PiercingWail","floor":1},{"not_picked":["Flying Knee","Deflect"],"picked":"Dagger Spray","floor":2},{"not_picked":["Well Laid Plans","Footwork"],"picked":"Wraith Form v2","floor":5},{"not_picked":["Sucker Punch","Flechettes"],"picked":"Cloak And Dagger","floor":7},{"not_picked":["Quick Slash","Blur"],"picked":"Bouncing Flask","floor":8},{"not_picked":["Acrobatics","PiercingWail"],"picked":"Backflip","floor":12},{"not_picked":["Dagger Spray","Prepared"],"picked":"Poisoned Stab","floor":13},{"not_picked":["Reflex","Terror","Riddle With Holes"],"picked":"SKIP","floor":14},{"not_picked":["Venomology","Burst"],"picked":"Corpse Explosion","floor":16},{"not_picked":["Riddle With Holes","Underhanded Strike+1"],"picked":"Distraction+1","floor":18},{"not_picked":["Die Die Die","Bane"],"picked":"Noxious Fumes","floor":23},{"not_picked":["Deflect+1","Slice","PiercingWail+1"],"picked":"SKIP","floor":25},{"not_picked":["Caltrops","After Image"],"picked":"Wraith Form v2","floor":27},{"not_picked":["Deflect+1","Blur+1"],"picked":"Phantasmal Killer+1","floor":29},{"not_picked":["Burst+1","Eviscerate+1"],"picked":"Deadly Poison+1","floor":30},{"not_picked":["Deflect+1","Reflex+1","Acrobatics+1"],"picked":"SKIP","floor":31},{"not_picked":["Tools of the Trade","Die Die Die"],"picked":"Adrenaline+1","floor":33},{"not_picked":["Quick Slash+1","Slice","Unload"],"picked":"SKIP","floor":35},{"not_picked":["Caltrops","Deflect+1","Acrobatics+1"],"picked":"SKIP","floor":36},{"not_picked":["Dodge and Roll+1","Heel Hook","Quick Slash"],"picked":"SKIP","floor":38},{"not_picked":["PiercingWail+1","Tools of the Trade"],"picked":"Bullet Time+1","floor":40},{"not_picked":["Quick Slash","Concentrate+1","Leg Sweep+1"],"picked":"SKIP","floor":41},{"not_picked":["Poisoned Stab","Backflip+1","Finisher+1"],"picked":"SKIP","floor":42},{"not_picked":["Flechettes+1","Heel Hook"],"picked":"Bouncing Flask+1","floor":46},{"not_picked":["Blind+1","Good Instincts+1"],"picked":"Enlightenment+1","floor":47},{"not_picked":["Acrobatics+1","Slice","Backflip+1"],"picked":"SKIP","floor":48}],"player_experience":150450,"relics_obtained":[{"floor":7,"key":"Centennial Puzzle"},{"floor":9,"key":"Ninja Scroll"},{"floor":14,"key":"Mummified Hand"},{"floor":19,"key":"Red Mask"},{"floor":23,"key":"White Beast Statue"},{"floor":26,"key":"Meat on the Bone"},{"floor":27,"key":"Lizard Tail"},{"floor":30,"key":"Du-Vu Doll"},{"floor":40,"key":"Old Coin"},{"floor":42,"key":"Smiling Mask"},{"floor":43,"key":"Bag of Marbles"},{"floor":46,"key":"Gambling Chip"}],"event_choices":[{"damage_healed":0,"gold_gain":0,"player_choice":"Success","damage_taken":12,"relics_obtained":["Pocketwatch"],"max_hp_gain":0,"max_hp_loss":0,"event_name":"Scrap Ooze","floor":3,"gold_loss":0},{"damage_healed":0,"gold_gain":0,"player_choice":"Bought 3 Potions","damage_taken":0,"max_hp_gain":0,"max_hp_loss":0,"event_name":"The Woman in Blue","floor":4,"gold_loss":0},{"damage_healed":0,"gold_gain":0,"player_choice":"Gave Potion","damage_taken":0,"relics_obtained":["Torii"],"max_hp_gain":0,"max_hp_loss":0,"event_name":"WeMeetAgain","floor":11,"gold_loss":0},{"damage_healed":0,"gold_gain":0,"player_choice":"Fought Bandits","damage_taken":0,"max_hp_gain":0,"max_hp_loss":0,"event_name":"Masked Bandits","floor":19,"gold_loss":0},{"damage_healed":0,"gold_gain":0,"player_choice":"Opened","damage_taken":0,"relics_obtained":["Ornamental Fan"],"max_hp_gain":0,"max_hp_loss":0,"event_name":"The Mausoleum","floor":21,"gold_loss":0},{"damage_healed":0,"gold_gain":0,"player_choice":"Traded Relic","damage_taken":0,"relics_obtained":["Nloth\u0027s Gift"],"max_hp_gain":0,"max_hp_loss":0,"event_name":"N\u0027loth","floor":22,"relics_lost":["Centennial Puzzle"],"gold_loss":0},{"damage_healed":0,"gold_gain":222,"player_choice":"Wore Mask","damage_taken":0,"max_hp_gain":0,"max_hp_loss":0,"event_name":"Tomb of Lord Red Mask","floor":39,"gold_loss":0},{"damage_healed":0,"gold_gain":0,"player_choice":"Memory 1","damage_taken":0,"max_hp_gain":0,"max_hp_loss":0,"event_name":"SensoryStone","floor":47,"gold_loss":0}],"is_beta":false,"boss_relics":[{"not_picked":["Coffee Dripper","Calling Bell"],"picked":"Fusion Hammer"},{"not_picked":["Astrolabe","Runic Pyramid"],"picked":"WristBlade"}],"items_purged_floors":[20,37,45],"is_endless":false,"potions_floor_spawned":[7,14,16,19,25,27,29,30,31,33,35,36,38,40,41,42,46,48],"killed_by":"Time Eater","ascension_level":4}}