{"host":"n0tx3esfb93mqoc3","time":1613469243,"event":{"mods":["BaseMod","Colored Powertips","Downfall","Hermit","Minty Spire (QoL Compilation)","Quick Restart","Replay The Spire","StSLib","The Cursed","The Servant 0.9.4"],"gold_per_floor":[115,115,10,34,34,34,34,34,106,130,130,149,149,165,165,293,293,314,337,104,125,149,149,149,173,247,267,290,290,304,151,151,271,334,355,418,418,437,37,37,78,25,102,145,145,145,145,24,24,24],"floor_reached":51,"language":"ENG","playtime":8691,"items_purged":[],"score":745,"play_id":"e4e06a00-38f3-470a-bac3-4af8db3d648e","local_time":"20210216045403","is_ascension_mode":false,"campfire_choices":[{"floor":6,"key":"REST"},{"data":"Flame Barrier","floor":8,"key":"SMITH"},{"data":"ReplayReversal","floor":13,"key":"SMITH"},{"floor":15,"key":"REST"},{"data":"Metallicize","floor":23,"key":"SMITH"},{"floor":32,"key":"REST"},{"floor":40,"key":"REST"},{"floor":45,"key":"REST"},{"floor":47,"key":"REST"},{"floor":49,"key":"REST"}],"circlet_count":0,"master_deck":["Strike_R","Strike_R","Strike_R","Strike_R+1","Strike_R","Defend_R+1","Defend_R","Defend_R+1","Defend_R+1","Bash","Double Tap","Twin Strike","Dropkick+1","Shrug It Off","Flame Barrier+1","ReplayTheSpireMod:Muscle Training","ReplayReversal+1","Twin Strike","Feed","Clothesline+1","Headbutt","Life Link","Shrug It Off","Crow Ritual","Replay:Sssssssssstrike","Replay:Sssssssssshield","Carnage","Metallicize+1","Pommel Strike","Sword Boomerang+1","Second Wind+1","Body Slam","Feed","Clothesline+1","Perfected Strike+1","Searing Blow+1","ReplayTheSpireMod:Limb From Limb+1","Shrug It Off","Shrug It Off","Rampage","Iron Wave+1","Armaments","ReplayTheSpireMod:Stacked+1","ReplayTheSpireMod:Corrosion Curse+1"],"relics":["Burning Blood","Golden Idol","Kunai","Replay:Bottled Snecko","Snecko Eye","ReplayTheSpireMod:ShopPack","Matryoshka","Simple Rune","Tiny House","Torii","Pondfish Scales","Potion Belt","Toxic Egg 2","Mercury Hourglass","Bag of Marbles"],"acts_visited":["Exordium","TheCity","TheBeyond"],"potions_floor_usage":[50,50,50,50],"damage_taken":[{"damage":5,"enemies":"Jaw Worm","floor":1,"turns":4},{"damage":6,"enemies":"2 Louse","floor":4,"turns":2},{"damage":0,"enemies":"Cultist","floor":10,"turns":3},{"damage":15,"enemies":"3 Louse","floor":12,"turns":4},{"damage":16,"enemies":"Looter","floor":14,"turns":4},{"damage":15,"enemies":"Fading Forest","floor":16,"turns":11},{"damage":11,"enemies":"Spheric Guardian","floor":18,"turns":4},{"damage":1,"enemies":"Shell Parasite","floor":19,"turns":3},{"damage":25,"enemies":"Shelled Parasite and Fungi","floor":21,"turns":7},{"damage":0,"enemies":"3 Cultists","floor":22,"turns":4},{"damage":4,"enemies":"Centurion and Healer","floor":25,"turns":8},{"damage":12,"enemies":"Snake Plant","floor":27,"turns":6},{"damage":11,"enemies":"Snecko","floor":28,"turns":4},{"damage":22,"enemies":"Shelled Parasite and Fungi","floor":30,"turns":8},{"damage":66,"enemies":"Automaton","floor":33,"turns":14},{"damage":43,"enemies":"3 Shapes","floor":35,"turns":5},{"damage":1,"enemies":"Mind Bloom Boss Battle","floor":36,"turns":8},{"damage":41,"enemies":"3 Darklings","floor":38,"turns":6},{"damage":54,"enemies":"Reptomancer","floor":41,"turns":12},{"damage":31,"enemies":"Giant Head","floor":44,"turns":9},{"damage":92,"enemies":"Donu and Deca","floor":50,"turns":14}],"seed_played":"-3993573206352127999","potions_obtained":[{"floor":12,"key":"AttackPotion"},{"floor":16,"key":"FearPotion"},{"floor":18,"key":"GamblersBrew"},{"floor":22,"key":"BlessingOfTheForge"},{"floor":25,"key":"PowerPotion"},{"floor":34,"key":"DistilledChaos"},{"floor":41,"key":"FairyPotion"},{"floor":44,"key":"PowerPotion"}],"is_trial":false,"path_per_floor":["M","?","$","M","?","R","$","R","T","M","T","M","R","M","R","B",null,"M","M","$","M","M","R","?","M","T","M","M","?","M","$","R","B",null,"M","?","?","M","$","R","E","$","T","E","R","?","R","$","R","B",null],"character_chosen":"IRONCLAD","items_purchased":["Dropkick+1","Shrug It Off","ReplayTheSpireMod:ShopPack","Life Link","Shrug It Off","Simple Rune","Pondfish Scales","Shrug It Off","Rampage","Armaments","ReplayTheSpireMod:Corrosion Curse+1","BloodPotion"],"campfire_rested":7,"item_purchase_floors":[3,3,20,20,20,31,39,39,39,42,48,48],"current_hp_per_floor":[80,60,60,60,60,80,80,80,80,80,80,71,71,61,80,71,80,75,80,80,64,70,70,70,75,75,69,64,64,51,51,77,17,94,60,68,68,33,33,63,15,15,15,25,55,55,83,83,95,28],"gold":24,"neow_bonus":"ONE_RANDOM_RARE_CARD","is_daily":false,"chose_seed":false,"campfire_upgraded":3,"win_rate":0.0,"timestamp":1613469243,"path_taken":["M","?","$","M","?","R","?","R","T","M","?","?","R","?","R","BOSS","M","M","$","M","M","R","?","M","T","M","M","?","M","$","R","BOSS","M","?","?","M","$","R","E","?","T","E","R","?","R","$","R","BOSS"],"items_purchased_type":["Card","Card","Relic","Card","Card","Relic","Relic","Card","Card","Card","Card","Potion"],"build_version":"2020-12-22","purchased_purges":0,"victory":true,"max_hp_per_floor":[80,80,80,80,80,80,80,80,80,80,80,80,80,80,80,80,80,80,80,80,83,83,83,83,86,86,86,86,86,89,89,89,89,94,97,100,100,100,100,100,100,100,100,100,100,95,95,95,95,95],"card_choices":[{"not_picked":["True Grit","Perfected Strike"],"picked":"Twin Strike","floor":1},{"not_picked":["Thunderclap","True Grit"],"picked":"Flame Barrier","floor":4},{"not_picked":["Shrug It Off","Battle Trance"],"picked":"ReplayTheSpireMod:Muscle Training","floor":10},{"not_picked":["Massacre","Infernal Blade"],"picked":"ReplayReversal","floor":12},{"not_picked":["Ghostly Armor","Fire Breathing"],"picked":"Twin Strike","floor":14},{"not_picked":["Juggernaut","Hemogenesis"],"picked":"Feed","floor":16},{"not_picked":["Power Through+1","Run Through"],"picked":"Clothesline+1","floor":18},{"not_picked":["Reckless Charge","Replay:Undeath\u0027s Touch"],"picked":"Headbutt","floor":19},{"not_picked":["Sadistic Nature","ReplayTheSpireMod:Necrogeddon"],"picked":"Crow Ritual","floor":20},{"not_picked":["Dramatic Entrance","Survey Options"],"picked":"Replay:Sssssssssstrike","floor":20},{"not_picked":["Jack Of All Trades","Chrysalis"],"picked":"Replay:Sssssssssshield","floor":20},{"not_picked":["Thunderclap","Sever Soul+1"],"picked":"Carnage","floor":21},{"not_picked":["Disarm","Infernal Blade"],"picked":"Metallicize","floor":22},{"not_picked":["Pummel","Battle Trance"],"picked":"Pommel Strike","floor":25},{"not_picked":["Ghostly Armor","Pommel Strike"],"picked":"Sword Boomerang+1","floor":27},{"not_picked":["Iron Wave+1","Inflame"],"picked":"Second Wind+1","floor":28},{"not_picked":["Battle Trance","Pummel"],"picked":"Body Slam","floor":30},{"not_picked":["Fiend Fire","Brutality"],"picked":"Feed","floor":33},{"not_picked":["ReplayTheSpireMod:Strike From Hell+1","Shrug It Off"],"picked":"Clothesline+1","floor":34},{"not_picked":["Cleave","Feel No Pain"],"picked":"Perfected Strike+1","floor":35},{"not_picked":["Replay:Undeath\u0027s Touch+1","Body Slam"],"picked":"Searing Blow+1","floor":36},{"not_picked":["Disarm","Bloodletting+1"],"picked":"ReplayTheSpireMod:Limb From Limb+1","floor":38},{"not_picked":["Body Slam+1","ReplayTheSpireMod:Stacked"],"picked":"Iron Wave+1","floor":41},{"not_picked":["Metallicize+1","ReplayTheSpireMod:Muscle Training+1"],"picked":"ReplayTheSpireMod:Stacked+1","floor":44}],"player_experience":33745,"relics_obtained":[{"floor":9,"key":"Kunai"},{"floor":11,"key":"Replay:Bottled Snecko"},{"floor":26,"key":"Matryoshka"},{"floor":36,"key":"Torii"},{"floor":41,"key":"Potion Belt"},{"floor":43,"key":"Toxic Egg 2"},{"floor":43,"key":"Mercury Hourglass"},{"floor":44,"key":"Bag of Marbles"}],"event_choices":[{"damage_healed":0,"gold_gain":0,"player_choice":"Take Damage","damage_taken":20,"relics_obtained":["Golden Idol"],"max_hp_gain":0,"max_hp_loss":0,"event_name":"Golden Idol","floor":2,"gold_loss":0},{"damage_healed":0,"gold_gain":0,"player_choice":"Ignored","damage_taken":0,"max_hp_gain":0,"max_hp_loss":0,"event_name":"Beggar","floor":24,"gold_loss":0},{"damage_healed":0,"gold_gain":0,"player_choice":"Ignored","damage_taken":0,"max_hp_gain":0,"max_hp_loss":0,"event_name":"Ghosts","floor":29,"gold_loss":0},{"damage_healed":0,"gold_gain":0,"player_choice":"Fight","damage_taken":0,"max_hp_gain":0,"max_hp_loss":0,"event_name":"MindBloom","floor":36,"gold_loss":0},{"damage_healed":0,"gold_gain":0,"player_choice":"Ignored","damage_taken":0,"max_hp_gain":0,"max_hp_loss":0,"event_name":"Mysterious Sphere","floor":37,"gold_loss":0},{"damage_healed":0,"gold_gain":0,"player_choice":"Max HP","damage_taken":0,"max_hp_gain":0,"max_hp_loss":5,"event_name":"Winding Halls","floor":46,"gold_loss":0}],"is_beta":false,"boss_relics":[{"not_picked":["Black Star","Coffee Dripper"],"picked":"Snecko Eye"},{"not_picked":["Ooze Armor","Kintsugi"],"picked":"Tiny House"}],"items_purged_floors":[],"is_endless":false,"potions_floor_spawned":[12,16,18,22,25,27,41,44],"ascension_level":0}}