{"host":"5on5jp4vj4dvuydb","time":1613509078,"event":{"mods":["2.2 Compatiblity","BaseMod","Colored Powertips","Melee Mod","Minty Spire (QoL Compilation)","StSLib","The Animator","The Saiyan","The Wild Card"],"gold_per_floor":[111,124,142,157,167,167,185,215,215],"floor_reached":8,"language":"ENG","playtime":1045,"items_purged":[],"score":87,"play_id":"f00ffdd0-9a18-4988-bae0-d56cbbbbc641","local_time":"20210216155758","is_ascension_mode":false,"campfire_choices":[{"data":"theWildCard:PowerOfTheArcana","floor":6,"key":"SMITH"}],"circlet_count":0,"master_deck":["theWildCard:BasicStrike","theWildCard:BasicStrike","theWildCard:BasicStrike","theWildCard:BasicStrike","theWildCard:BasicDefend","theWildCard:BasicDefend","theWildCard:BasicDefend","theWildCard:BasicDefend","theWildCard:CallToAdventure","theWildCard:Arsene","theWildCard:Metatron","theWildCard:MagicMettle","theWildCard:Michael","theWildCard:PowerOfTheArcana+1","theWildCard:PaleRider","theWildCard:ArcaneArts"],"relics":["theWildCard:VelvetContract","Blood Vial"],"acts_visited":["Exordium"],"potions_floor_usage":[],"damage_taken":[{"damage":7,"enemies":"Small Slimes","floor":1,"turns":3},{"damage":0,"enemies":"2 Louse","floor":2,"turns":1},{"damage":0,"enemies":"Cultist","floor":3,"turns":3},{"damage":1,"enemies":"Exordium Wildlife","floor":4,"turns":3},{"damage":7,"enemies":"Looter","floor":5,"turns":4},{"damage":8,"enemies":"2 Fungi Beasts","floor":7,"turns":3},{"damage":26,"enemies":"Lagavulin","floor":8,"turns":6}],"seed_played":"7710809894494968130","potions_obtained":[{"floor":1,"key":"AttackPotion"},{"floor":2,"key":"Block Potion"},{"floor":4,"key":"Ancient Potion"}],"is_trial":false,"path_per_floor":["M","M","M","M","M","R","M","E"],"character_chosen":"THE_WILD_CARD","items_purchased":[],"campfire_rested":0,"item_purchase_floors":[],"current_hp_per_floor":[59,59,59,58,51,51,43,17,17],"gold":215,"neow_bonus":"TEN_PERCENT_HP_BONUS","is_daily":false,"chose_seed":false,"campfire_upgraded":1,"win_rate":0.0,"timestamp":1613509078,"path_taken":["M","M","M","M","M","R","M","E"],"items_purchased_type":[],"build_version":"2020-12-22","purchased_purges":0,"victory":false,"max_hp_per_floor":[66,66,66,66,66,66,66,66,66],"card_choices":[{"not_picked":["theWildCard:StalwartBlade","theWildCard:MasterPlan"],"picked":"theWildCard:Metatron","floor":1},{"not_picked":["theWildCard:Abstinence","theWildCard:Unburden"],"picked":"theWildCard:MagicMettle","floor":2},{"not_picked":["theWildCard:MagicMettle","theWildCard:StingingStrike"],"picked":"theWildCard:Michael","floor":3},{"not_picked":["theWildCard:Sakuya","theWildCard:EnergizedStroke"],"picked":"theWildCard:PowerOfTheArcana","floor":4},{"not_picked":["theWildCard:EnergyTheft","theWildCard:Attunement"],"picked":"theWildCard:PaleRider","floor":5},{"not_picked":["theWildCard:ManOfManyFaces","theWildCard:Proficiency"],"picked":"theWildCard:ArcaneArts","floor":7}],"player_experience":8501,"relics_obtained":[{"floor":8,"key":"Blood Vial"}],"event_choices":[],"is_beta":false,"boss_relics":[],"items_purged_floors":[],"is_endless":false,"potions_floor_spawned":[1,2,4,5],"killed_by":"Lagavulin","ascension_level":0}}