{"host":"o221npfsfw6z66k1","time":1613452661,"event":{"mods":["BaseMod","Downfall","Googly Eyes","Hermit","Hero for Fun","Jorbs\u0027s Wanderer Trilogy","Minty Spire (QoL Compilation)","Random Character Button","Replay The Spire","Robot Space Explorer","StSLib","The Animator","The Cursed","The Hierophant","The Jungle","The Runesmith","The Servant 0.9.4"],"gold_per_floor":[110,110,129,129,147,147,176,176,228,228,239,27,27,2,2,100,100,115,126,126,126,159,188,188,218,294,306,317,217,217,228,228,333,333,350,572,572,583,583,617,617,651,651,391,410,440,440,456,456,456],"floor_reached":51,"language":"ENG","playtime":5137,"items_purged":["RobotSpaceExplorer:Strike","downfall:Bewildered","Injury"],"score":1071,"play_id":"7f787207-790f-42ee-bf3a-865ea7b04029","local_time":"20210215221741","is_ascension_mode":false,"campfire_choices":[{"data":"RobotSpaceExplorer:StunGrenade","floor":6.0,"key":"SMITH"},{"data":"RobotSpaceExplorer:PowerCollector","floor":10.0,"key":"SMITH"},{"data":"RobotSpaceExplorer:Multitool","floor":13.0,"key":"SMITH"},{"floor":15.0,"key":"REST"},{"data":"RobotSpaceExplorer:MiniBoosters","floor":24,"key":"SMITH"},{"data":"RobotSpaceExplorer:Arsenal","floor":30,"key":"SMITH"},{"floor":32,"key":"REST"},{"data":"RobotSpaceExplorer:MiniLasers","floor":41,"key":"SMITH"},{"data":"RobotSpaceExplorer:MiniDrones","floor":47,"key":"SMITH"},{"data":"RobotSpaceExplorer:FreezeRay","floor":49,"key":"SMITH"}],"circlet_count":0,"master_deck":["RobotSpaceExplorer:Strike+1","RobotSpaceExplorer:Defend","RobotSpaceExplorer:Defend","RobotSpaceExplorer:Defend","RobotSpaceExplorer:Scan+1","RobotSpaceExplorer:MiniLasers+1","RobotSpaceExplorer:StunGrenade+1","RobotSpaceExplorer:PowerCollector+1","RobotSpaceExplorer:SurgingStrike","RobotSpaceExplorer:FreezeRay+1","RobotSpaceExplorer:MiniBoosters+1","RobotSpaceExplorer:Multitool+1","RobotSpaceExplorer:MiniDrones+1","RobotSpaceExplorer:Arsenal+1","RobotSpaceExplorer:FreezeRay","Pot Of Greed","RobotSpaceExplorer:ToxicBomb+1","RobotSpaceExplorer:FreezeRay+1","RobotSpaceExplorer:Autoloader+1","RobotSpaceExplorer:PowerCollector+1","Pot Of Greed","RobotSpaceExplorer:FreezeRay+1","RobotSpaceExplorer:RigExplosive+1","RobotSpaceExplorer:Accelerator+1","RobotSpaceExplorer:StunGrenade+1","RobotSpaceExplorer:GlueSpray+1"],"relics":["RobotSpaceExplorer:RoboCore","Bronze Scales","Orichalcum","Pet Ghost","Cursed Key","sneckomod:BabySnecko","Red Mask","Grinning Jar","Frozen Egg 2","Molten Egg 2","Empty Cage","Oddly Smooth Stone","Turnip","Replay:WaspNest","Pantograph"],"acts_visited":["Exordium","TheCity","TheBeyond"],"potions_floor_usage":[25,33,40,45,46,48,50],"damage_taken":[{"damage":0.0,"enemies":"Jaw Worm","floor":1.0,"turns":5.0},{"damage":10.0,"enemies":"Small Slimes","floor":3.0,"turns":3.0},{"damage":1.0,"enemies":"2 Louse","floor":5.0,"turns":3.0},{"damage":11.0,"enemies":"Gremlin Nob","floor":7.0,"turns":4.0},{"damage":1.0,"enemies":"Lots of Slimes","floor":11.0,"turns":2.0},{"damage":0.0,"enemies":"Fading Forest","floor":16.0,"turns":11.0},{"damage":13,"enemies":"2 Thieves","floor":18,"turns":4},{"damage":0,"enemies":"3 Byrds","floor":19,"turns":4},{"damage":1,"enemies":"Masked Bandits","floor":22,"turns":3},{"damage":0,"enemies":"Replay:Snechameleon","floor":23,"turns":5},{"damage":19,"enemies":"Slavers","floor":25,"turns":4},{"damage":16,"enemies":"Snake Plant","floor":27,"turns":4},{"damage":0,"enemies":"3 Cultists","floor":28,"turns":3},{"damage":2,"enemies":"Cultist and Chosen","floor":31,"turns":4},{"damage":11,"enemies":"Pondfish","floor":33,"turns":8},{"damage":1,"enemies":"Orb Walker","floor":35,"turns":2},{"damage":0,"enemies":"3 Darklings","floor":38,"turns":3},{"damage":0,"enemies":"R_Hoarder","floor":40,"turns":4},{"damage":5,"enemies":"Reptomancer","floor":42,"turns":3},{"damage":10,"enemies":"Maw","floor":45,"turns":4},{"damage":8,"enemies":"R_Hoarder","floor":46,"turns":6},{"damage":1,"enemies":"Writhing Mass","floor":48,"turns":3},{"damage":67,"enemies":"Awakened One","floor":50,"turns":7}],"seed_played":"-6553057418584276365","potions_obtained":[{"floor":1.0,"key":"BlessingOfTheForge"},{"floor":3.0,"key":"sneckomod:MuddlingPotion"},{"floor":16.0,"key":"Block Potion"},{"floor":25,"key":"CultistPotion"},{"floor":27,"key":"ColorlessPotion"},{"floor":42,"key":"DuplicationPotion"},{"floor":48,"key":"Dexterity Potion"}],"is_trial":false,"path_per_floor":["M","?","M","?","M","R","E","?","T","R","M","$","R","$","R","B",null,"M","M","?","?","?","E","R","E","T","M","M","$","R","M","R","B",null,"M","?","?","M","?","E","R","E","T","$","M","E","R","M","R","B",null],"character_chosen":"RobotSpaceExplorer","items_purchased":["RobotSpaceExplorer:Multitool","RobotSpaceExplorer:MiniDrones","RobotSpaceExplorer:Accelerator+1"],"campfire_rested":2,"item_purchase_floors":[12,14,44],"current_hp_per_floor":[82,79,69,53,52,52,41,41,41,41,40,40,40,40,64,74,82,69,69,69,69,68,68,68,49,49,33,33,33,33,31,55,44,82,81,81,81,81,81,81,81,76,76,76,66,58,58,57,57,15],"gold":456,"neow_bonus":"TEN_PERCENT_HP_BONUS","is_daily":false,"chose_seed":false,"campfire_upgraded":8,"win_rate":0.0,"timestamp":1613452661,"path_taken":["M","?","M","?","M","R","E","?","T","R","M","?","R","$","R","BOSS","M","?","?","?","?","E","R","E","T","M","M","$","R","M","R","BOSS","M","?","?","M","?","E","R","E","T","$","?","E","R","M","R","BOSS"],"items_purchased_type":["Card","Card","Card"],"build_version":"2020-12-22","purchased_purges":3,"victory":true,"max_hp_per_floor":[82,82,82,82,82,82,82,82,82,82,82,82,82,82,82,82,82,82,82,82,82,82,82,82,82,82,82,82,82,82,82,82,82,82,82,82,82,82,82,82,82,82,82,82,82,82,82,82,82,82],"card_choices":[{"not_picked":["RobotSpaceExplorer:FrostMissile","RobotSpaceExplorer:ScrapShield"],"picked":"RobotSpaceExplorer:StunGrenade","floor":1.0},{"not_picked":["RobotSpaceExplorer:SurgingShield","RobotSpaceExplorer:ShockKick"],"picked":"RobotSpaceExplorer:PowerCollector","floor":3.0},{"not_picked":["RobotSpaceExplorer:Probe","RobotSpaceExplorer:GlueShot"],"picked":"RobotSpaceExplorer:SurgingStrike","floor":5.0},{"not_picked":["RobotSpaceExplorer:Fix","RobotSpaceExplorer:FranticSearch"],"picked":"RobotSpaceExplorer:FreezeRay","floor":7.0},{"not_picked":["RobotSpaceExplorer:ScrapMissile","RobotSpaceExplorer:MiniDrones"],"picked":"RobotSpaceExplorer:MiniBoosters","floor":11.0},{"not_picked":["RobotSpaceExplorer:Multitool","RobotSpaceExplorer:Explosion"],"picked":"RobotSpaceExplorer:Arsenal","floor":16.0},{"not_picked":["RobotSpaceExplorer:FreezingShield","RobotSpaceExplorer:SwiftStep","RobotSpaceExplorer:Ammunition"],"picked":"SKIP","floor":18},{"not_picked":["RobotSpaceExplorer:Electropulse","RobotSpaceExplorer:MetalStrike"],"picked":"RobotSpaceExplorer:FreezeRay","floor":19},{"not_picked":["RobotSpaceExplorer:ScrapShield","RobotSpaceExplorer:ImprovisedAttack","RobotSpaceExplorer:Smokescreen"],"picked":"SKIP","floor":23},{"not_picked":["RobotSpaceExplorer:ImprovisedAttack","RobotSpaceExplorer:MetalStrike+1"],"picked":"RobotSpaceExplorer:ToxicBomb+1","floor":25},{"not_picked":["RobotSpaceExplorer:Ammunition","RobotSpaceExplorer:GlueShot+1","RobotSpaceExplorer:Smokescreen+1"],"picked":"SKIP","floor":27},{"not_picked":["RobotSpaceExplorer:ChargingLaser+1","RobotSpaceExplorer:DualCore+1"],"picked":"RobotSpaceExplorer:FreezeRay+1","floor":28},{"not_picked":["RobotSpaceExplorer:ShovelStrike+1","RobotSpaceExplorer:Probe+1","RobotSpaceExplorer:SwiftStep+1"],"picked":"SKIP","floor":31},{"not_picked":["RobotSpaceExplorer:Asteroid+1","RobotSpaceExplorer:Explosion+1"],"picked":"RobotSpaceExplorer:Autoloader+1","floor":33},{"not_picked":["RobotSpaceExplorer:ScrapMissile+1","RobotSpaceExplorer:GlueShot"],"picked":"RobotSpaceExplorer:PowerCollector+1","floor":35},{"not_picked":["RobotSpaceExplorer:MetalStrike+1","RobotSpaceExplorer:SlimeMissile+1"],"picked":"RobotSpaceExplorer:FreezeRay+1","floor":38},{"not_picked":["RobotSpaceExplorer:Electroshield","RobotSpaceExplorer:DoubleFind+1","RobotSpaceExplorer:Fix"],"picked":"SKIP","floor":40},{"not_picked":["RobotSpaceExplorer:SwiftStep","RobotSpaceExplorer:GlueSpray"],"picked":"RobotSpaceExplorer:RigExplosive+1","floor":42},{"not_picked":["RobotSpaceExplorer:Counterblock","RobotSpaceExplorer:MakeshiftVolley+1"],"picked":"RobotSpaceExplorer:StunGrenade+1","floor":45},{"not_picked":["RobotSpaceExplorer:SurgingStrike+1","RobotSpaceExplorer:ShockMissile+1","RobotSpaceExplorer:MetalStrike+1"],"picked":"SKIP","floor":46},{"not_picked":["RobotSpaceExplorer:SlimeMissile+1","RobotSpaceExplorer:Ammunition"],"picked":"RobotSpaceExplorer:GlueSpray+1","floor":48}],"player_experience":418370,"relics_obtained":[{"floor":7.0,"key":"Orichalcum"},{"floor":9.0,"key":"Pet Ghost"},{"floor":22,"key":"Red Mask"},{"floor":23,"key":"Grinning Jar"},{"floor":25,"key":"Frozen Egg 2"},{"floor":26,"key":"Molten Egg 2"},{"floor":40,"key":"Oddly Smooth Stone"},{"floor":42,"key":"Turnip"},{"floor":43,"key":"Replay:WaspNest"},{"floor":46,"key":"Pantograph"}],"event_choices":[{"damage_healed":0.0,"max_hp_gain":0.0,"max_hp_loss":0.0,"gold_gain":0.0,"event_name":"Scrap Ooze","player_choice":"Success","floor":2.0,"gold_loss":0.0,"damage_taken":3.0,"relics_obtained":["Bronze Scales"]},{"damage_healed":0.0,"max_hp_gain":0.0,"max_hp_loss":0.0,"gold_gain":0.0,"event_name":"Shining Light","player_choice":"Entered Light","floor":4.0,"gold_loss":0.0,"damage_taken":16.0,"cards_upgraded":["RobotSpaceExplorer:Strike","RobotSpaceExplorer:Scan"]},{"damage_healed":0.0,"max_hp_gain":0.0,"max_hp_loss":0.0,"gold_gain":0.0,"event_name":"Liars Game","player_choice":"Ignored","floor":8.0,"gold_loss":0.0,"damage_taken":0.0},{"damage_healed":0,"gold_gain":0,"player_choice":"Ignored","damage_taken":0,"max_hp_gain":0,"max_hp_loss":0,"event_name":"Vampires","floor":21,"gold_loss":0},{"damage_healed":0,"gold_gain":0,"player_choice":"Fought Bandits","damage_taken":0,"max_hp_gain":0,"max_hp_loss":0,"event_name":"Masked Bandits","floor":22,"gold_loss":0},{"damage_healed":0,"gold_gain":222,"player_choice":"Wore Mask","damage_taken":0,"max_hp_gain":0,"max_hp_loss":0,"event_name":"Tomb of Lord Red Mask","floor":36,"gold_loss":0},{"cards_removed":["Pot Of Greed"],"damage_healed":0,"gold_gain":0,"player_choice":"Removed Skill","damage_taken":0,"max_hp_gain":0,"max_hp_loss":0,"event_name":"Falling","floor":37,"gold_loss":0},{"cards_removed":["RobotSpaceExplorer:Defend"],"damage_healed":0,"gold_gain":0,"player_choice":"Purged","damage_taken":0,"max_hp_gain":0,"max_hp_loss":0,"event_name":"Purifier","floor":39,"gold_loss":0}],"is_beta":false,"boss_relics":[{"not_picked":["Kintsugi","Replay:Drink Me"],"picked":"Cursed Key"},{"not_picked":["Black Star","Replay:Fungal Core"],"picked":"Empty Cage"}],"items_purged_floors":[12,29,44],"is_endless":false,"potions_floor_spawned":[1,3,16,22,25,27,42,48],"ascension_level":0}}