{"host":"zxd2l8an9de7z7b9","time":1613470775,"event":{"mods":["2.2 Compatiblity","AchievementEnabler","BaseMod","CapriCore","Colored Map","Colored Powertips","Minty Spire (QoL Compilation)","Rare Cards Sparkle","StSLib","SuperFastMode"],"gold_per_floor":[119,194,208,208,98,98,108,136,136,136,194,194,25,45,45,143,143,154,154,154,76,95,95,108,108,108,125,145,164,164,114,114,216,216,236,236,236,3,20,20,51,51,51,70,70,70,70,81,81,81,81,81,8,40,40],"floor_reached":56,"language":"KOR","playtime":2569,"items_purged":["Defend_R","Strike_R","Cleave"],"score":1173,"play_id":"77970654-fe0d-4fad-a435-a5203e5984ea","local_time":"20210216191935","is_ascension_mode":false,"campfire_choices":[{"data":"Bash","floor":6.0,"key":"SMITH"},{"data":"Pommel Strike","floor":10.0,"key":"SMITH"},{"data":"Disarm","floor":12.0,"key":"SMITH"},{"floor":15.0,"key":"REST"},{"data":"Body Slam","floor":23.0,"key":"SMITH"},{"data":"Fiend Fire","floor":25.0,"key":"SMITH"},{"data":"Dark Embrace","floor":30.0,"key":"SMITH"},{"data":"Entrench","floor":32.0,"key":"SMITH"},{"data":"Berserk","floor":40.0,"key":"SMITH"},{"floor":45.0,"key":"RECALL"},{"data":"Madness","floor":47.0,"key":"SMITH"},{"data":"Fire Breathing","floor":49.0,"key":"SMITH"},{"data":"Fire Breathing","floor":52.0,"key":"SMITH"}],"circlet_count":0,"master_deck":["Bash+1","Headbutt","Second Wind","Seeing Red","Pommel Strike+1","Disarm+1","Burning Pact","Ghostly Armor","Wild Strike","Fiend Fire+1","Body Slam+1","Fire Breathing+1","Clash+1","Power Through","Dark Embrace+1","Entrench+1","Reckless Charge","Double Tap","Clothesline","Exhume","Thunderclap","Berserk+1","Burning Pact","Fire Breathing+1","True Grit+1","Evolve+1","Madness","Madness+1","Wild Strike+1","Power Through","Metallicize+1"],"relics":["Burning Blood","Question Card","Oddly Smooth Stone","Bag of Marbles","Mark of Pain","White Beast Statue","Pandora\u0027s Box","Pocketwatch","Calipers"],"acts_visited":["Exordium","TheCity","TheBeyond","TheEnding"],"potions_floor_usage":[55,55,55,55,55],"damage_taken":[{"damage":10.0,"enemies":"Small Slimes","floor":1.0,"turns":3.0},{"damage":11.0,"enemies":"Jaw Worm","floor":3.0,"turns":3.0},{"damage":8.0,"enemies":"2 Louse","floor":7.0,"turns":3.0},{"damage":14.0,"enemies":"Gremlin Nob","floor":8.0,"turns":3.0},{"damage":14.0,"enemies":"Gremlin Nob","floor":11.0,"turns":3.0},{"damage":4.0,"enemies":"Red Slaver","floor":14.0,"turns":4.0},{"damage":14.0,"enemies":"The Guardian","floor":16.0,"turns":14.0},{"damage":7.0,"enemies":"3 Byrds","floor":18.0,"turns":7.0},{"damage":8.0,"enemies":"Spheric Guardian","floor":22.0,"turns":4.0},{"damage":13.0,"enemies":"Shelled Parasite and Fungi","floor":24.0,"turns":5.0},{"damage":0.0,"enemies":"3 Cultists","floor":27.0,"turns":4.0},{"damage":14.0,"enemies":"Sentry and Sphere","floor":28.0,"turns":7.0},{"damage":0.0,"enemies":"Snecko","floor":29.0,"turns":4.0},{"damage":100.0,"enemies":"Champ","floor":33.0,"turns":17.0},{"damage":0.0,"enemies":"3 Shapes","floor":35.0,"turns":7.0},{"damage":0.0,"enemies":"3 Darklings","floor":39.0,"turns":5.0},{"damage":29.0,"enemies":"Reptomancer","floor":41.0,"turns":7.0},{"damage":0.0,"enemies":"Sphere and 2 Shapes","floor":44.0,"turns":4.0},{"damage":0.0,"enemies":"Maw","floor":48.0,"turns":5.0},{"damage":59.0,"enemies":"Awakened One","floor":50.0,"turns":8.0},{"damage":56.0,"enemies":"Shield and Spear","floor":54.0,"turns":5.0},{"damage":21,"enemies":"The Heart","floor":55,"turns":8}],"seed_played":"5496017696112552397","potions_obtained":[{"floor":1.0,"key":"PowerPotion"},{"floor":3.0,"key":"DistilledChaos"},{"floor":8.0,"key":"SteroidPotion"},{"floor":11.0,"key":"DistilledChaos"},{"floor":18.0,"key":"SneckoOil"},{"floor":22.0,"key":"HeartOfIron"},{"floor":27.0,"key":"FairyPotion"},{"floor":28.0,"key":"Regen Potion"},{"floor":29.0,"key":"AttackPotion"},{"floor":33.0,"key":"LiquidMemories"},{"floor":35.0,"key":"FearPotion"},{"floor":39.0,"key":"Swift Potion"},{"floor":41.0,"key":"ColorlessPotion"},{"floor":44.0,"key":"CultistPotion"},{"floor":48.0,"key":"BloodPotion"},{"floor":54.0,"key":"EntropicBrew"}],"is_trial":false,"path_per_floor":["M","?","M","?","$","R","M","E","T","R","?","R","$","M","R","B",null,"M","?","$","$","M","R","M","R","T","M","M","M","R","?","R","B",null,"M","$","?","$","M","R","E","?","T","M","R","?","R","M","R","B",null,"R","$","E","B",null],"character_chosen":"IRONCLAD","items_purchased":["Seeing Red","Ghostly Armor","Fire Breathing","Burning Pact","Fire Breathing","Power Through"],"campfire_rested":1,"item_purchase_floors":[5,13,21,38,38,53],"current_hp_per_floor":[76,65,60,53,53,53,51,43,43,43,35,35,35,37,61,53,80,79,64,64,64,62,62,55,55,55,61,53,59,59,59,59,10,85,85,85,85,85,85,85,62,51,51,57,57,57,57,63,63,27,85,85,85,35,20],"gold":40,"neow_bonus":"REMOVE_CARD","is_daily":false,"chose_seed":false,"campfire_upgraded":11,"win_rate":0.0,"timestamp":1613470775,"path_taken":["M","?","M","?","$","R","M","E","T","R","?","R","$","M","R","BOSS","M","?","?","$","M","R","M","R","T","M","M","M","R","?","R","BOSS","M","?","?","$","M","R","E","?","T","?","R","?","R","M","R","BOSS","R","$","E","BOSS"],"items_purchased_type":["Card","Card","Card","Card","Card","Card"],"build_version":"2020-12-22","purchased_purges":3,"victory":true,"max_hp_per_floor":[80,80,80,80,80,80,80,80,80,80,80,80,80,80,80,80,80,80,85,85,85,85,85,85,85,85,85,85,85,85,85,85,85,85,85,85,85,85,85,85,85,85,85,85,85,85,85,85,85,85,85,85,85,85,85],"card_choices":[{"not_picked":["Rage","Bloodletting"],"picked":"Headbutt","floor":1.0},{"not_picked":["Clothesline","Headbutt"],"picked":"Second Wind","floor":3.0},{"not_picked":["True Grit","Combust"],"picked":"Pommel Strike","floor":7.0},{"not_picked":["Clash","Anger"],"picked":"Disarm","floor":8.0},{"not_picked":["Havoc","Rampage","Twin Strike"],"picked":"Burning Pact","floor":11.0},{"not_picked":["Pummel","Shrug It Off","Armaments"],"picked":"Wild Strike","floor":14.0},{"not_picked":["Corruption","Reaper","Barricade"],"picked":"Fiend Fire","floor":16.0},{"not_picked":["Rage","Shrug It Off","Perfected Strike"],"picked":"Body Slam","floor":18.0},{"not_picked":["Thunderclap","Corruption","Anger"],"picked":"Clash+1","floor":22.0},{"not_picked":["Iron Wave+1","Infernal Blade+1","Thunderclap"],"picked":"Power Through","floor":24.0},{"not_picked":["Anger","Dropkick+1","Perfected Strike"],"picked":"Dark Embrace","floor":27.0},{"not_picked":["Iron Wave","Anger","Searing Blow"],"picked":"Entrench","floor":28.0},{"not_picked":["Searing Blow","Flex","Cleave+1"],"picked":"Reckless Charge","floor":29.0},{"not_picked":["Corruption","Bludgeon","Feed"],"picked":"Double Tap","floor":33.0},{"not_picked":["Uppercut","Clash","Ghostly Armor"],"picked":"Entrench+1","floor":35.0},{"not_picked":["Cleave+1","Dual Wield+1","Headbutt"],"picked":"True Grit+1","floor":39.0},{"not_picked":["Pummel","Double Tap","Whirlwind+1"],"picked":"Evolve+1","floor":41.0},{"not_picked":["Armaments","Anger","Perfected Strike+1","Hemokinesis"],"picked":"SKIP","floor":44.0},{"not_picked":["Dual Wield","Second Wind","Iron Wave"],"picked":"Wild Strike+1","floor":48.0},{"not_picked":["Heavy Blade","Double Tap","Pummel"],"picked":"Metallicize+1","floor":54.0}],"player_experience":365956,"relics_obtained":[{"floor":8.0,"key":"Question Card"},{"floor":9.0,"key":"Oddly Smooth Stone"},{"floor":11.0,"key":"Bag of Marbles"},{"floor":26.0,"key":"White Beast Statue"},{"floor":41.0,"key":"Pocketwatch"},{"floor":54.0,"key":"Calipers"}],"event_choices":[{"damage_healed":0.0,"max_hp_gain":0.0,"max_hp_loss":0.0,"gold_gain":75.0,"event_name":"World of Goop","player_choice":"Gather Gold","floor":2.0,"gold_loss":0.0,"damage_taken":11.0},{"cards_removed":["Strike_R"],"damage_healed":0.0,"max_hp_gain":0.0,"max_hp_loss":0.0,"gold_gain":0.0,"event_name":"Golden Wing","player_choice":"Card Removal","floor":4.0,"gold_loss":0.0,"damage_taken":7.0},{"damage_healed":0.0,"max_hp_gain":0.0,"max_hp_loss":0.0,"gold_gain":0.0,"event_name":"Dead Adventurer","player_choice":"Searched \u00271\u0027 times","floor":11.0,"gold_loss":0.0,"damage_taken":0.0},{"damage_healed":0.0,"max_hp_gain":5.0,"max_hp_loss":0.0,"gold_gain":0.0,"event_name":"Forgotten Altar","player_choice":"Shed Blood","floor":19.0,"gold_loss":0.0,"damage_taken":20.0},{"damage_healed":0.0,"max_hp_gain":0.0,"max_hp_loss":0.0,"gold_gain":0.0,"event_name":"The Joust","player_choice":"Bet on Owner","floor":31.0,"gold_loss":50.0,"damage_taken":0.0},{"damage_healed":0.0,"max_hp_gain":0.0,"max_hp_loss":0.0,"gold_gain":0.0,"event_name":"Tomb of Lord Red Mask","player_choice":"Ignored","floor":37.0,"gold_loss":0.0,"damage_taken":0.0},{"damage_healed":0.0,"max_hp_gain":0.0,"max_hp_loss":0.0,"gold_gain":0.0,"event_name":"Winding Halls","player_choice":"Embrace Madness","floor":42.0,"gold_loss":0.0,"damage_taken":11.0,"cards_obtained":["Madness","Madness"]},{"cards_removed":["Entrench"],"damage_healed":0.0,"max_hp_gain":0.0,"max_hp_loss":0.0,"gold_gain":0.0,"event_name":"Falling","player_choice":"Removed Skill","floor":46.0,"gold_loss":0.0,"damage_taken":0.0}],"is_beta":false,"boss_relics":[{"not_picked":["Ectoplasm","Runic Cube"],"picked":"Mark of Pain"},{"not_picked":["SlaversCollar","Velvet Choker"],"picked":"Pandora\u0027s Box"}],"items_purged_floors":[5,13,38],"is_endless":false,"potions_floor_spawned":[1,3,8,11,18,22,27,28,29,33,35,39,41,44,48,54],"ascension_level":0}}