{"host":"6vtgmkkqqeew181q","time":1613451354,"event":{"mods":["BaseMod","BetterRewards","Downfall","Faster Ascension Climbing","Highlight Path","Minty Spire (QoL Compilation)","Prisma Mod","Reliquary","StSLib","The Jungle"],"gold_per_floor":[111,126,126,226,236,236,250,250,250,250,127,127,191,270,270,424,424,434,434,500,159,170,170,252,252,277,277,152,220,237,305,305,456,456,520,587,649,713,413,413,477,558,611,611,680,66,0,0,0,0,0],"floor_reached":50,"language":"ENG","playtime":3394,"items_purged":["downfall:Aged","Doubt","Pain","downfall:Aged","Pain"],"score":544,"play_id":"a5559f2d-9b57-49bf-aead-06016ca06815","local_time":"20210215205554","is_ascension_mode":false,"campfire_choices":[{"data":"PrismaMod:MiyuUncommonDexBuff","floor":6,"key":"SMITH"},{"data":"PrismaMod:MiyuUberAOEAttack","floor":8,"key":"SMITH"},{"data":"PrismaMod:MiyuEvokeBuffStr","floor":12,"key":"SMITH"},{"data":"PrismaMod:MiyuCheapChannelAttack","floor":15,"key":"SMITH"},{"data":"PrismaMod:MiyuChannelAttackEvoke","floor":23,"key":"SMITH"},{"data":"PrismaMod:MiyuUncommonAOEAttack","floor":25,"key":"SMITH"},{"data":"PrismaMod:MiyuCheapPlate","floor":27,"key":"SMITH"},{"data":"PrismaMod:MiyuCheapChannelDefend","floor":32,"key":"SMITH"},{"data":"PrismaMod:MiyuUncommonStrBuff","floor":40,"key":"SMITH"},{"data":"PrismaMod:MiyuCheapDefend2","floor":44,"key":"SMITH"},{"data":"PrismaMod:MiyuCheapDefend1","floor":49,"key":"SMITH"}],"circlet_count":0,"master_deck":["PrismaMod:MiyuCommonDefend","PrismaMod:MiyuCommonDefend","PrismaMod:MiyuCommonDefend","PrismaMod:MiyuCommonDefend","PrismaMod:MiyuCommonDefend","PrismaMod:MiyuCommonAttack","PrismaMod:MiyuCommonAttack","PrismaMod:MiyuCommonAttack","PrismaMod:MiyuCommonAttack","PrismaMod:MiyuCommonAttack","PrismaMod:MiyuCheapChannelAttack+1","PrismaMod:MiyuCheapChannelDefend+1","PrismaMod:MiyuAttackChannelWeak","PrismaMod:MiyuUncommonDexBuff+1","PrismaMod:MiyuUberAOEAttack+1","PrismaMod:MiyuEvokeBuffStr+1","PrismaMod:MiyuCommonAOEAttack","PrismaMod:MiyuUncommonAOEAttack+1","PrismaMod:MiyuChannelAttackEvoke+1","PrismaMod:MiyuUncommonStrBuff+1","PrismaMod:MiyuCheapPlate+1","PrismaMod:MiyuCheapDefend1+1","PrismaMod:MiyuUncommonPlate+1","PrismaMod:MiyuBride","PrismaMod:MiyuCheapDefend2+1","PrismaMod:MiyuUberAttack","PrismaMod:MiyuEvokeCheapAttack+1","PrismaMod:MiyuCarnivalAttack+1","Parasite"],"relics":["PrismaMod:PrismaSapphireUpgrade","downfall:ExtraCursedKey","Mango","StrikeDummy","Coffee Dripper","reliquary:IridiumChain","reliquary:JackalopeAntler","reliquary:SilkGlove","Strawberry","Potion Belt","Oddly Smooth Stone","champ:DeflectingBracers","Red Mask"],"acts_visited":["Exordium","TheCity","TheBeyond"],"potions_floor_usage":[14,24,24,33,42,50,50,50,50,50],"damage_taken":[{"damage":0,"enemies":"2 Louse","floor":1,"turns":3},{"damage":2,"enemies":"Small Slimes","floor":2,"turns":4},{"damage":0,"enemies":"Cultist","floor":5,"turns":4},{"damage":15,"enemies":"Exordium Wildlife","floor":7,"turns":4},{"damage":5,"enemies":"Gremlin Gang","floor":13,"turns":6},{"damage":19,"enemies":"3 Sentries","floor":14,"turns":5},{"damage":10,"enemies":"The Guardian","floor":16,"turns":10},{"damage":0,"enemies":"Spheric Guardian","floor":18,"turns":3},{"damage":18,"enemies":"Shell Parasite","floor":20,"turns":5},{"damage":12,"enemies":"Snake Plant","floor":22,"turns":4},{"damage":26,"enemies":"Slavers","floor":24,"turns":4},{"damage":20,"enemies":"Centurion and Healer","floor":29,"turns":5},{"damage":0,"enemies":"3 Cultists","floor":30,"turns":4},{"damage":9,"enemies":"Snake Plant","floor":31,"turns":3},{"damage":6,"enemies":"Collector","floor":33,"turns":11},{"damage":5,"enemies":"3 Darklings","floor":35,"turns":4},{"damage":0,"enemies":"Orb Walker","floor":36,"turns":5},{"damage":5,"enemies":"4 Shapes","floor":37,"turns":5},{"damage":13,"enemies":"Transient","floor":38,"turns":5},{"damage":14,"enemies":"Spire Growth","floor":41,"turns":4},{"damage":9,"enemies":"Giant Head","floor":42,"turns":8},{"damage":35,"enemies":"Writhing Mass","floor":45,"turns":7},{"damage":40,"enemies":"Awakened One","floor":50,"turns":3}],"seed_played":"-4156886563409773752","potions_obtained":[{"floor":1,"key":"CultistPotion"},{"floor":2,"key":"AttackPotion"},{"floor":10,"key":"Dexterity Potion"},{"floor":14,"key":"Fire Potion"},{"floor":30,"key":"FairyPotion"},{"floor":36,"key":"sneckomod:MuddlingPotion"},{"floor":37,"key":"Slimebound:ThreeZeroPotion"},{"floor":42,"key":"BlessingOfTheForge"},{"floor":45,"key":"champ:CounterPotion"}],"is_trial":false,"path_per_floor":["M","M","?","?","M","R","M","R","T","?","$","R","M","E","R","B",null,"M","?","M","$","M","R","E","R","T","R","$","M","M","M","R","B",null,"M","M","M","M","$","R","M","E","T","R","M","$","?","?","R","B"],"character_chosen":"MIYU","items_purchased":["PrismaMod:MiyuEvokeBuffStr","reliquary:IridiumChain","Strawberry","champ:DeflectingBracers","PowerPotion","LiquidMemories"],"campfire_rested":0,"item_purchase_floors":[11,21,39,46,46,46],"current_hp_per_floor":[82,80,80,80,80,80,65,65,79,79,79,79,74,55,55,45,96,96,90,72,72,60,60,34,34,34,34,34,14,14,5,5,28,96,91,91,86,77,84,84,74,69,69,69,38,38,38,38,38,0,0],"gold":0,"neow_bonus":"TEN_PERCENT_HP_BONUS","is_daily":false,"chose_seed":false,"campfire_upgraded":11,"win_rate":0.0,"timestamp":1613451354,"path_taken":["M","M","?","?","?","R","M","R","T","?","$","R","?","E","R","BOSS","M","?","M","$","M","R","E","R","T","R","$","?","M","M","R","BOSS","M","M","M","M","$","R","M","E","T","R","M","$","?","?","R","BOSS"],"items_purchased_type":["Card","Relic","Relic","Relic","Potion","Potion"],"build_version":"2020-12-22","purchased_purges":5,"victory":false,"max_hp_per_floor":[82,82,82,82,82,82,82,82,96,96,96,96,96,96,96,96,96,96,96,96,96,96,96,96,96,96,96,96,96,96,96,96,96,96,96,96,96,96,103,103,103,103,103,103,103,103,103,103,103,103,103],"card_choices":[{"not_picked":["PrismaMod:MiyuCheapAttack1","PrismaMod:MiyuDefenseExplosion"],"picked":"PrismaMod:MiyuEvokeCheapDefend","floor":1},{"not_picked":["PrismaMod:MiyuChristmas","PrismaMod:MiyuOrbIncreasePerm"],"picked":"PrismaMod:MiyuAttackChannelWeak","floor":2},{"not_picked":["PrismaMod:MiyuCheapPlate","PrismaMod:MiyuDefenseExplosion"],"picked":"PrismaMod:MiyuUncommonDexBuff","floor":5},{"not_picked":["PrismaMod:MiyuEvokeCheapAttack","PrismaMod:MiyuChristmas"],"picked":"PrismaMod:MiyuUberAOEAttack","floor":7},{"not_picked":["PrismaMod:MiyuCheapAttack2","PrismaMod:MiyuCheapEvoke"],"picked":"PrismaMod:MiyuCommonAOEAttack","floor":13},{"not_picked":["PrismaMod:MiyuAttackChannelAttack","PrismaMod:MiyuCheapChannelVul"],"picked":"PrismaMod:MiyuUncommonAOEAttack","floor":14},{"not_picked":["PrismaMod:MiyuEvokeAllAttack","PrismaMod:MiyuDefendChannelDefend"],"picked":"PrismaMod:MiyuChannelAttackEvoke","floor":16},{"not_picked":["PrismaMod:MiyuEvokeCheapAttack","PrismaMod:MiyuEvokeCheapDefend"],"picked":"PrismaMod:MiyuUncommonStrBuff","floor":18},{"not_picked":["PrismaMod:MiyuUncommonAttack+1","PrismaMod:MiyuCheapEvoke"],"picked":"PrismaMod:MiyuCheapPlate","floor":20},{"not_picked":["PrismaMod:MiyuUberAOEAttack","PrismaMod:MiyuDefenseExplosion"],"picked":"PrismaMod:MiyuCheapDefend1","floor":22},{"not_picked":["PrismaMod:MiyuUncommonStrBuff","PrismaMod:MiyuCheapChannelWeak"],"picked":"PrismaMod:MiyuUncommonPlate+1","floor":24},{"not_picked":["PrismaMod:MiyuCheapDefend1","PrismaMod:MiyuCheapEvoke+1","PrismaMod:MiyuAttackChannelVul"],"picked":"SKIP","floor":29},{"not_picked":["PrismaMod:MiyuCheapEvoke+1","PrismaMod:MiyuCheapDexBuff+1"],"picked":"PrismaMod:MiyuBride","floor":30},{"not_picked":["PrismaMod:MiyuUncommonPlate","PrismaMod:MiyuCheapEvoke+1","PrismaMod:MiyuDefenseExplosion+1"],"picked":"SKIP","floor":31},{"not_picked":["PrismaMod:MiyuChannelDefendEvoke","PrismaMod:MiyuDefenseAbsorbMinor"],"picked":"PrismaMod:MiyuCheapDefend2","floor":33},{"not_picked":["PrismaMod:MiyuCheapEvoke","PrismaMod:MiyuCheapAttack1"],"picked":"PrismaMod:MiyuUberAttack","floor":35},{"not_picked":["PrismaMod:MiyuDevil+1","PrismaMod:MiyuCheapChannelDefend+1","PrismaMod:MiyuCheapAttack1+1"],"picked":"SKIP","floor":36},{"not_picked":["PrismaMod:MiyuCheapAttack1","PrismaMod:MiyuCheapChannelHeal+1","PrismaMod:MiyuAttackChannelWeak+1"],"picked":"SKIP","floor":37},{"not_picked":["PrismaMod:MiyuChristmas","PrismaMod:MiyuUncommonAOEAttack+1"],"picked":"PrismaMod:MiyuEvokeCheapAttack+1","floor":38},{"not_picked":["PrismaMod:MiyuDefenseExplosion","PrismaMod:MiyuCheapChannelAttack+1"],"picked":"PrismaMod:MiyuCarnivalAttack+1","floor":41},{"not_picked":["PrismaMod:MiyuDefendChannelDefend","PrismaMod:MiyuUncommonAttack","PrismaMod:MiyuCheapEvoke"],"picked":"SKIP","floor":42},{"not_picked":["PrismaMod:MiyuCheapChannelWeak","PrismaMod:MiyuEvokeBuffDex","PrismaMod:MiyuChristmas"],"picked":"SKIP","floor":45}],"player_experience":645363,"relics_obtained":[{"floor":9,"key":"Mango"},{"floor":14,"key":"StrikeDummy"},{"floor":24,"key":"reliquary:JackalopeAntler"},{"floor":26,"key":"reliquary:SilkGlove"},{"floor":42,"key":"Potion Belt"},{"floor":43,"key":"Oddly Smooth Stone"}],"event_choices":[{"damage_healed":0,"gold_gain":100,"player_choice":"Pray","damage_taken":0,"max_hp_gain":0,"max_hp_loss":0,"event_name":"Golden Shrine","floor":4,"gold_loss":0},{"damage_healed":0,"gold_gain":0,"player_choice":"Got Potions","damage_taken":0,"max_hp_gain":0,"max_hp_loss":0,"event_name":"Lab","floor":10,"gold_loss":0},{"damage_healed":0,"gold_gain":0,"player_choice":"","damage_taken":6,"max_hp_gain":0,"max_hp_loss":0,"event_name":"Knowing Skull","floor":19,"potions_obtained":[],"gold_loss":0,"cards_obtained":[]},{"damage_healed":0,"gold_gain":0,"player_choice":"Paid","damage_taken":0,"relics_obtained":["Red Mask"],"max_hp_gain":0,"max_hp_loss":0,"event_name":"Tomb of Lord Red Mask","floor":47,"gold_loss":66},{"cards_removed":["PrismaMod:MiyuEvokeCheapDefend"],"damage_healed":0,"gold_gain":0,"player_choice":"Removed Skill","damage_taken":0,"max_hp_gain":0,"max_hp_loss":0,"event_name":"Falling","floor":48,"gold_loss":0}],"is_beta":false,"boss_relics":[{"not_picked":["Fusion Hammer","reliquary:RedCape"],"picked":"Coffee Dripper"},{"not_picked":["reliquary:Ember","Sozu"],"picked":"PrismaMod:PrismaSapphireUpgrade"}],"items_purged_floors":[11,21,28,39,46],"is_endless":false,"potions_floor_spawned":[1,2,14,16,20,22,30,36,37,42,45],"killed_by":"Awakened One","ascension_level":0}}