{"host":"jjunaul04msmo6r1","time":1613455597,"event":{"mods":["BaseMod","Better Third Choice","Booster Modes","Colored Map","Downfall","Minty Spire (QoL Compilation)","Relic Stats","StSLib","UnlockEverythingMod","everything is the same but u backflip on backflip"],"gold_per_floor":[99,117,137,153,153,188,188,188,218,218,250,262,280,312,332,431,431,431,449,449,549,162,227,227,239,259,289,128,170,180,204,227,331,331,331,343,402,452,502,587,612,358,385,435,135,147,168,208,224,224,224,259,0,0,0,0],"floor_reached":57,"language":"ENG","playtime":8135,"items_purged":["Slimebound:Defend_Slimebound","Slimebound:Strike_Slimebound","Slimebound:Defend_Slimebound"],"score":1421,"play_id":"292acc3a-2c93-4c0c-a55a-7ef732a673d3","local_time":"20210215230637","is_ascension_mode":true,"campfire_choices":[{"data":"Slimebound:DouseInSlime","floor":1,"key":"SMITH"},{"data":"Slimebound:Split","floor":8,"key":"SMITH"},{"data":"Slimebound:Equalize","floor":10,"key":"SMITH"},{"data":"Slimebound:MegaLick","floor":18,"key":"SMITH"},{"floor":35,"key":"RECALL"},{"data":"Apotheosis","floor":45,"key":"SMITH"},{"data":"Slimebound:DuplicatedForm","floor":54,"key":"SMITH"}],"circlet_count":0,"master_deck":["Slimebound:Tackle","Slimebound:Split+1","Slimebound:CorrosiveSpit","Slimebound:DouseInSlime+1","Slimebound:LeechingTouch","Slimebound:GoopTackle","Slimebound:LeechingTouch","Slimebound:Equalize+1","Slimebound:SplitLeeching+1","Slimebound:ComboTackle","Slimebound:Recycling","Slimebound:MegaLick+1","Slimebound:MassFeed","Slimebound:ComboTackle","Slimebound:LivingWall","Slimebound:LeechEnergy","Slimebound:SplitMire","Slimebound:LeadByExample","Slimebound:Recycling","expansioncontent:PolyBeam","Apotheosis+1","Slimebound:RollThrough","Slimebound:SamplingLick+1","Slimebound:SpikyOuterGoop+1","Slimebound:SplitSpecialist+1","Slimebound:DuplicatedForm","Slimebound:DuplicatedForm+1"],"relics":["Slimebound:AbsorbEndCombat","Incense Burner","TungstenRod","bronze:DecasWashers","Regal Pillow","Gremlin Horn","Slimebound:TarBlob","downfall:CloakOfManyFaces","CultistMask","FaceOfCleric","NlothsMask","GremlinMask","SsserpentHead","PreservedInsect","War Paint","Kunai","Lantern","CeramicFish","SlaversCollar","Bottled Lightning","downfall:HeartBlessingRed","downfall:HeartBlessingBlue","downfall:HeartBlessingGreen","Omamori","Slimebound:PotencyRelic"],"acts_visited":["Exordium","TheCity","TheBeyond","TheEnding"],"potions_floor_usage":[55,55,56],"damage_taken":[{"damage":6,"enemies":"Jaw Worm","floor":2,"turns":3},{"damage":0,"enemies":"2 Louse","floor":3,"turns":3},{"damage":18,"enemies":"Small Slimes","floor":4,"turns":4},{"damage":18,"enemies":"Lagavulin","floor":6,"turns":6},{"damage":27,"enemies":"3 Sentries","floor":11,"turns":5},{"damage":0,"enemies":"Blue Slaver","floor":12,"turns":3},{"damage":4,"enemies":"Red Slaver","floor":13,"turns":5},{"damage":1,"enemies":"Gremlin Nob","floor":14,"turns":4},{"damage":2,"enemies":"Large Slime","floor":15,"turns":3},{"damage":17,"enemies":"DF_ARCHETYPE_STREAMLINE","floor":16,"turns":7},{"damage":18,"enemies":"Chosen","floor":19,"turns":7},{"damage":7,"enemies":"downfall:FaceTrader","floor":21,"turns":10},{"damage":10,"enemies":"downfall:FleeingMerchant","floor":22,"turns":4},{"damage":1,"enemies":"Shelled Parasite and Fungi","floor":23,"turns":5},{"damage":9,"enemies":"Snake Plant","floor":25,"turns":4},{"damage":10,"enemies":"Chosen and Byrds","floor":26,"turns":5},{"damage":6,"enemies":"Book of Stabbing","floor":27,"turns":6},{"damage":12,"enemies":"downfall:FleeingMerchant","floor":28,"turns":4},{"damage":5,"enemies":"Gremlin Leader","floor":29,"turns":3},{"damage":21,"enemies":"Shelled Parasite and Fungi","floor":30,"turns":5},{"damage":0,"enemies":"Centurion and Healer","floor":31,"turns":6},{"damage":7,"enemies":"Snecko","floor":32,"turns":4},{"damage":10,"enemies":"IC_MUSHROOM_ARCHETYPE","floor":33,"turns":5},{"damage":24,"enemies":"3 Darklings","floor":36,"turns":6},{"damage":0,"enemies":"downfall:FleeingMerchant","floor":40,"turns":3},{"damage":8,"enemies":"3 Shapes","floor":43,"turns":2},{"damage":5,"enemies":"3 Darklings","floor":46,"turns":3},{"damage":10,"enemies":"Transient","floor":47,"turns":5},{"damage":2,"enemies":"Giant Head","floor":48,"turns":5},{"damage":12,"enemies":"Sphere and 2 Shapes","floor":49,"turns":5},{"damage":0,"enemies":"WA_ARCHETYPE_DIVINITY","floor":50,"turns":9},{"damage":2,"enemies":"downfall:CharBossMerchant","floor":52,"turns":6},{"damage":74,"enemies":"downfall:NeowBoss","floor":55,"turns":9},{"damage":42,"enemies":"downfall:NeowBossFinal","floor":56,"turns":9}],"seed_played":"-3255014650081071690","potions_obtained":[{"floor":2,"key":"DuplicationPotion"},{"floor":4,"key":"PowerPotion"},{"floor":12,"key":"SkillPotion"},{"floor":52,"key":"Slimebound:SpawnSlimePotion"}],"is_trial":false,"path_per_floor":["R","M","M","M","?","E","T","R","?","R","E","M","M","E","M","B",null,"R","M","?","?","$","M","T","M","M","E","$","E","M","M","M","B",null,"R","M","?","?","?","?","T","$","M","?","R","M","M","E","M","B",null,"E","$","R","B","B",null],"character_chosen":"SLIMEBOUND","items_purchased":["PreservedInsect","War Paint","Lantern","Apotheosis","Slimebound:RollThrough","Bottled Lightning","Slimebound:DuplicatedForm"],"campfire_rested":0,"item_purchase_floors":[22,22,28,40,40,42,53],"current_hp_per_floor":[65,63,65,51,51,39,39,39,39,39,26,44,50,55,63,54,65,65,52,52,64,72,76,76,70,75,81,86,85,79,91,90,94,94,94,92,92,92,92,99,99,99,110,110,120,122,120,133,134,139,139,142,142,142,140,137],"gold":0,"neow_bonus":"TRANSFORM_CARD","is_daily":false,"chose_seed":false,"campfire_upgraded":6,"win_rate":0.0,"timestamp":1613455597,"path_taken":["R","M","M","M","?","E","T","R","?","R","E","M","M","E","M","BOSS","R","M","?","?","$","?","T","M","M","E","$","E","M","M","M","BOSS","R","M","?","?","?","?","T","$","M","?","R","M","M","E","M","BOSS","E","$","R","BOSS","BOSS"],"items_purchased_type":["Relic","Relic","Relic","Card","Card","Relic","Card"],"build_version":"2020-12-22","purchased_purges":3,"victory":true,"max_hp_per_floor":[65,65,65,65,65,65,65,65,65,65,65,65,65,65,65,65,65,65,68,68,71,72,76,76,77,84,85,86,87,88,92,93,94,94,94,98,98,98,98,99,99,99,112,112,122,127,128,133,134,139,139,144,144,144,145,146],"relic_stats":{"SsserpentHead":300,"Regal Pillow":0,"Gremlin Horn":[13,13],"FaceOfCleric":22,"counters":[34,172],"CeramicFish":108,"PreservedInsect":310,"Kunai":[29],"War Paint":["Slimebound:SplitLeeching","Slimebound:Defend_Slimebound"],"obtain_stats":[{"Regal Pillow":11,"Lantern":28,"Gremlin Horn":14,"CeramicFish":29,"GremlinMask":21,"downfall:HeartBlessingGreen":45,"Incense Burner":6,"SsserpentHead":21,"FaceOfCleric":21,"downfall:HeartBlessingBlue":45,"downfall:CloakOfManyFaces":21,"Kunai":27,"downfall:HeartBlessingRed":45,"bronze:DecasWashers":9,"PreservedInsect":22,"Omamori":48,"War Paint":22,"Slimebound:TarBlob":17,"Slimebound:PotencyRelic":52,"SlaversCollar":34,"CultistMask":21,"Slimebound:AbsorbEndCombat":0,"Bottled Lightning":42,"TungstenRod":7,"NlothsMask":21},{"Regal Pillow":5,"Lantern":18,"Gremlin Horn":8,"CeramicFish":19,"GremlinMask":12,"downfall:HeartBlessingGreen":26,"Incense Burner":4,"SsserpentHead":12,"FaceOfCleric":12,"downfall:HeartBlessingBlue":26,"downfall:CloakOfManyFaces":12,"Kunai":17,"downfall:HeartBlessingRed":26,"bronze:DecasWashers":4,"PreservedInsect":13,"Omamori":29,"War Paint":13,"Slimebound:TarBlob":10,"Slimebound:PotencyRelic":32,"SlaversCollar":23,"CultistMask":12,"Slimebound:AbsorbEndCombat":0,"Bottled Lightning":25,"TungstenRod":4,"NlothsMask":12},{"Regal Pillow":21,"Lantern":87,"Gremlin Horn":33,"CeramicFish":90,"GremlinMask":59,"downfall:HeartBlessingGreen":121,"Incense Burner":16,"SsserpentHead":59,"FaceOfCleric":59,"downfall:HeartBlessingBlue":121,"downfall:CloakOfManyFaces":59,"Kunai":83,"downfall:HeartBlessingRed":121,"bronze:DecasWashers":16,"PreservedInsect":63,"Omamori":134,"War Paint":63,"Slimebound:TarBlob":42,"Slimebound:PotencyRelic":154,"SlaversCollar":110,"CultistMask":59,"Slimebound:AbsorbEndCombat":0,"Bottled Lightning":119,"TungstenRod":16,"NlothsMask":59}],"TungstenRod":106},"card_choices":[{"not_picked":["Slimebound:Repurpose","Slimebound:FinishingTackle"],"picked":"Slimebound:LeechingTouch","floor":2},{"not_picked":["Slimebound:SlimeBrawl","Slimebound:Chomp"],"picked":"Slimebound:GoopTackle","floor":3},{"not_picked":["Slimebound:GoopTackle","Slimebound:DisruptingSlam"],"picked":"Slimebound:LeechingTouch","floor":4},{"not_picked":["Slimebound:FirmFortitude","Slimebound:PressTheAttack"],"picked":"Slimebound:Equalize","floor":6},{"not_picked":["Slimebound:ServeAndProtect","Slimebound:SplitBruiser"],"picked":"Slimebound:SplitLeeching","floor":11},{"not_picked":["Slimebound:SamplingLick","Slimebound:ItLooksTasty"],"picked":"Slimebound:ComboTackle","floor":12},{"not_picked":["Slimebound:SlimeTap","Slimebound:GoopTackle"],"picked":"Slimebound:Recycling","floor":13},{"not_picked":["Slimebound:SamplingLick","Slimebound:SplitMire"],"picked":"Slimebound:MegaLick","floor":14},{"not_picked":["Slimebound:Prepare","Slimebound:SlimeBarrage","Slimebound:Grow"],"picked":"SKIP","floor":15},{"not_picked":["Slimebound:OozeBath","Slimebound:SelfFormingGoo"],"picked":"Slimebound:MassFeed","floor":16},{"not_picked":["Slimebound:HauntingLick","Slimebound:GoopTackle","Slimebound:ItLooksTasty+1"],"picked":"SKIP","floor":19},{"not_picked":["Slimebound:SplitAcid","Slimebound:LivingWall"],"picked":"Slimebound:ComboTackle","floor":22},{"not_picked":["Slimebound:RejuvenatingLick","Slimebound:GoopTackle"],"picked":"Slimebound:LivingWall","floor":23},{"not_picked":["Slimebound:RejuvenatingLick","Slimebound:SplitBruiser","Slimebound:SamplingLick"],"picked":"SKIP","floor":25},{"not_picked":["Slimebound:TagTeam","Slimebound:SamplingLick+1","Slimebound:SlimeSpikes"],"picked":"SKIP","floor":26},{"not_picked":["Slimebound:SplitBruiser","Slimebound:Grow","Slimebound:LeechLife"],"picked":"SKIP","floor":27},{"not_picked":["Slimebound:SplitSpecialist","Slimebound:BestDefense","Slimebound:GoopTackle+1"],"picked":"SKIP","floor":28},{"not_picked":["Slimebound:SplitAcid","Slimebound:SlimeSpikes"],"picked":"Slimebound:LeechEnergy","floor":29},{"not_picked":["Slimebound:LeechEnergy","Slimebound:Schlurp","Slimebound:PressTheAttack"],"picked":"SKIP","floor":30},{"not_picked":["Slimebound:SlimeSpikes","Slimebound:Chomp"],"picked":"Slimebound:SplitMire","floor":31},{"not_picked":["Slimebound:LeechingTouch","Slimebound:DisruptingSlam"],"picked":"Slimebound:LeadByExample","floor":32},{"not_picked":["Slimebound:SelfFormingGoo","Slimebound:MinionMaster"],"picked":"Slimebound:Recycling","floor":33},{"not_picked":["Slimebound:SplitBruiser","Slimebound:Nibble+1","Slimebound:FinishingTackle+1"],"picked":"SKIP","floor":36},{"not_picked":["expansioncontent:GuardianWhirl","expansioncontent:InvincibleStrength"],"picked":"expansioncontent:PolyBeam","floor":37},{"not_picked":["Slimebound:RejuvenatingLick","Slimebound:Dissolve","Slimebound:SlimeBrawl"],"picked":"SKIP","floor":40},{"not_picked":["Slimebound:LivingWall+1","Slimebound:SplitLeeching"],"picked":"Slimebound:SamplingLick+1","floor":43},{"not_picked":["Slimebound:SamplingLick","Slimebound:Prepare","Slimebound:GrowthPunch"],"picked":"SKIP","floor":46},{"not_picked":["Slimebound:FinishingTackle+1","Slimebound:SplitAcid"],"picked":"Slimebound:SpikyOuterGoop+1","floor":47},{"not_picked":["Slimebound:HungryTackle","Slimebound:DivideAndConquer"],"picked":"Slimebound:SplitSpecialist+1","floor":48},{"not_picked":["Slimebound:ItLooksTasty+1","Slimebound:FinishingTackle","Slimebound:Gluttony"],"picked":"SKIP","floor":49},{"not_picked":["Slimebound:GoopTackle+1","Slimebound:Recollect"],"picked":"Slimebound:DuplicatedForm","floor":52}],"player_experience":566603,"relics_obtained":[{"floor":6,"key":"Incense Burner"},{"floor":7,"key":"TungstenRod"},{"floor":11,"key":"Regal Pillow"},{"floor":14,"key":"Gremlin Horn"},{"floor":21,"key":"downfall:CloakOfManyFaces"},{"floor":27,"key":"Kunai"},{"floor":29,"key":"CeramicFish"},{"floor":48,"key":"Omamori"},{"floor":52,"key":"Slimebound:PotencyRelic"}],"event_choices":[{"cards_removed":["Slimebound:Defend_Slimebound"],"damage_healed":0,"gold_gain":0,"player_choice":"Card Removal","damage_taken":0,"max_hp_gain":0,"max_hp_loss":0,"event_name":"The Cleric","floor":5,"gold_loss":0},{"cards_removed":["Slimebound:Defend_Slimebound"],"damage_healed":0,"gold_gain":0,"player_choice":"Removed Skill","damage_taken":0,"max_hp_gain":0,"max_hp_loss":0,"event_name":"Falling","floor":38,"gold_loss":0},{"damage_healed":0,"gold_gain":0,"player_choice":"Got Potions","damage_taken":0,"max_hp_gain":0,"max_hp_loss":0,"event_name":"Lab","floor":44,"gold_loss":0}],"is_beta":false,"boss_relics":[{"not_picked":["Slimebound:AbsorbEndCombatUpgraded","Fusion Hammer"],"picked":"Slimebound:TarBlob"},{"not_picked":["bronze:MakeshiftBattery","SacredBark"],"picked":"SlaversCollar"}],"items_purged_floors":[22,40,53],"is_endless":false,"potions_floor_spawned":[2,4,12,13,15,16,19,23,26,27,29,31,32,33,43,46,49,52],"ascension_level":1}}