{"host":"0285y92tozoijo7k","time":1613482178,"event":{"mods":["AchievementEnabler","Act Like it!","BaseMod","Colored Map","DeckTracker","Keyboard Shortcuts","Minty Spire (QoL Compilation)","Permanent Neow","StSLib","SuperFastMode"],"gold_per_floor":[115,135,135,135,152,152,184,134,134,134,159,159,175,100,100,177,177,194,194,25,25,125,157,157,188,188,33,33,48,48,58,58,134,134,147,162,187,28,0,0,0,11,57,82,82,19,19,38,38,38,38,38,38,38,38],"floor_reached":54,"language":"KOR","playtime":1625,"items_purged":["Defend_B","Defend_B","Stack"],"score":1184,"play_id":"604390e8-0d5f-4545-a750-a1f0fa535b0a","local_time":"20210216222938","is_ascension_mode":true,"campfire_choices":[{"data":"Zap","floor":6,"key":"SMITH"},{"floor":10,"key":"REST"},{"data":"Coolheaded","floor":15,"key":"SMITH"},{"floor":24,"key":"REST"},{"data":"Loop","floor":28,"key":"SMITH"},{"data":"Aggregate","floor":30,"key":"SMITH"},{"floor":32,"key":"REST"},{"data":"Recycle","floor":40,"key":"SMITH"},{"data":"Glacier","floor":47,"key":"SMITH"},{"floor":49,"key":"RECALL"},{"data":"Glacier","floor":52,"key":"SMITH"}],"circlet_count":0,"master_deck":["AscendersBane","Zap+1","Dualcast","Ball Lightning+1","Cold Snap","Coolheaded+1","Go for the Eyes","Aggregate+1","Consume+1","Hologram+1","Storm+1","Glacier+1","Loop+1","Electrodynamics","Reboot","Compile Driver","Recycle+1","Defragment+1","Glacier+1"],"relics":["Inserter","Nunchaku","HornCleat","Regal Pillow","Oddly Smooth Stone","Astrolabe","MealTicket","Pear","StrikeDummy","Membership Card","Sozu","Ginger","Frozen Egg 2","Red Mask","Akabeko","Singing Bowl"],"acts_visited":["Exordium","TheCity","TheBeyond","TheEnding"],"potions_floor_usage":[11,11,25,33],"damage_taken":[{"damage":0,"enemies":"Small Slimes","floor":1,"turns":4},{"damage":3,"enemies":"Jaw Worm","floor":2,"turns":4},{"damage":1,"enemies":"Cultist","floor":5,"turns":3},{"damage":18,"enemies":"Gremlin Nob","floor":7,"turns":4},{"damage":1,"enemies":"3 Sentries","floor":11,"turns":6},{"damage":10,"enemies":"Lots of Slimes","floor":13,"turns":4},{"damage":7,"enemies":"Hexaghost","floor":16,"turns":10},{"damage":4,"enemies":"Shell Parasite","floor":18,"turns":4},{"damage":63,"enemies":"Gremlin Leader","floor":23,"turns":7},{"damage":34,"enemies":"Slavers","floor":25,"turns":3},{"damage":0,"enemies":"Spheric Guardian","floor":29,"turns":3},{"damage":17,"enemies":"Cultist and Chosen","floor":31,"turns":5},{"damage":56,"enemies":"Automaton","floor":33,"turns":7},{"damage":19,"enemies":"Orb Walker","floor":35,"turns":4},{"damage":0,"enemies":"3 Shapes","floor":36,"turns":2},{"damage":0,"enemies":"Mind Bloom Boss Battle","floor":37,"turns":6},{"damage":36,"enemies":"Writhing Mass","floor":42,"turns":6},{"damage":30,"enemies":"Reptomancer","floor":44,"turns":5},{"damage":7,"enemies":"Transient","floor":48,"turns":5},{"damage":10,"enemies":"Time Eater","floor":50,"turns":14},{"damage":81,"enemies":"Shield and Spear","floor":54,"turns":9}],"seed_played":"-715611790635505530","potions_obtained":[{"floor":2,"key":"Fire Potion"},{"floor":7,"key":"Fire Potion"},{"floor":23,"key":"EntropicBrew"},{"floor":25,"key":"PowerPotion"},{"floor":33,"key":"BlessingOfTheForge"}],"is_trial":false,"path_per_floor":["M","M","?","?","M","R","E","?","T","R","E","?","M","$","R","B",null,"M","?","$","?","?","E","R","E","T","$","R","M","R","M","R","B",null,"M","M","?","$","?","R","?","M","T","E","?","$","R","M","R","B",null,"R","$","E"],"character_chosen":"DEFECT","items_purchased":["Loop","Membership Card","Frozen Egg 2","Defragment+1"],"campfire_rested":3,"item_purchase_floors":[20,27,38,38],"current_hp_per_floor":[64,61,47,47,46,46,28,28,28,49,48,45,35,35,35,28,60,56,56,71,71,71,18,57,23,23,38,38,38,38,21,60,4,62,43,43,43,58,58,58,58,22,22,23,23,38,38,33,33,23,65,65,79,0,0],"gold":38,"neow_bonus":"BOSS_RELIC","is_daily":false,"chose_seed":false,"campfire_upgraded":7,"win_rate":0.0,"timestamp":1613482178,"path_taken":["M","M","?","?","M","R","E","?","T","R","E","?","?","$","R","BOSS","M","?","$","?","?","E","R","E","T","$","R","?","R","M","R","BOSS","M","?","?","$","?","R","?","?","T","E","?","$","R","M","R","BOSS","R","$","E"],"items_purchased_type":["Card","Relic","Relic","Card"],"build_version":"2020-12-22","purchased_purges":3,"victory":false,"max_hp_per_floor":[71,71,71,71,71,71,71,71,71,71,71,71,71,71,71,71,71,71,71,71,71,71,81,81,81,81,81,81,81,81,81,81,81,81,81,81,81,81,81,81,77,77,77,77,77,77,77,79,79,79,79,79,79,79,79],"card_choices":[{"not_picked":["Gash","Reinforced Body"],"picked":"Ball Lightning","floor":1},{"not_picked":["Ball Lightning","Redo"],"picked":"Cold Snap","floor":2},{"not_picked":["Cold Snap","Leap"],"picked":"Coolheaded","floor":5},{"not_picked":["Redo","Steam","Gash"],"picked":"SKIP","floor":7},{"not_picked":["Ball Lightning","Leap"],"picked":"Go for the Eyes","floor":11},{"not_picked":["Blizzard","Cold Snap"],"picked":"Aggregate","floor":13},{"not_picked":["Hyperbeam","All For One"],"picked":"Electrodynamics","floor":16},{"not_picked":["Double Energy","Hologram"],"picked":"Glacier","floor":18},{"not_picked":["Static Discharge","Lockon","Hologram"],"picked":"SKIP","floor":23},{"not_picked":["Static Discharge","Cold Snap","Stack"],"picked":"SKIP","floor":25},{"not_picked":["Sweeping Beam","Tempest","Aggregate"],"picked":"SKIP","floor":29},{"not_picked":["Redo","Darkness+1","Go for the Eyes"],"picked":"SKIP","floor":31},{"not_picked":["Hyperbeam","Machine Learning"],"picked":"Reboot","floor":33},{"not_picked":["Barrage","Beam Cell","Hologram"],"picked":"SKIP","floor":35},{"not_picked":["Ball Lightning","Sweeping Beam"],"picked":"Compile Driver","floor":36},{"not_picked":["Fission","Compile Driver"],"picked":"Recycle","floor":37},{"not_picked":["Beam Cell","Hologram+1","Barrage"],"picked":"SKIP","floor":42},{"not_picked":["Turbo+1","Go for the Eyes+1"],"picked":"Glacier","floor":44},{"not_picked":["Aggregate","Go for the Eyes","Ball Lightning"],"picked":"Singing Bowl","floor":48}],"player_experience":391138,"relics_obtained":[{"floor":7,"key":"Nunchaku"},{"floor":9,"key":"HornCleat"},{"floor":11,"key":"Regal Pillow"},{"floor":23,"key":"Pear"},{"floor":25,"key":"StrikeDummy"},{"floor":37,"key":"Ginger"},{"floor":43,"key":"Akabeko"},{"floor":44,"key":"Singing Bowl"}],"event_choices":[{"damage_healed":0,"gold_gain":0,"player_choice":"Entered Light","damage_taken":14,"max_hp_gain":0,"max_hp_loss":0,"event_name":"Shining Light","floor":3,"gold_loss":0,"cards_upgraded":["Strike_B","Ball Lightning"]},{"damage_healed":0,"gold_gain":0,"player_choice":"Ignored","damage_taken":0,"max_hp_gain":0,"max_hp_loss":0,"event_name":"Liars Game","floor":4,"gold_loss":0},{"cards_removed":["Strike_B"],"damage_healed":0,"gold_gain":0,"player_choice":"Card Removal","damage_taken":0,"max_hp_gain":0,"max_hp_loss":0,"event_name":"The Cleric","floor":8,"gold_loss":50},{"damage_healed":0,"gold_gain":0,"player_choice":"Success","damage_taken":3,"relics_obtained":["Oddly Smooth Stone"],"max_hp_gain":0,"max_hp_loss":0,"event_name":"Scrap Ooze","floor":12,"gold_loss":0},{"damage_healed":0,"gold_gain":0,"player_choice":"Opened","damage_taken":0,"relics_obtained":["MealTicket"],"max_hp_gain":0,"max_hp_loss":0,"event_name":"The Mausoleum","floor":19,"gold_loss":0},{"damage_healed":0,"gold_gain":0,"cards_transformed":["Strike_B","Defend_B"],"player_choice":"Became Test Subject","damage_taken":0,"max_hp_gain":0,"max_hp_loss":0,"event_name":"Drug Dealer","floor":21,"gold_loss":0,"cards_obtained":["Electrodynamics","Stack"]},{"damage_healed":0,"gold_gain":100,"player_choice":"Pray","damage_taken":0,"max_hp_gain":0,"max_hp_loss":0,"event_name":"Golden Shrine","floor":22,"gold_loss":0},{"damage_healed":0,"gold_gain":0,"player_choice":"Fight","damage_taken":0,"max_hp_gain":0,"max_hp_loss":0,"event_name":"MindBloom","floor":37,"gold_loss":0},{"damage_healed":0,"gold_gain":0,"player_choice":"Paid","damage_taken":0,"relics_obtained":["Red Mask"],"max_hp_gain":0,"max_hp_loss":0,"event_name":"Tomb of Lord Red Mask","floor":39,"gold_loss":28},{"damage_healed":0,"gold_gain":0,"player_choice":"Max HP","damage_taken":0,"max_hp_gain":0,"max_hp_loss":4,"event_name":"Winding Halls","floor":41,"gold_loss":0},{"cards_removed":["Electrodynamics"],"damage_healed":0,"gold_gain":0,"player_choice":"Removed Power","damage_taken":0,"max_hp_gain":0,"max_hp_loss":0,"event_name":"Falling","floor":45,"gold_loss":0}],"is_beta":false,"boss_relics":[{"not_picked":["Ectoplasm","Fusion Hammer"],"picked":"Astrolabe"},{"not_picked":["Busted Crown","Tiny House"],"picked":"Sozu"}],"items_purged_floors":[14,20,46],"is_endless":false,"potions_floor_spawned":[2,7,23,25,33,36,44],"killed_by":"Shield and Spear","ascension_level":14}}