{"host":"ifvrsrzj00f2ebkn","time":1613485349,"event":{"mods":["BaseMod","Colored Map","Colored Powertips","Minty Spire (QoL Compilation)","Random Character Button","Shop Mod","StSLib"],"gold_per_floor":[114,130,130,130,7,7,7,7,53,71,97,97,97,128,128,230,230,249,268,168,180,199,225,244,261,307,307,170,187,37,37,37,37,37],"floor_reached":33,"language":"ENG","playtime":3221,"items_purged":["Strike_B","Strike_B","Strike_B","Strike_B"],"score":275,"play_id":"2ae3471a-3172-45c6-8cc9-38cadf04f02c","local_time":"20210216222229","is_ascension_mode":false,"campfire_choices":[{"floor":6,"key":"REST"},{"data":"Electrodynamics","floor":12,"key":"SMITH"},{"data":"Thunder Strike","floor":15,"key":"SMITH"},{"data":"Conserve Battery","floor":27,"key":"SMITH"},{"floor":32,"key":"REST"}],"circlet_count":0,"master_deck":["Defend_B+1","Defend_B","Defend_B+1","Defend_B","Zap+1","Dualcast+1","Ball Lightning","Compile Driver","Leap","Electrodynamics+1","Barrage","Thunder Strike+1","BootSequence+1","Defragment+1","Defragment","Conserve Battery+1","Coolheaded","Decay","Dramatic Entrance","Machine Learning"],"relics":["Cracked Core","Blood Vial","Toy Ornithopter","Girya","Thread and Needle","Bottled Tornado","Bottled Flame","Oddly Smooth Stone","MerchantsRug"],"acts_visited":["Exordium","TheCity"],"potions_floor_usage":[16,33,33],"damage_taken":[{"damage":2,"enemies":"Small Slimes","floor":1,"turns":4},{"damage":6,"enemies":"Jaw Worm","floor":2,"turns":3},{"damage":0,"enemies":"2 Louse","floor":10,"turns":3},{"damage":9,"enemies":"Lagavulin","floor":11,"turns":5},{"damage":15,"enemies":"Gremlin Nob","floor":14,"turns":5},{"damage":24,"enemies":"The Guardian","floor":16,"turns":9},{"damage":8,"enemies":"2 Thieves","floor":18,"turns":3},{"damage":0,"enemies":"Chosen","floor":19,"turns":3},{"damage":0,"enemies":"3 Cultists","floor":21,"turns":3},{"damage":5,"enemies":"Snecko","floor":22,"turns":4},{"damage":25,"enemies":"Book of Stabbing","floor":23,"turns":6},{"damage":8,"enemies":"Centurion and Healer","floor":24,"turns":4},{"damage":0,"enemies":"Cultist and Chosen","floor":25,"turns":4},{"damage":10,"enemies":"Snake Plant","floor":29,"turns":4},{"damage":92,"enemies":"Champ","floor":33,"turns":9}],"seed_played":"-2163265723630328526","potions_obtained":[{"floor":11,"key":"BlessingOfTheForge"},{"floor":14,"key":"ColorlessPotion"},{"floor":16,"key":"PowerPotion"},{"floor":18,"key":"BlessingOfTheForge"}],"is_trial":false,"path_per_floor":["M","M","?","T","$","R","$","?","T","M","E","R","T","E","R","B",null,"M","M","$","M","M","E","M","M","T","R","$","M","$","?","R","B"],"character_chosen":"DEFECT","items_purchased":["Leap","MerchantsRug"],"campfire_rested":2,"item_purchase_floors":[5,28],"current_hp_per_floor":[80,74,58,58,58,82,82,79,79,81,73,73,73,60,60,43,82,74,76,76,78,75,52,46,48,48,48,48,40,40,40,64,0,0],"gold":37,"neow_bonus":"TEN_PERCENT_HP_BONUS","is_daily":false,"chose_seed":false,"campfire_upgraded":3,"win_rate":0.0,"timestamp":1613485349,"path_taken":["M","M","?","?","?","R","$","?","T","M","E","R","?","E","R","BOSS","M","M","$","M","M","E","M","M","T","R","$","M","$","?","R","BOSS"],"items_purchased_type":["Card","Relic"],"build_version":"2020-12-22","purchased_purges":4,"victory":false,"max_hp_per_floor":[82,82,82,82,82,82,82,82,82,82,82,82,82,82,82,82,82,82,82,82,82,82,82,82,82,82,82,82,82,82,82,82,82,82],"card_choices":[{"not_picked":["Loop","Barrage"],"picked":"Ball Lightning","floor":1},{"not_picked":["Hologram","Leap"],"picked":"Compile Driver","floor":2},{"not_picked":["Beam Cell","Gash"],"picked":"Electrodynamics","floor":10},{"not_picked":["Hello World","FTL"],"picked":"Barrage","floor":11},{"not_picked":["Consume","Loop"],"picked":"Thunder Strike","floor":14},{"not_picked":["Glacier","Ball Lightning"],"picked":"BootSequence+1","floor":18},{"not_picked":["Leap","Streamline+1","Hologram"],"picked":"SKIP","floor":19},{"not_picked":["Multi-Cast","Reinforced Body"],"picked":"Defragment+1","floor":21},{"not_picked":["Cold Snap","Force Field"],"picked":"Defragment","floor":22},{"not_picked":["Loop","Storm+1","Chaos"],"picked":"SKIP","floor":23},{"not_picked":["Auto Shields","Streamline","Beam Cell"],"picked":"SKIP","floor":24},{"not_picked":["Double Energy","Cold Snap"],"picked":"Conserve Battery","floor":25},{"not_picked":["Redo+1","Rainbow","Barrage"],"picked":"SKIP","floor":29}],"player_experience":105888,"relics_obtained":[{"floor":4,"key":"Blood Vial"},{"floor":9,"key":"War Paint"},{"floor":11,"key":"Girya"},{"floor":13,"key":"Thread and Needle"},{"floor":14,"key":"Bottled Tornado"},{"floor":23,"key":"Bottled Flame"},{"floor":26,"key":"Oddly Smooth Stone"}],"event_choices":[{"damage_healed":0,"gold_gain":0,"player_choice":"Entered Light","damage_taken":16,"max_hp_gain":0,"max_hp_loss":0,"event_name":"Shining Light","floor":3,"gold_loss":0,"cards_upgraded":["Zap","Defend_B"]},{"damage_healed":0,"gold_gain":0,"player_choice":"Success","damage_taken":3,"relics_obtained":["Toy Ornithopter"],"max_hp_gain":0,"max_hp_loss":0,"event_name":"Scrap Ooze","floor":8,"gold_loss":0},{"damage_healed":0,"gold_gain":0,"player_choice":"4 cards matched","damage_taken":0,"max_hp_gain":0,"max_hp_loss":0,"event_name":"Match and Keep!","floor":31,"gold_loss":0,"cards_obtained":["Coolheaded","Decay","Dramatic Entrance","Machine Learning"]}],"is_beta":false,"boss_relics":[{"not_picked":["Astrolabe","Empty Cage"],"picked":"Runic Pyramid"}],"items_purged_floors":[5,20,28,30],"is_endless":false,"potions_floor_spawned":[11,14,16,18,19,25,29],"killed_by":"Champ","ascension_level":0}}