{"host":"rolltorest","time":1613452296,"event":{"mods":["BaseMod","Minty Spire (QoL Compilation)","Relic Stats","Slay the Relics Exporter","StSLib"],"gold_per_floor":[116,133,133,146,160,160,190,190,190,190,201,22,54,3,3,81,81,96,96,9,21,21,47,58,58,81,100,100,100,80,95,95,95,95],"floor_reached":33,"language":"ENG","playtime":1056,"items_purged":[],"score":550,"play_id":"b78262bb-abc4-46f7-99de-6d59a2e56995","local_time":"20210215211136","is_ascension_mode":true,"campfire_choices":[{"data":"Dagger Spray","floor":6,"key":"SMITH"},{"data":"Neutralize","floor":8,"key":"SMITH"},{"data":"Noxious Fumes","floor":10,"key":"SMITH"},{"data":"Wraith Form v2","floor":15,"key":"SMITH"},{"floor":25,"key":"REST"},{"floor":29,"key":"REST"},{"floor":32,"key":"REST"}],"circlet_count":0,"master_deck":["AscendersBane","Survivor","Neutralize+1","Noxious Fumes+1","Poisoned Stab","Dagger Spray+1","Calculated Gamble","Blade Dance","Dash","Wraith Form v2+1","Dash","Blade Dance","Adrenaline","Leg Sweep","Distraction","Flying Knee","Blur","Choke","Blade Dance","All Out Attack","Cloak And Dagger","Predator","Tactician","Accuracy","Calculated Gamble+1"],"relics":["Ring of the Snake","Potion Belt","MealTicket","Letter Opener","Pandora\u0027s Box","Enchiridion","Bottled Lightning","Ancient Tea Set"],"acts_visited":["Exordium","TheCity"],"potions_floor_usage":[7,16,24,33],"damage_taken":[{"damage":0,"enemies":"2 Louse","floor":1,"turns":4},{"damage":2,"enemies":"Jaw Worm","floor":2,"turns":6},{"damage":1,"enemies":"Small Slimes","floor":4,"turns":5},{"damage":16,"enemies":"Exordium Thugs","floor":5,"turns":5},{"damage":12,"enemies":"3 Sentries","floor":7,"turns":6},{"damage":6,"enemies":"Exordium Wildlife","floor":11,"turns":2},{"damage":15,"enemies":"Lagavulin","floor":13,"turns":6},{"damage":29,"enemies":"The Guardian","floor":16,"turns":14},{"damage":0,"enemies":"Chosen","floor":18,"turns":2},{"damage":11,"enemies":"Spheric Guardian","floor":21,"turns":3},{"damage":33,"enemies":"Book of Stabbing","floor":23,"turns":5},{"damage":9,"enemies":"Centurion and Healer","floor":24,"turns":2},{"damage":22,"enemies":"Snake Plant","floor":27,"turns":4},{"damage":0,"enemies":"Snecko","floor":31,"turns":3},{"damage":40,"enemies":"Collector","floor":33,"turns":7}],"seed_played":"-5296667117278232414","potions_obtained":[{"floor":1,"key":"GamblersBrew"},{"floor":5,"key":"SkillPotion"},{"floor":7,"key":"Ancient Potion"},{"floor":13,"key":"Ancient Potion"},{"floor":16,"key":"ColorlessPotion"},{"floor":23,"key":"DuplicationPotion"},{"floor":24,"key":"FairyPotion"}],"is_trial":false,"path_per_floor":["M","M","?","M","M","R","E","R","T","R","M","$","E","$","R","B",null,"M","?","$","M","$","E","M","R","T","M","?","R","?","M","R","B"],"character_chosen":"THE_SILENT","items_purchased":["Wraith Form v2","Blade Dance","Accuracy"],"campfire_rested":3,"item_purchase_floors":[12,14,20],"current_hp_per_floor":[59,57,57,56,40,40,28,28,28,28,22,37,22,37,37,8,52,52,31,46,35,50,17,8,27,27,5,5,24,24,24,43,3,3],"gold":95,"neow_bonus":"RANDOM_COMMON_RELIC","is_daily":false,"chose_seed":false,"campfire_upgraded":4,"win_rate":0.0,"timestamp":1613452296,"path_taken":["M","M","?","M","M","R","E","R","T","R","M","$","E","$","R","BOSS","M","?","?","M","$","E","M","R","T","M","?","R","?","M","R","BOSS"],"items_purchased_type":["Card","Card","Card"],"build_version":"2020-12-18","purchased_purges":0,"victory":false,"max_hp_per_floor":[66,66,66,66,66,66,66,66,66,66,66,66,66,66,66,66,66,66,66,66,66,66,66,66,66,66,66,66,66,66,66,66,66,66],"relic_stats":{"counters":[15,74],"MealTicket":60,"Pandora\u0027s Box":["Leg Sweep","Outmaneuver","Distraction","Flying Knee","Blur","Choke","Blade Dance","All Out Attack","Cloak And Dagger","Predator"],"Letter Opener":[57],"obtain_stats":[{"Potion Belt":0,"Enchiridion":19,"MealTicket":7,"Pandora\u0027s Box":17,"Letter Opener":13,"Bottled Lightning":23,"Ancient Tea Set":26,"Ring of the Snake":0},{"Potion Belt":0,"Enchiridion":9,"MealTicket":5,"Pandora\u0027s Box":8,"Letter Opener":7,"Bottled Lightning":11,"Ancient Tea Set":12,"Ring of the Snake":0},{"Potion Belt":0,"Enchiridion":50,"MealTicket":26,"Pandora\u0027s Box":48,"Letter Opener":34,"Bottled Lightning":58,"Ancient Tea Set":60,"Ring of the Snake":0}],"Ring of the Snake":[30]},"card_choices":[{"not_picked":["Backflip","Quick Slash"],"picked":"Noxious Fumes","floor":1},{"not_picked":["Dagger Throw","Calculated Gamble"],"picked":"Poisoned Stab","floor":2},{"not_picked":["Endless Agony","Sucker Punch"],"picked":"Dagger Spray","floor":4},{"not_picked":["Sucker Punch","Riddle With Holes"],"picked":"Calculated Gamble","floor":5},{"not_picked":["Dagger Throw","Deadly Poison"],"picked":"Blade Dance","floor":7},{"not_picked":["Sucker Punch","Well Laid Plans"],"picked":"Dash","floor":11},{"not_picked":["Quick Slash","Cloak And Dagger"],"picked":"Dash","floor":13},{"not_picked":["Die Die Die","Glass Knife"],"picked":"Adrenaline","floor":16},{"not_picked":["Endless Agony+1","Underhanded Strike"],"picked":"Tactician","floor":18},{"not_picked":["Crippling Poison","Deflect"],"picked":"Calculated Gamble+1","floor":21},{"not_picked":["Deadly Poison","Dagger Throw","Quick Slash"],"picked":"SKIP","floor":23},{"not_picked":["Bane","Prepared","Poisoned Stab+1"],"picked":"SKIP","floor":24},{"not_picked":["Finisher","Dagger Throw+1","Slice"],"picked":"SKIP","floor":27},{"not_picked":["Bane","Concentrate","Bouncing Flask"],"picked":"SKIP","floor":31}],"player_experience":1991608,"relics_obtained":[{"floor":7,"key":"MealTicket"},{"floor":13,"key":"Letter Opener"},{"floor":19,"key":"Enchiridion"},{"floor":23,"key":"Bottled Lightning"},{"floor":26,"key":"Ancient Tea Set"}],"event_choices":[{"damage_healed":0,"gold_gain":0,"player_choice":"Ignored","damage_taken":0,"max_hp_gain":0,"max_hp_loss":0,"event_name":"Liars Game","floor":3,"gold_loss":0},{"damage_healed":0,"gold_gain":0,"player_choice":"Obtained Book","damage_taken":21,"max_hp_gain":0,"max_hp_loss":0,"event_name":"Cursed Tome","floor":19,"gold_loss":0},{"cards_removed":["Outmaneuver"],"damage_healed":0,"gold_gain":0,"player_choice":"Elegance","damage_taken":0,"max_hp_gain":0,"max_hp_loss":0,"event_name":"Back to Basics","floor":28,"gold_loss":0},{"damage_healed":0,"gold_gain":0,"player_choice":"Bought 1 Potion","damage_taken":0,"max_hp_gain":0,"max_hp_loss":0,"event_name":"The Woman in Blue","floor":30,"gold_loss":0}],"is_beta":true,"boss_relics":[{"not_picked":["Velvet Choker","Snecko Eye"],"picked":"Pandora\u0027s Box"}],"items_purged_floors":[],"is_endless":false,"potions_floor_spawned":[1,5,7,13,16,23,24],"killed_by":"Collector","ascension_level":20}}