{"host":"egwexuw5uvnxf11j","time":1613516409,"event":{"mods":["2.2 Compatiblity","Aspiration","BaseMod","Better Note","Better Sensory Stone","Better Third Choice","Displayed Cursed Tome","Downfall","Hermit","Key Reminder","Koishi","Marisa????????","Minty Spire (QoL Compilation)","Quick Restart","Shade Mod","Spicy Shops","StSLib","The Construct","The Cursed","The Runesmith","The Senshi","The Servant 0.9.4","Transform Curses"],"gold_per_floor":[115,115,134,134,148,177,189,289,338,338,348,361,361,361,361,486,486,509,11,34,34,47,88,88,88,156,156,190,47,62,62,62,192,192,213,213,279,279,292,292,292,292],"floor_reached":41,"language":"ENG","playtime":1361,"items_purged":["Injury"],"score":518,"play_id":"580c476c-ff02-4346-baaa-ac051fa2f381","local_time":"20210216180009","is_ascension_mode":true,"campfire_choices":[{"floor":10,"key":"REST"},{"floor":13,"key":"REST"},{"floor":15,"key":"REST"},{"floor":24,"key":"REST"},{"data":"Loop","floor":27,"key":"SMITH"},{"floor":32,"key":"REST"},{"floor":40,"key":"REST"}],"circlet_count":0,"master_deck":["Strike_B","Strike_B","Strike_B","Strike_B","Defend_B","Defend_B","Defend_B","Defend_B","Zap+1","Dualcast","Undo","Tempest","Gash","Rainbow","Stack","Rebound","Loop+1","Multi-Cast","Cold Snap","Gash","Defragment","Gash","Gash","Loop+1","Self Repair","Ball Lightning+1","Auto Shields","Undo","Rainbow","aspiration:Polymerization+1","Writhe","Barrage","Gash+1"],"relics":["Cracked Core","aspiration:EnhancedActuators","aspiration:Lifesprig","keyreminder:keyreminder","Golden Idol","aspiration:PoetsPen_weak","DataDisk","Cables","downfall:ExtraCursedKey","Bag of Marbles","The Courier","Oddly Smooth Stone","Membership Card","theSenshi:MoonKaleidoScopeRelic","Pocketwatch"],"acts_visited":["Exordium","TheCity","TheBeyond"],"potions_floor_usage":[16,20,23,28,30],"damage_taken":[{"damage":2,"enemies":"Jaw Worm","floor":1,"turns":3},{"damage":1,"enemies":"2 Louse","floor":3,"turns":2},{"damage":6,"enemies":"Cultist","floor":5,"turns":3},{"damage":41,"enemies":"Gremlin Nob","floor":6,"turns":5},{"damage":12,"enemies":"Looter","floor":7,"turns":3},{"damage":12,"enemies":"Exordium Wildlife","floor":11,"turns":5},{"damage":0,"enemies":"Large Slime","floor":12,"turns":3},{"damage":25,"enemies":"The Guardian","floor":16,"turns":9},{"damage":11,"enemies":"Chosen","floor":18,"turns":5},{"damage":9,"enemies":"Shell Parasite","floor":20,"turns":5},{"damage":12,"enemies":"Chosen and Byrds","floor":22,"turns":3},{"damage":1,"enemies":"Book of Stabbing","floor":23,"turns":5},{"damage":49,"enemies":"Slavers","floor":28,"turns":4},{"damage":10,"enemies":"Centurion and Healer","floor":30,"turns":5},{"damage":38,"enemies":"Automaton","floor":33,"turns":7},{"damage":35,"enemies":"3 Darklings","floor":35,"turns":4},{"damage":55,"enemies":"2 Orb Walkers","floor":37,"turns":6},{"damage":18,"enemies":"3 Shapes","floor":39,"turns":4},{"damage":50,"enemies":"Giant Head","floor":41,"turns":6}],"seed_played":"-8048902123251311093","potions_obtained":[{"floor":1,"key":"FearPotion"},{"floor":3,"key":"Guardian:BlockOnCardUsePotion"},{"floor":6,"key":"Energy Potion"},{"floor":16,"key":"Block Potion"},{"floor":20,"key":"Fruit Juice"},{"floor":23,"key":"champ:CounterPotion"},{"floor":28,"key":"BlessingOfTheForge"},{"floor":37,"key":"construct:ShiftPotion"},{"floor":39,"key":"SmokeBomb"}],"is_trial":false,"path_per_floor":["M","?","M","T","M","E","M","?","T","R","M","M","R","?","R","B",null,"M","$","M","?","M","E","R","?","T","R","E","$","M","?","R","B",null,"M","?","?","?","M","R","E"],"character_chosen":"DEFECT","items_purchased":["DataDisk","Cables","Gash","Membership Card","Self Repair"],"campfire_rested":6,"item_purchase_floors":[19,19,19,29,29],"current_hp_per_floor":[80,80,79,79,73,32,20,20,20,44,32,32,56,56,80,55,82,71,71,67,67,55,54,80,80,80,80,31,31,28,28,54,23,87,59,81,33,33,22,48,0,0],"gold":292,"neow_bonus":"TEN_PERCENT_HP_BONUS","is_daily":false,"chose_seed":false,"campfire_upgraded":1,"win_rate":0.0,"timestamp":1613516409,"path_taken":["M","?","M","?","M","E","M","?","T","R","M","?","R","?","R","BOSS","M","$","M","?","M","E","R","?","T","R","E","$","M","?","R","BOSS","M","?","?","?","M","R","E"],"items_purchased_type":["Relic","Relic","Card","Relic","Card"],"build_version":"2020-12-22","purchased_purges":1,"victory":false,"max_hp_per_floor":[82,82,82,82,82,82,82,82,82,82,82,82,82,82,82,82,82,82,82,87,87,87,87,87,87,87,87,87,87,87,87,87,87,87,87,87,87,87,87,87,87,87],"card_choices":[{"not_picked":["Skim","Rip and Tear"],"picked":"Undo","floor":1},{"not_picked":["BootSequence","Double Energy"],"picked":"Tempest","floor":3},{"not_picked":["Cold Snap","Turbo"],"picked":"Gash","floor":5},{"not_picked":["Lockon","Ball Lightning"],"picked":"Rainbow","floor":6},{"not_picked":["Redo","Cold Snap"],"picked":"Stack","floor":7},{"not_picked":["Rip and Tear","Redo"],"picked":"Rebound","floor":11},{"not_picked":["Steam Power","Defragment"],"picked":"Loop","floor":12},{"not_picked":["Amplify","Seek"],"picked":"Multi-Cast","floor":16},{"not_picked":["Go for the Eyes","Stack"],"picked":"Cold Snap","floor":18},{"not_picked":["Heatsinks","Glacier"],"picked":"Defragment","floor":20},{"not_picked":["Compile Driver","Turbo"],"picked":"Gash","floor":22},{"not_picked":["Steam+1","Stack+1"],"picked":"Gash","floor":23},{"not_picked":["Turbo+1","Rip and Tear"],"picked":"Loop","floor":28},{"not_picked":["Go for the Eyes","Reinforced Body"],"picked":"Ball Lightning+1","floor":30},{"not_picked":["Seek","Fission"],"picked":"Rainbow","floor":33},{"not_picked":["Rebound+1","Tempest"],"picked":"aspiration:Polymerization+1","floor":35},{"not_picked":["Compile Driver","Reinforced Body+1"],"picked":"Barrage","floor":37},{"not_picked":["Redo+1","Storm+1"],"picked":"Gash+1","floor":39}],"player_experience":2093226,"relics_obtained":[{"floor":4,"key":"aspiration:EnhancedActuators"},{"floor":6,"key":"aspiration:Lifesprig"},{"floor":23,"key":"Bag of Marbles"},{"floor":26,"key":"The Courier"},{"floor":28,"key":"Oddly Smooth Stone"},{"floor":37,"key":"Pocketwatch"}],"event_choices":[{"damage_healed":0,"gold_gain":0,"player_choice":"Grow","damage_taken":0,"max_hp_gain":0,"max_hp_loss":0,"event_name":"Living Wall","floor":2,"gold_loss":0,"cards_upgraded":["Zap"]},{"damage_healed":0,"gold_gain":100,"player_choice":"Gold","damage_taken":0,"max_hp_gain":0,"max_hp_loss":0,"event_name":"Wheel of Change","floor":8,"gold_loss":0},{"damage_healed":0,"gold_gain":0,"player_choice":"Take Wound","damage_taken":0,"relics_obtained":["Golden Idol"],"max_hp_gain":0,"max_hp_loss":0,"event_name":"Golden Idol","floor":14,"gold_loss":0,"cards_obtained":["Injury"]},{"damage_healed":0,"gold_gain":0,"cards_transformed":["downfall:Aged","Decay"],"player_choice":"Became Test Subject","damage_taken":0,"max_hp_gain":0,"max_hp_loss":0,"event_name":"Drug Dealer","floor":31,"gold_loss":0,"cards_obtained":["Auto Shields","Undo"]},{"damage_healed":22,"gold_gain":0,"player_choice":"Writhe","damage_taken":0,"max_hp_gain":0,"max_hp_loss":0,"event_name":"Winding Halls","floor":36,"gold_loss":0,"cards_obtained":["Writhe"]},{"damage_healed":0,"gold_gain":0,"player_choice":"Fight","damage_taken":0,"max_hp_gain":0,"max_hp_loss":0,"event_name":"Mysterious Sphere","floor":37,"gold_loss":0},{"damage_healed":0,"gold_gain":0,"player_choice":"Forge","damage_taken":0,"max_hp_gain":0,"max_hp_loss":0,"event_name":"Accursed Blacksmith","floor":38,"gold_loss":0,"cards_upgraded":["Loop"]}],"is_beta":false,"boss_relics":[{"not_picked":["Philosopher\u0027s Stone","Snecko Eye"],"picked":"aspiration:PoetsPen_weak"},{"not_picked":["Tiny House","Pandora\u0027s Box"],"picked":"theSenshi:MoonKaleidoScopeRelic"}],"items_purged_floors":[19],"is_endless":false,"potions_floor_spawned":[1,3,6,7,16,20,22,23,28,37,39],"killed_by":"Giant Head","ascension_level":3}}