{"host":"jq8d8epkoknfq6em","time":1613436023,"event":{"mods":["AchievementEnabler","BaseMod","Colored Map","Colored Powertips","Highlight Path","Minty Spire (QoL Compilation)","Quick Restart","Relic Stats","StSLib"],"gold_per_floor":[112,124,134,147,165,192,192,204,228,247,247,280,292,304,304,377,377,394,413,413,435,22,22,22,22,46,46,60,60,60],"floor_reached":29,"language":"ENG","playtime":2192,"items_purged":["Writhe"],"score":447,"play_id":"fb93375a-6db4-4fc5-bfb6-f0e365c5e2ff","local_time":"20210216014023","is_ascension_mode":true,"campfire_choices":[{"data":"Fire Breathing","floor":7,"key":"SMITH"},{"data":"Dual Wield","floor":15,"key":"SMITH"},{"data":"True Grit","floor":23,"key":"SMITH"},{"data":"Brutality","floor":25,"key":"SMITH"},{"data":"Perfected Strike","floor":27,"key":"SMITH"}],"circlet_count":0,"master_deck":["AscendersBane","Strike_R","Strike_R","Strike_R","Strike_R","Strike_R","Defend_R","Defend_R","Defend_R","Defend_R","Bash+1","Disarm","Cleave","Anger","Headbutt","Fire Breathing+1","Wild Strike","Anger","Dual Wield+1","Perfected Strike","Brutality+1","True Grit+1","Burning Pact","Perfected Strike+1","RitualDagger","Shrug It Off"],"relics":["Burning Blood","Mango","Orichalcum","Pear","SlaversCollar","MawBank","WingedGreaves","PreservedInsect"],"acts_visited":["Exordium","TheCity"],"potions_floor_usage":[5,6,13,19,19,21],"damage_taken":[{"damage":8,"enemies":"2 Louse","floor":1,"turns":2},{"damage":7,"enemies":"Jaw Worm","floor":2,"turns":4},{"damage":11,"enemies":"Small Slimes","floor":3,"turns":5},{"damage":17,"enemies":"3 Louse","floor":4,"turns":4},{"damage":10,"enemies":"Looter","floor":5,"turns":3},{"damage":20,"enemies":"3 Sentries","floor":6,"turns":5},{"damage":20,"enemies":"Exordium Thugs","floor":8,"turns":4},{"damage":9,"enemies":"Blue Slaver","floor":10,"turns":4},{"damage":20,"enemies":"Gremlin Nob","floor":12,"turns":4},{"damage":7,"enemies":"Red Slaver","floor":13,"turns":3},{"damage":15,"enemies":"Exordium Wildlife","floor":14,"turns":4},{"damage":6,"enemies":"Slime Boss","floor":16,"turns":6},{"damage":4,"enemies":"3 Byrds","floor":18,"turns":5},{"damage":21,"enemies":"2 Thieves","floor":19,"turns":4},{"damage":37,"enemies":"Centurion and Healer","floor":21,"turns":8},{"damage":18,"enemies":"Cultist and Chosen","floor":28,"turns":6},{"damage":29,"enemies":"Gremlin Leader","floor":29,"turns":4}],"seed_played":"6004578602176126289","potions_obtained":[{"floor":1,"key":"Swift Potion"},{"floor":4,"key":"SkillPotion"},{"floor":5,"key":"Swift Potion"},{"floor":8,"key":"Explosive Potion"},{"floor":13,"key":"GamblersBrew"},{"floor":19,"key":"FearPotion"}],"is_trial":false,"path_per_floor":["M","M","M","M","M","E","R","M","T","M","?","E","M","M","R","B",null,"M","M","?","M","$","R","?","R","T","R","M","E"],"character_chosen":"IRONCLAD","items_purchased":["WingedGreaves","Perfected Strike"],"campfire_rested":0,"item_purchase_floors":[22,22],"current_hp_per_floor":[66,65,60,49,45,45,45,31,31,28,57,53,52,43,43,43,85,87,72,72,41,41,41,35,35,35,35,23,0,0],"gold":60,"neow_bonus":"UPGRADE_CARD","is_daily":false,"chose_seed":false,"campfire_upgraded":5,"win_rate":0.0,"timestamp":1613436023,"path_taken":["M","M","M","M","M","E","R","M","T","M","?","E","M","M","R","BOSS","M","M","?","M","$","R","?","R","T","R","M","E"],"items_purchased_type":["Relic","Card"],"build_version":"2020-12-22","purchased_purges":1,"victory":false,"max_hp_per_floor":[75,75,75,75,75,89,89,89,89,89,89,99,99,99,99,99,99,99,99,99,99,99,99,99,99,99,99,99,99,99],"relic_stats":{"counters":[17,75],"PreservedInsect":49,"Orichalcum":[174],"MawBank":24,"obtain_stats":[{"SlaversCollar":17,"Pear":12,"Mango":6,"WingedGreaves":22,"PreservedInsect":26,"Orichalcum":9,"MawBank":20,"Burning Blood":0},{"SlaversCollar":12,"Pear":9,"Mango":6,"WingedGreaves":15,"PreservedInsect":15,"Orichalcum":7,"MawBank":14,"Burning Blood":0},{"SlaversCollar":48,"Pear":35,"Mango":23,"WingedGreaves":65,"PreservedInsect":65,"Orichalcum":27,"MawBank":57,"Burning Blood":0}],"Burning Blood":96},"card_choices":[{"not_picked":["Perfected Strike","Iron Wave"],"picked":"Disarm","floor":1},{"not_picked":["Iron Wave","Entrench"],"picked":"Cleave","floor":2},{"not_picked":["Second Wind","Clothesline"],"picked":"Anger","floor":3},{"not_picked":["Heavy Blade","Body Slam"],"picked":"Headbutt","floor":4},{"not_picked":["Body Slam","Second Wind"],"picked":"Fire Breathing","floor":5},{"not_picked":["Sword Boomerang","Double Tap"],"picked":"Wild Strike","floor":6},{"not_picked":["Sword Boomerang","Sentinel"],"picked":"Anger","floor":8},{"not_picked":["Uppercut","Twin Strike"],"picked":"Dual Wield","floor":10},{"not_picked":["Sever Soul","Anger","Body Slam"],"picked":"SKIP","floor":12},{"not_picked":["Sword Boomerang","Flex"],"picked":"Perfected Strike","floor":13},{"not_picked":["Searing Blow","Uppercut","Dropkick"],"picked":"SKIP","floor":14},{"not_picked":["Exhume","Juggernaut"],"picked":"Brutality","floor":16},{"not_picked":["Anger","Carnage","Havoc"],"picked":"SKIP","floor":18},{"not_picked":["Rage","Clash+1"],"picked":"True Grit","floor":19},{"not_picked":["Wild Strike","Sentinel"],"picked":"Burning Pact","floor":21},{"not_picked":["Iron Wave","Burning Pact"],"picked":"Shrug It Off","floor":28}],"player_experience":1028041,"relics_obtained":[{"floor":6,"key":"Mango"},{"floor":9,"key":"Orichalcum"},{"floor":12,"key":"Pear"},{"floor":26,"key":"PreservedInsect"}],"event_choices":[{"damage_healed":29,"gold_gain":0,"player_choice":"Banana","damage_taken":0,"max_hp_gain":0,"max_hp_loss":0,"event_name":"Big Fish","floor":11,"gold_loss":0},{"damage_healed":0,"gold_gain":0,"player_choice":"Opened","damage_taken":0,"relics_obtained":["MawBank"],"max_hp_gain":0,"max_hp_loss":0,"event_name":"The Mausoleum","floor":20,"gold_loss":0,"cards_obtained":["Writhe"]},{"damage_healed":0,"gold_gain":0,"player_choice":"Joined the Cult","damage_taken":6,"max_hp_gain":0,"max_hp_loss":0,"event_name":"Nest","floor":24,"gold_loss":0,"cards_obtained":["RitualDagger"]}],"is_beta":false,"boss_relics":[{"not_picked":["SacredBark","Pandora\u0027s Box"],"picked":"SlaversCollar"}],"items_purged_floors":[22],"is_endless":false,"potions_floor_spawned":[1,4,5,8,13,14,18,19],"killed_by":"Gremlin Leader","ascension_level":15}}