{"host":"x4954lblgztusody","time":1613456884,"event":{"mods":["BaseMod","Colored Map","Curses Come First","Koishi","Minty Spire (QoL Compilation)","Rare Cards Sparkle","Shop Mod","StSLib","The Administrix","The Animator","The Servant 0.9.4","WarShipGirlsR/战舰少女R mod","Yuyuko"],"gold_per_floor":[120,45,45,64,64,64,92,92,92,123,143,143,162,174,174,270,270,283,283,283,302,321,346,357,357,403,303,303,58,68,68,68,170,170,182,182,182,196,196,231,39,0,0,50,62,115,1,20,20,20,20,20,20,51,51],"floor_reached":56,"language":"ENG","playtime":9937,"items_purged":["AdministrixMod:Strike_Administrix","AdministrixMod:Strike_Administrix+1","AdministrixMod:Strike_Administrix+1"],"score":1303,"play_id":"216c9a77-c098-40b1-a8ef-e9e49e104211","local_time":"20210215222804","is_ascension_mode":false,"campfire_choices":[{"data":"AdministrixMod:PassageOfAges","floor":6.0,"key":"SMITH"},{"data":"AdministrixMod:CenturiesAscent","floor":8.0,"key":"SMITH"},{"data":"AdministrixMod:HiddenPower","floor":15.0,"key":"SMITH"},{"data":"AdministrixMod:StarSwordSoul","floor":28.0,"key":"SMITH"},{"data":"AdministrixMod:BishamonBlessing","floor":32.0,"key":"SMITH"},{"floor":49,"key":"RECALL"},{"data":"AdministrixMod:FeastOfDew","floor":52,"key":"SMITH"}],"circlet_count":0,"master_deck":["AdministrixMod:RedCloak","AdministrixMod:Defend_Administrix+1","AdministrixMod:Defend_Administrix+1","AdministrixMod:Defend_Administrix+1","AdministrixMod:Defend_Administrix+1","AdministrixMod:BlueCloak+1","AdministrixMod:PassageOfAges+1","AdministrixMod:CenturiesAscent+1","AdministrixMod:FaithfulFlames","AdministrixMod:TrickOfTheLight","AdministrixMod:HiddenPower+1","AdministrixMod:ImmortalPurity","AdministrixMod:StarSwordSoul+1","AdministrixMod:BishamonBlessing+1","AdministrixMod:WifeLightning","AdministrixMod:LightOfYourLife+1","AdministrixMod:ReachToHeaven+1","Sadistic Nature","AdministrixMod:LightOfYourLife","AdministrixMod:LuminaryPath","CurseOfTheBell","AdministrixMod:CenturiesAscent+1","Madness","Madness","Dark Shackles","AdministrixMod:BishamonBlessing+1","AdministrixMod:FeastOfDew+1","AdministrixMod:CastOffRegrets","AdministrixMod:ArmillarySphere","AdministrixMod:NewWardrobe+1"],"relics":["AdministrixMod:ConductorRitualBaton","NeowsBlessing","Pear","Gremlin Horn","HornCleat","Sozu","Whetstone","Juzu Bracelet","AdministrixMod:PrescriptionBottle","Calling Bell","Potion Belt","Molten Egg 2","Bird Faced Urn","PreservedInsect","Red Mask","Ice Cream","CaptainsWheel","AdministrixMod:CrackedTaijitu"],"acts_visited":["Exordium","TheCity","TheBeyond","TheEnding"],"potions_floor_usage":[55,55],"damage_taken":[{"damage":0.0,"enemies":"2 Louse","floor":1.0,"turns":1.0},{"damage":0.0,"enemies":"Jaw Worm","floor":4.0,"turns":1.0},{"damage":0.0,"enemies":"Lagavulin","floor":7.0,"turns":1.0},{"damage":17.0,"enemies":"3 Sentries","floor":10.0,"turns":7.0},{"damage":0.0,"enemies":"Small Slimes","floor":11.0,"turns":3.0},{"damage":0.0,"enemies":"Exordium Wildlife","floor":13.0,"turns":6.0},{"damage":0.0,"enemies":"2 Fungi Beasts","floor":14.0,"turns":3.0},{"damage":40.0,"enemies":"Hexaghost","floor":16.0,"turns":14.0},{"damage":0.0,"enemies":"Shell Parasite","floor":18.0,"turns":5.0},{"damage":0.0,"enemies":"Chosen","floor":21.0,"turns":9.0},{"damage":8.0,"enemies":"Sentry and Sphere","floor":22.0,"turns":7.0},{"damage":5.0,"enemies":"Book of Stabbing","floor":23.0,"turns":8.0},{"damage":7.0,"enemies":"Snecko","floor":24.0,"turns":4.0},{"damage":0.0,"enemies":"Centurion and Healer","floor":30.0,"turns":6.0},{"damage":0.0,"enemies":"Champ","floor":33.0,"turns":12.0},{"damage":2,"enemies":"3 Shapes","floor":35,"turns":4},{"damage":19,"enemies":"3 Darklings","floor":38,"turns":6},{"damage":5,"enemies":"Nemesis","floor":40,"turns":9},{"damage":0,"enemies":"Mind Bloom Boss Battle","floor":44,"turns":7},{"damage":0,"enemies":"Spire Growth","floor":45,"turns":7},{"damage":16,"enemies":"2 Orb Walkers","floor":46,"turns":8},{"damage":0,"enemies":"4 Shapes","floor":48,"turns":4},{"damage":15,"enemies":"Donu and Deca","floor":50,"turns":8},{"damage":20,"enemies":"Shield and Spear","floor":54,"turns":7},{"damage":13,"enemies":"The Heart","floor":55,"turns":11}],"seed_played":"-3782057232591282006","potions_obtained":[{"floor":1.0,"key":"EntropicBrew"},{"floor":4.0,"key":"SneckoOil"},{"floor":16.0,"key":"DistilledChaos"}],"is_trial":false,"path_per_floor":["M","$","?","M","?","R","E","R","T","E","M","?","M","M","R","B",null,"M","?","?","M","M","E","M","T","T","$","R","$","M","$","R","B",null,"M","?","?","M","?","E","$","?","T","?","M","?","$","M","R","B",null,"R","$","E","B",null],"character_chosen":"TheAdministrix","items_purchased":["Sadistic Nature","AdministrixMod:LightOfYourLife","AdministrixMod:FeastOfDew","AdministrixMod:ArmillarySphere","AdministrixMod:NewWardrobe+1"],"campfire_rested":0,"item_purchase_floors":[29,29,41,47,47],"current_hp_per_floor":[65,65,65,65,70,70,80,80,80,63,63,63,63,63,63,23,80,80,80,80,80,72,67,60,60,60,60,60,60,60,60,60,60,80,78,68,68,59,59,64,64,64,64,74,80,69,69,79,79,73,80,80,80,68,78],"gold":51,"neow_bonus":"THREE_ENEMY_KILL","is_daily":false,"chose_seed":false,"campfire_upgraded":6,"win_rate":0.0,"timestamp":1613456884,"path_taken":["M","$","?","M","?","R","E","R","T","E","M","?","M","?","R","BOSS","M","?","?","M","?","E","M","?","T","$","R","$","M","?","R","BOSS","M","?","?","M","?","E","$","?","T","?","M","?","?","M","R","BOSS","R","$","E","BOSS"],"items_purchased_type":["Card","Card","Card","Card","Card"],"build_version":"2020-12-22","purchased_purges":3,"victory":true,"max_hp_per_floor":[65,65,65,65,70,70,80,80,80,80,80,80,80,80,80,80,80,80,80,80,80,80,80,80,80,80,80,80,80,80,80,80,80,80,80,80,80,80,80,80,80,80,80,80,80,80,80,80,80,80,80,80,80,80,80],"card_choices":[{"not_picked":["AdministrixMod:FiendishCrimson","AdministrixMod:QuietConspiracy"],"picked":"AdministrixMod:PassageOfAges","floor":1.0},{"not_picked":["AdministrixMod:RebukeDesires","AdministrixMod:Transition"],"picked":"AdministrixMod:CenturiesAscent","floor":4.0},{"not_picked":["AdministrixMod:BishamonBlessing","AdministrixMod:RebukeDesires"],"picked":"AdministrixMod:FaithfulFlames","floor":7.0},{"not_picked":["AdministrixMod:ExtolVirtue","AdministrixMod:SipOfSparks"],"picked":"AdministrixMod:TrickOfTheLight","floor":10.0},{"not_picked":["AdministrixMod:NoblePath","AdministrixMod:BloodlessSapphire"],"picked":"AdministrixMod:HiddenPower","floor":11.0},{"not_picked":["AdministrixMod:CenturiesAscent","AdministrixMod:CrackingPangu"],"picked":"AdministrixMod:ShadowPlay","floor":13.0},{"not_picked":["AdministrixMod:PassageOfAges","AdministrixMod:BloodlessSapphire"],"picked":"AdministrixMod:ImmortalPurity","floor":14.0},{"not_picked":["AdministrixMod:AmassedMasks","AdministrixMod:ImmortalClarity"],"picked":"AdministrixMod:StarSwordSoul","floor":16.0},{"not_picked":["AdministrixMod:CrackingPangu+1","AdministrixMod:PassageOfAges"],"picked":"AdministrixMod:BishamonBlessing","floor":18.0},{"not_picked":["AdministrixMod:LightOfYourLife","AdministrixMod:SealAway","AdministrixMod:NoblePath+1"],"picked":"SKIP","floor":21.0},{"not_picked":["AdministrixMod:CrackingPangu","AdministrixMod:QuietConspiracy"],"picked":"AdministrixMod:LightOfYourLife+1","floor":22.0},{"not_picked":["AdministrixMod:ImmortalPurity+1","AdministrixMod:QuietConspiracy"],"picked":"AdministrixMod:ReachToHeaven","floor":23.0},{"not_picked":["AdministrixMod:PlateOfAntiquity","AdministrixMod:ImmortalGrace","AdministrixMod:Transcension"],"picked":"SKIP","floor":24.0},{"not_picked":["AdministrixMod:PlateOfAntiquity","AdministrixMod:ImmortalGrace","AdministrixMod:Transcension"],"picked":"SKIP","floor":24.0},{"not_picked":["AdministrixMod:BloodlessSapphire+1","AdministrixMod:SipOfSparks","AdministrixMod:TouchOfCinnabar"],"picked":"SKIP","floor":30.0},{"not_picked":["AdministrixMod:HaveItAll","AdministrixMod:ImmortalClarity"],"picked":"AdministrixMod:LuminaryPath","floor":33.0},{"not_picked":["AdministrixMod:Transition","AdministrixMod:Metempsychosis"],"picked":"AdministrixMod:CenturiesAscent+1","floor":35},{"not_picked":["AdministrixMod:SealAway","AdministrixMod:Transcension+1","AdministrixMod:Katabasis"],"picked":"SKIP","floor":38},{"not_picked":["Good Instincts","Chrysalis"],"picked":"Dark Shackles","floor":39},{"not_picked":["AdministrixMod:LightOfYourLife","AdministrixMod:SealAway+1"],"picked":"AdministrixMod:BishamonBlessing+1","floor":40},{"not_picked":["AdministrixMod:DreamsMausoleum","AdministrixMod:ImmortalPurity+1"],"picked":"AdministrixMod:CastOffRegrets","floor":45},{"not_picked":["AdministrixMod:CenturiesAscent","AdministrixMod:NoblePath+1","AdministrixMod:TouchOfCinnabar+1"],"picked":"SKIP","floor":48},{"not_picked":["AdministrixMod:Wuji","AdministrixMod:ExtolVirtue+1","AdministrixMod:ImmortalGrace+1"],"picked":"SKIP","floor":54}],"player_experience":35473,"relics_obtained":[{"floor":7.0,"key":"Pear"},{"floor":9.0,"key":"Gremlin Horn"},{"floor":10.0,"key":"HornCleat"},{"floor":23.0,"key":"Whetstone"},{"floor":25.0,"key":"Juzu Bracelet"},{"floor":26.0,"key":"AdministrixMod:PrescriptionBottle"},{"floor":34,"key":"Potion Belt"},{"floor":34,"key":"Molten Egg 2"},{"floor":34,"key":"Bird Faced Urn"},{"floor":40,"key":"PreservedInsect"},{"floor":44,"key":"Ice Cream"},{"floor":46,"key":"CaptainsWheel"},{"floor":54,"key":"AdministrixMod:CrackedTaijitu"}],"event_choices":[{"damage_healed":0.0,"max_hp_gain":0.0,"max_hp_loss":0.0,"gold_gain":0.0,"event_name":"Liars Game","player_choice":"Ignored","floor":3.0,"gold_loss":0.0,"damage_taken":0.0},{"damage_healed":0.0,"max_hp_gain":5.0,"max_hp_loss":0.0,"gold_gain":0.0,"event_name":"Big Fish","player_choice":"Donut","floor":5.0,"gold_loss":0.0,"damage_taken":0.0},{"cards_removed":["AdministrixMod:Strike_Administrix"],"damage_healed":0.0,"max_hp_gain":0.0,"max_hp_loss":0.0,"gold_gain":0.0,"event_name":"Living Wall","player_choice":"Forget","floor":12.0,"gold_loss":0.0,"damage_taken":0.0},{"damage_healed":0.0,"max_hp_gain":0.0,"max_hp_loss":0.0,"gold_gain":0.0,"event_name":"Back to Basics","player_choice":"Simplicity","floor":19.0,"gold_loss":0.0,"damage_taken":0.0,"cards_upgraded":["AdministrixMod:Strike_Administrix","AdministrixMod:Strike_Administrix","AdministrixMod:Defend_Administrix","AdministrixMod:Defend_Administrix","AdministrixMod:Defend_Administrix","AdministrixMod:Defend_Administrix"]},{"damage_healed":0.0,"max_hp_gain":0.0,"max_hp_loss":0.0,"gold_gain":0.0,"event_name":"Match and Keep!","player_choice":"1 cards matched","floor":20.0,"gold_loss":0.0,"damage_taken":0.0,"cards_obtained":["AdministrixMod:WifeLightning"]},{"damage_healed":0,"gold_gain":0,"player_choice":"Embrace Madness","damage_taken":10,"max_hp_gain":0,"max_hp_loss":0,"event_name":"Winding Halls","floor":36,"gold_loss":0,"cards_obtained":["Madness","Madness"]},{"cards_removed":["AdministrixMod:ShadowPlay"],"damage_healed":0,"gold_gain":0,"player_choice":"Removed Attack","damage_taken":0,"max_hp_gain":0,"max_hp_loss":0,"event_name":"Falling","floor":37,"gold_loss":0},{"damage_healed":0,"gold_gain":0,"player_choice":"Memory 1","damage_taken":0,"max_hp_gain":0,"max_hp_loss":0,"event_name":"SensoryStone","floor":39,"gold_loss":0},{"damage_healed":0,"gold_gain":0,"player_choice":"Paid","damage_taken":0,"relics_obtained":["Red Mask"],"max_hp_gain":0,"max_hp_loss":0,"event_name":"Tomb of Lord Red Mask","floor":42,"gold_loss":39},{"damage_healed":0,"gold_gain":0,"player_choice":"Fight","damage_taken":0,"max_hp_gain":0,"max_hp_loss":0,"event_name":"MindBloom","floor":44,"gold_loss":0},{"damage_healed":0,"gold_gain":0,"player_choice":"Fight","damage_taken":0,"max_hp_gain":0,"max_hp_loss":0,"event_name":"Mysterious Sphere","floor":46,"gold_loss":0}],"is_beta":false,"boss_relics":[{"not_picked":["Runic Pyramid","Black Star"],"picked":"Sozu"},{"not_picked":["SlaversCollar","Astrolabe"],"picked":"Calling Bell"}],"items_purged_floors":[2,27,41],"is_endless":false,"potions_floor_spawned":[1,4,16,21,30,33,38,40,54],"ascension_level":0}}