{"host":"nlbr7nnijupf3yfg","time":1613443060,"event":{"mods":["AchievementEnabler","BaseMod","BetterRewards","Colored Powertips","DeckTracker","Downfall","Hermit","Hubris","Infinite Spire","Minty Spire (QoL Compilation)","Quick Restart","Replay The Spire","StSLib","SuperFastMode","The Servant 0.9.4"],"gold_per_floor":[110,110,126,126,195,229,279,310,337,387,387,406,439,363,363,464,464,482,393,443,443,455,487,487,500,500,500,518,518,568,618,618,722,722,739,754,754,752,822,847,858,908,908,808,808],"floor_reached":44,"language":"ENG","playtime":956,"items_purged":[],"score":957,"play_id":"2d7fe61c-c137-45ab-b23f-249f7e7379a9","local_time":"20210215213740","is_ascension_mode":true,"campfire_choices":[{"floor":11,"key":"REST"},{"floor":24,"key":"REST"},{"floor":27,"key":"REST"},{"floor":29,"key":"REST"},{"data":"hubris:Fate","floor":32,"key":"SMITH"}],"circlet_count":0,"master_deck":["AscendersBane","Strike_R","Strike_R","Strike_R","Strike_R","Strike_R","Defend_R","Defend_R","Defend_R","Defend_R","Pummel+1","Replay:Undeath\u0027s Touch","Replay:Undeath\u0027s Touch","Fiend Fire","Pummel","Pot Of Greed","Pot Of Greed","Armaments","Iron Wave","Uppercut","Shrug It Off","Run Through","Havoc","Fire Breathing","Pot Of Greed","ReplayTheSpireMod:IOU","ReplayTheSpireMod:IOU","Carnage","Barricade","ReplayReversal","Shockwave","Slimebound:CheckThePlaybook","downfall:Icky","hubris:Fate+1","Sentinel","Havoc","Pot Of Greed","Feel No Pain","Exhume","Offering","Heavy Blade+1","infinitespire:Starlight","Corruption","Anger+1"],"relics":["Burning Blood","Du-Vu Doll","SsserpentHead","Replay:Wax Seal","infinitespire:Golems Mask","Grinning Jar","Mirror","Incense Burner","Orrery","TheAbacus","Replay:Mystery Machine","Gremlin Horn","hubris:GrandSneckoEye","Snack Pack","Bronze Scales","infinitespire:ShieldingShard","Ornamental Fan"],"acts_visited":["Exordium","TheCity","TheBeyond"],"potions_floor_usage":[6,33,36,44,44],"damage_taken":[{"damage":6,"enemies":"Cultist","floor":1,"turns":3},{"damage":7,"enemies":"2 Louse","floor":3,"turns":3},{"damage":7,"enemies":"Jaw Worm","floor":5,"turns":3},{"damage":13,"enemies":"Replay:BlueRogue","floor":6,"turns":2},{"damage":35,"enemies":"3 Sentries","floor":8,"turns":10},{"damage":15,"enemies":"Lots of Slimes","floor":12,"turns":3},{"damage":7,"enemies":"Gremlin Nob","floor":13,"turns":3},{"damage":0,"enemies":"Slime Boss","floor":16,"turns":4},{"damage":26,"enemies":"3 Byrds","floor":18,"turns":4},{"damage":33,"enemies":"Spheric Guardian","floor":19,"turns":4},{"damage":0,"enemies":"Snake Plant","floor":22,"turns":2},{"damage":19,"enemies":"Replay:Snechameleon","floor":23,"turns":5},{"damage":13,"enemies":"Centurion and Healer","floor":25,"turns":4},{"damage":19,"enemies":"Shelled Parasite and Fungi","floor":28,"turns":4},{"damage":40,"enemies":"hubris:MusketHawk","floor":33,"turns":7},{"damage":0,"enemies":"Orb Walker","floor":35,"turns":2},{"damage":30,"enemies":"3 Darklings","floor":36,"turns":3},{"damage":44,"enemies":"Jaw Worm Horde","floor":39,"turns":4},{"damage":9,"enemies":"Giant Head","floor":40,"turns":4},{"damage":55,"enemies":"Transient","floor":41,"turns":5},{"damage":34,"enemies":"Nightmare","floor":44,"turns":4}],"seed_played":"-7663580006614598215","potions_obtained":[{"floor":1,"key":"SteroidPotion"},{"floor":5,"key":"SpeedPotion"},{"floor":10,"key":"Milkshake"},{"floor":16,"key":"Strength Potion"},{"floor":33,"key":"Explosive Potion"},{"floor":40,"key":"AttackPotion"}],"is_trial":false,"path_per_floor":["M","$","M","?","M","E","?","E","T","?","R","M","E","$","R","B",null,"M","M","?","AVR","M","E","R","M","T","R","M","R","?","?","R","B",null,"M","M","AVR","?","M","E","M","?","T","NM"],"character_chosen":"IRONCLAD","items_purchased":["Incense Burner","Orrery","Carnage"],"campfire_rested":4,"item_purchase_floors":[14,14,14],"current_hp_per_floor":[72,72,71,71,70,63,63,34,34,34,55,46,45,45,66,72,72,52,25,25,25,31,18,39,32,32,53,40,61,61,61,61,42,65,71,47,47,47,11,22,9,9,9,0,0],"gold":808,"neow_bonus":"ONE_RARE_RELIC","is_daily":false,"chose_seed":false,"campfire_upgraded":1,"win_rate":0.0,"timestamp":1613443060,"path_taken":["M","?","M","?","?","E","?","E","T","?","R","M","E","$","R","BOSS","M","M","?","AVR","M","E","R","M","T","R","M","R","?","?","R","BOSS","M","M","AVR","?","?","E","M","?","T","NM"],"items_purchased_type":["Relic","Relic","Card"],"build_version":"2020-12-22","purchased_purges":0,"victory":false,"max_hp_per_floor":[72,72,72,72,72,72,72,72,72,72,72,72,72,72,72,72,72,72,72,72,72,72,72,72,72,72,72,72,72,72,72,72,72,72,72,72,72,72,72,72,72,72,72,72,72],"card_choices":[{"not_picked":["True Grit","Armaments"],"picked":"Pummel","floor":1},{"not_picked":["Run Through","Inflame"],"picked":"Replay:Undeath\u0027s Touch","floor":3},{"not_picked":["ReplayTheSpireMod:Strike From Hell","hubris:StunningStrike"],"picked":"Replay:Undeath\u0027s Touch","floor":5},{"not_picked":["Pommel Strike","Perfected Strike"],"picked":"Fiend Fire","floor":6},{"not_picked":["ReplayTheSpireMod:Limb From Limb","Massacre"],"picked":"Pummel","floor":8},{"not_picked":["Clash","Hemokinesis"],"picked":"Armaments","floor":12},{"not_picked":["hubris:SharpeningStone","Wild Strike"],"picked":"Iron Wave","floor":13},{"not_picked":["Rampage","Entrench"],"picked":"Uppercut","floor":14},{"not_picked":["Run Through","Clothesline"],"picked":"Shrug It Off","floor":14},{"not_picked":["ReplayTheSpireMod:Strike From Hell","hubris:ReadiedAction"],"picked":"Run Through","floor":14},{"not_picked":["Hemogenesis","Armaments"],"picked":"Havoc","floor":14},{"not_picked":["Shrug It Off","Reckless Charge"],"picked":"Fire Breathing","floor":14},{"not_picked":["Limit Break","Hemogenesis"],"picked":"Barricade","floor":16},{"not_picked":["Pommel Strike","Perfected Strike"],"picked":"ReplayReversal","floor":18},{"not_picked":["Armaments","Perfected Strike"],"picked":"Shockwave","floor":19},{"not_picked":["Bloodletting","ReplayTheSpireMod:Strike From Hell"],"picked":"Sentinel","floor":22},{"not_picked":["Warcry","Heavy Blade"],"picked":"Havoc","floor":23},{"not_picked":["Twin Strike","ReplayTheSpireMod:Corrosion Curse","Rampage"],"picked":"SKIP","floor":25},{"not_picked":["Bludgeon","Pommel Strike+1"],"picked":"Feel No Pain","floor":28},{"not_picked":["Berserk","Juggernaut"],"picked":"Offering","floor":33},{"not_picked":["Warcry","Second Wind+1","True Grit"],"picked":"SKIP","floor":35},{"not_picked":["True Grit","ReplayReversal+1"],"picked":"Heavy Blade+1","floor":36},{"not_picked":["hubris:CleavingFinish","Headbutt+1","Run Through"],"picked":"SKIP","floor":39},{"not_picked":["Dropkick","Twin Strike"],"picked":"Corruption","floor":40},{"not_picked":["Run Through","Havoc"],"picked":"Anger+1","floor":41}],"player_experience":82571,"relics_obtained":[{"floor":6,"key":"Replay:Wax Seal"},{"floor":8,"key":"infinitespire:Golems Mask"},{"floor":9,"key":"Grinning Jar"},{"floor":13,"key":"Mirror"},{"floor":23,"key":"Replay:Mystery Machine"},{"floor":26,"key":"Gremlin Horn"},{"floor":40,"key":"infinitespire:ShieldingShard"},{"floor":43,"key":"Ornamental Fan"}],"event_choices":[{"damage_healed":0,"gold_gain":0,"player_choice":"Trade","damage_taken":0,"relics_obtained":["SsserpentHead"],"max_hp_gain":0,"max_hp_loss":0,"event_name":"FaceTrader","floor":4,"gold_loss":0},{"damage_healed":0,"gold_gain":0,"player_choice":"Got Potions","damage_taken":0,"max_hp_gain":0,"max_hp_loss":0,"event_name":"Lab","floor":10,"gold_loss":0},{"damage_healed":0,"gold_gain":0,"player_choice":"Ignored","damage_taken":0,"max_hp_gain":0,"max_hp_loss":0,"event_name":"Vampires","floor":30,"gold_loss":0},{"damage_healed":0,"gold_gain":0,"player_choice":"1 cards matched","damage_taken":0,"max_hp_gain":0,"max_hp_loss":0,"event_name":"Match and Keep!","floor":31,"gold_loss":0,"cards_obtained":["Exhume"]},{"damage_healed":0,"gold_gain":0,"player_choice":"Paid Gold","damage_taken":0,"relics_obtained":["Bronze Scales"],"max_hp_gain":0,"max_hp_loss":0,"event_name":"WeMeetAgain","floor":38,"gold_loss":52},{"cards_removed":["Bash"],"damage_healed":0,"gold_gain":0,"player_choice":"Removed Attack","damage_taken":0,"max_hp_gain":0,"max_hp_loss":0,"event_name":"Falling","floor":42,"gold_loss":0}],"is_beta":false,"boss_relics":[{"not_picked":["Replay:Drink Me","Velvet Choker","Electric Blood"]},{"not_picked":["Empty Cage","Philosopher\u0027s Stone"],"picked":"hubris:GrandSneckoEye"}],"items_purged_floors":[],"is_endless":false,"potions_floor_spawned":[1,5,12,16,22,25,28,33,35,40,41],"killed_by":"Nightmare","ascension_level":12}}