{"host":"kh6fvhxn285ncg0o","time":1613434492,"event":{"mods":["Act Like it!","BaseMod","Colored Map","Friendly Minions","Keyboard Shortcuts","Minty Spire (QoL Compilation)","Quick Restart","Relic Stats","StSLib","SuperFastMode","UnlockEverythingMod"],"gold_per_floor":[111,111,36,47,66,93,93,93,93],"floor_reached":8,"language":"KOR","playtime":165,"items_purged":[],"score":112,"play_id":"601899a3-ffc3-4466-aca0-74954200d20c","local_time":"20210216091452","is_ascension_mode":true,"campfire_choices":[{"data":"Uppercut","floor":7.0,"key":"SMITH"}],"circlet_count":0,"master_deck":["AscendersBane","Strike_R","Strike_R","Strike_R","Strike_R","Defend_R","Defend_R","Defend_R","Defend_R","Bash","Dual Wield","Uppercut+1"],"relics":["Runic Pyramid","Dream Catcher","Meat on the Bone"],"acts_visited":["Exordium"],"potions_floor_usage":[],"damage_taken":[{"damage":0.0,"enemies":"Small Slimes","floor":1.0,"turns":5.0},{"damage":8.0,"enemies":"2 Louse","floor":4.0,"turns":3.0},{"damage":2.0,"enemies":"Jaw Worm","floor":5.0,"turns":5.0},{"damage":15.0,"enemies":"Lagavulin","floor":6.0,"turns":4.0},{"damage":40,"enemies":"3 Sentries","floor":8,"turns":7}],"seed_played":"6264399750378911440","potions_obtained":[{"floor":1.0,"key":"AttackPotion"},{"floor":5.0,"key":"Energy Potion"}],"is_trial":false,"path_per_floor":["M","?","?","M","M","E","R","E"],"character_chosen":"IRONCLAD","items_purchased":[],"campfire_rested":0,"item_purchase_floors":[],"current_hp_per_floor":[68,63,63,55,53,38,38,0,0],"gold":93,"neow_bonus":"BOSS_RELIC","is_daily":false,"chose_seed":false,"campfire_upgraded":1,"win_rate":0.0,"timestamp":1613434492,"path_taken":["M","?","?","M","M","E","R","E"],"items_purchased_type":[],"build_version":"2020-12-22","purchased_purges":0,"victory":false,"max_hp_per_floor":[75,75,75,75,75,75,75,75,75],"relic_stats":{"Dream Catcher":0,"counters":[5,24],"obtain_stats":[{"Dream Catcher":2,"Burning Blood":0,"Runic Pyramid":0,"Meat on the Bone":6},{"Dream Catcher":1,"Burning Blood":0,"Runic Pyramid":0,"Meat on the Bone":4},{"Dream Catcher":5,"Burning Blood":0,"Runic Pyramid":0,"Meat on the Bone":17}],"Meat on the Bone":0},"card_choices":[{"not_picked":["Flame Barrier","Iron Wave"],"picked":"Dual Wield","floor":1.0},{"not_picked":["Pommel Strike","Disarm"],"picked":"Uppercut","floor":5.0}],"player_experience":1427064,"relics_obtained":[{"floor":6.0,"key":"Meat on the Bone"}],"event_choices":[{"damage_healed":0.0,"max_hp_gain":0.0,"max_hp_loss":0.0,"gold_gain":0.0,"event_name":"Scrap Ooze","player_choice":"Success","floor":2.0,"gold_loss":0.0,"damage_taken":5.0,"relics_obtained":["Dream Catcher"]},{"cards_removed":["Strike_R"],"damage_healed":0.0,"max_hp_gain":0.0,"max_hp_loss":0.0,"gold_gain":0.0,"event_name":"The Cleric","player_choice":"Card Removal","floor":3.0,"gold_loss":75.0,"damage_taken":0.0}],"is_beta":false,"boss_relics":[],"items_purged_floors":[],"is_endless":false,"potions_floor_spawned":[1,5],"killed_by":"3 Sentries","ascension_level":20}}