{"host":"em7glxdljexkv14i","time":1613487673,"event":{"mods":["AchievementEnabler","Act Like it!","Aspiration","Bard","BaseMod","Better Altar","Better Match","Better Note","Better Sensory Stone","Better Skull","Better Third Choice","Block Reminder","ChefMod","Colored Powertips","Conspire","Curses Come First","Dark Map","Hallownest","Hermit","Highlight Path","Hubris","Minty Spire (QoL Compilation)","Quick Restart","Rare Cards Sparkle","Reliquary","Slay the Relics Exporter","StSLib","The Bug Knight","The Wild Card"],"gold_per_floor":[111,111,111,121,38,58,87,87,114,124,124,138,165,181,181,276,276,290,290,38,38,54,72,87,102,102,130,130,157,173,173,173,269,269,289,289,289,299,314,314,341,341,364,380,81,110,110,110,110,110,110],"floor_reached":50,"language":"ENG","playtime":3548,"items_purged":[],"score":627,"play_id":"5dc24979-6a39-40f1-94ff-e358ebaa09fe","local_time":"20210216150113","is_ascension_mode":false,"campfire_choices":[{"floor":15.0,"key":"REST"},{"data":"Venomology","floor":32.0,"key":"SMITH"},{"data":"Corpse Explosion","floor":40,"key":"SMITH"},{"data":"Catalyst","floor":47,"key":"SMITH"},{"data":"Burst","floor":49,"key":"SMITH"}],"circlet_count":0,"master_deck":["A Thousand Cuts+1","Strike_G","Strike_G","Strike_G","Strike_G","Strike_G","Defend_G","Defend_G","Defend_G","Defend_G","Defend_G","Survivor+1","Neutralize+1","Deflect+1","LessonLearned","conspire:Banana","Quick Slash","Venomology+1","Backstab","Deadly Poison","Venomology+1","Catalyst+1","Corpse Explosion+1","Deadly Poison","Deflect+1","Poisoned Stab","Dagger Throw+1","PiercingWail+1","Slice","Backflip","Burst+1","Bouncing Flask+1","hubris:NaturalOne","Infinite Blades+1","Tactician+1","Heel Hook+1","Blade Dance","Dash+1","AscendersBane","Blade Dance+1"],"relics":["Ring of the Snake","aspiration:Nostalgia","Burning Blood","hubris:Icosahedron","Blood Vial","reliquary:ExpiredCoupon","aspiration:Lifesprig","hubris:GrandSneckoEye","conspire:TopHat","CultistMask","hubris:MedicalManual","reliquary:RadioactivePellet","Molten Egg 2","Bottled Lightning","conspire:Flyswatter","Philosopher\u0027s Stone","reliquary:JackalopeAntler","Strawberry","Potion Belt","Medical Kit","Eternal Feather"],"acts_visited":["Exordium","TheCity","TheBeyond"],"potions_floor_usage":[35,38,39,41,41,41,41,41,44,44,46,46,50],"damage_taken":[{"damage":6.0,"enemies":"2 Louse","floor":1.0,"turns":2.0},{"damage":12.0,"enemies":"Small Slimes","floor":4.0,"turns":5.0},{"damage":0.0,"enemies":"Jaw Worm","floor":6.0,"turns":2.0},{"damage":34.0,"enemies":"Lagavulin","floor":7.0,"turns":9.0},{"damage":5.0,"enemies":"3 Louse","floor":10.0,"turns":3.0},{"damage":0.0,"enemies":"Red Slaver","floor":12.0,"turns":1.0},{"damage":34.0,"enemies":"3 Sentries","floor":13.0,"turns":7.0},{"damage":6.0,"enemies":"2 Fungi Beasts","floor":14.0,"turns":2.0},{"damage":50.0,"enemies":"The Guardian","floor":16.0,"turns":11.0},{"damage":20.0,"enemies":"Shell Parasite","floor":18.0,"turns":4.0},{"damage":9.0,"enemies":"conspire:FuzzyDice","floor":22.0,"turns":3.0},{"damage":30.0,"enemies":"conspire:HollyBat","floor":23.0,"turns":6.0},{"damage":4.0,"enemies":"Cultist and Chosen","floor":24.0,"turns":4.0},{"damage":15.0,"enemies":"Shelled Parasite and Fungi","floor":25.0,"turns":4.0},{"damage":16.0,"enemies":"Book of Stabbing","floor":27.0,"turns":4.0},{"damage":4.0,"enemies":"HollowMod:Nosk","floor":29.0,"turns":5.0},{"damage":5.0,"enemies":"Snecko","floor":30.0,"turns":3.0},{"damage":64.0,"enemies":"Automaton","floor":33.0,"turns":7.0},{"damage":20,"enemies":"3 Darklings","floor":35,"turns":2},{"damage":11,"enemies":"3 Shapes","floor":38,"turns":2},{"damage":0,"enemies":"Jaw Worm Horde","floor":39,"turns":2},{"damage":55,"enemies":"Nemesis","floor":41,"turns":7},{"damage":44,"enemies":"Maw","floor":44,"turns":7},{"damage":16,"enemies":"Giant Head","floor":46,"turns":6},{"damage":130,"enemies":"conspire:OrnateMirror","floor":50,"turns":3}],"seed_played":"3740767590971936279","potions_obtained":[{"floor":4.0,"key":"Fire Potion"},{"floor":7.0,"key":"CunningPotion"},{"floor":12.0,"key":"Swift Potion"},{"floor":16.0,"key":"FairyPotion"},{"floor":18.0,"key":"LiquidBronze"},{"floor":24.0,"key":"Strength Potion"},{"floor":25.0,"key":"SpeedPotion"},{"floor":30.0,"key":"Fruit Juice"},{"floor":35,"key":"SmokeBomb"},{"floor":39,"key":"EntropicBrew"}],"is_trial":false,"path_per_floor":["M","?","?","M","$","M","E","?","T","M","$","M","E","M","R","B",null,"M","?","$","?","M","M","M","M","T","E","?","E","M","T","R","B",null,"M","$","?","M","M","R","E","?","T","M","$","E","R","?","R","B"],"character_chosen":"THE_SILENT","items_purchased":["conspire:Banana","conspire:TopHat","Fruit Juice","Potion Belt","Medical Kit"],"campfire_rested":1,"item_purchase_floors":[5,20,20,45,45],"current_hp_per_floor":[70,70,62,58,58,67,42,42,42,46,46,54,29,32,54,13,76,63,60,65,65,65,44,49,77,77,70,70,75,84,84,84,29,95,82,82,82,80,88,88,42,86,93,56,56,49,70,70,94,0,0],"gold":110,"neow_bonus":"NOSTALGIA","is_daily":false,"chose_seed":false,"campfire_upgraded":4,"win_rate":0.0,"timestamp":1613487673,"path_taken":["M","?","?","M","?","M","E","?","T","?","$","M","E","M","R","BOSS","M","?","$","?","M","M","M","M","T","E","?","E","?","?","R","BOSS","M","?","?","M","M","R","E","?","T","?","$","E","R","?","R","BOSS"],"items_purchased_type":["Card","Relic","Potion","Relic","Relic"],"build_version":"2020-12-22","purchased_purges":0,"victory":false,"max_hp_per_floor":[70,70,70,70,70,71,72,72,72,73,73,73,74,75,75,76,76,77,77,82,82,83,84,85,86,86,87,87,88,94,94,94,95,95,96,96,96,97,97,97,98,86,93,94,94,95,95,95,95,95,95],"card_choices":[{"not_picked":["hubris:SlightOfHand","Reflex"],"picked":"Deflect","floor":1.0},{"not_picked":["Crippling Poison","Well Laid Plans"],"picked":"Dodge and Roll","floor":4.0},{"not_picked":["Backflip","hubris:SlightOfHand"],"picked":"Quick Slash","floor":6.0},{"not_picked":["Envenom","Calculated Gamble"],"picked":"Poisoned Stab","floor":7.0},{"not_picked":["Caltrops","hubris:Sniper"],"picked":"Backstab","floor":10.0},{"not_picked":["Quick Slash","Dagger Throw"],"picked":"Deadly Poison","floor":12.0},{"not_picked":["Backflip","Dagger Throw"],"picked":"Venomology","floor":13.0},{"not_picked":["Flying Knee","hubris:TrickCloak"],"picked":"Catalyst","floor":14.0},{"not_picked":["aspiration:Lunge","Wraith Form v2"],"picked":"Corpse Explosion","floor":16.0},{"not_picked":["hubris:Sniper","Underhanded Strike"],"picked":"Deadly Poison","floor":18.0},{"not_picked":["Distraction","Acrobatics"],"picked":"Deflect+1","floor":22.0},{"not_picked":["Deadly Poison","Heel Hook"],"picked":"Poisoned Stab","floor":23.0},{"not_picked":["hubris:SlightOfHand","Dodge and Roll"],"picked":"Dagger Throw+1","floor":24.0},{"not_picked":["Dodge and Roll","Outmaneuver"],"picked":"PiercingWail+1","floor":25.0},{"not_picked":["Envenom","Backflip"],"picked":"Slice","floor":27.0},{"not_picked":["Reflex","Outmaneuver","conspire:PoisonWeapons+1"],"picked":"SKIP","floor":29.0},{"not_picked":["hubris:SlightOfHand","Unload+1"],"picked":"Backflip","floor":30.0},{"not_picked":["Phantasmal Killer","Envenom"],"picked":"Burst","floor":33.0},{"not_picked":["Quick Slash+1","Deflect+1"],"picked":"Bouncing Flask+1","floor":35},{"not_picked":["Deadly Poison","Dagger Throw+1"],"picked":"Infinite Blades+1","floor":38},{"not_picked":["Dagger Throw+1","hubris:TrickCloak"],"picked":"Tactician+1","floor":39},{"not_picked":["Calculated Gamble","Deflect"],"picked":"Heel Hook+1","floor":41},{"not_picked":["Prepared+1","Quick Slash+1"],"picked":"Blade Dance","floor":44},{"not_picked":["Catalyst","Outmaneuver+1"],"picked":"Dash+1","floor":46}],"player_experience":13479,"relics_obtained":[{"floor":7.0,"key":"reliquary:ExpiredCoupon"},{"floor":9.0,"key":"aspiration:Lifesprig"},{"floor":26.0,"key":"hubris:MedicalManual"},{"floor":27.0,"key":"reliquary:RadioactivePellet"},{"floor":29.0,"key":"Bottled Lightning"},{"floor":31.0,"key":"conspire:Flyswatter"},{"floor":41,"key":"reliquary:JackalopeAntler"},{"floor":43,"key":"Strawberry"},{"floor":46,"key":"Eternal Feather"}],"event_choices":[{"damage_healed":0.0,"max_hp_gain":0.0,"max_hp_loss":0.0,"gold_gain":0.0,"cards_transformed":["Dodge and Roll"],"event_name":"Transmorgrifier","player_choice":"Transformed","floor":8.0,"gold_loss":0.0,"damage_taken":0.0,"cards_obtained":["Venomology"]},{"damage_healed":0.0,"max_hp_gain":0.0,"max_hp_loss":0.0,"gold_gain":0.0,"event_name":"Designer","player_choice":"Punched","floor":19.0,"gold_loss":0.0,"damage_taken":3.0},{"damage_healed":0.0,"max_hp_gain":0.0,"max_hp_loss":0.0,"gold_gain":0.0,"event_name":"FaceTrader","player_choice":"Trade","floor":21.0,"gold_loss":0.0,"damage_taken":0.0,"relics_obtained":["CultistMask"]},{"cards_removed":["Poisoned Stab"],"damage_healed":0.0,"max_hp_gain":0.0,"max_hp_loss":0.0,"gold_gain":0.0,"event_name":"WeMeetAgain","player_choice":"Gave Card","floor":28.0,"gold_loss":0.0,"damage_taken":0.0,"relics_obtained":["Molten Egg 2"]},{"damage_healed":0,"gold_gain":0,"player_choice":"Ignored","damage_taken":0,"max_hp_gain":0,"max_hp_loss":0,"event_name":"Tomb of Lord Red Mask","floor":37,"gold_loss":0},{"damage_healed":86,"gold_gain":0,"player_choice":"Heal","damage_taken":0,"max_hp_gain":0,"max_hp_loss":12,"event_name":"The Moai Head","floor":42,"gold_loss":0},{"damage_healed":0,"gold_gain":3,"player_choice":"3","damage_taken":0,"max_hp_gain":0,"max_hp_loss":0,"event_name":"betterStone:BetterStone","floor":48,"gold_loss":0,"cards_obtained":["Blade Dance"]}],"is_beta":false,"boss_relics":[{"not_picked":["hubris:VirtuousBlindfold","reliquary:KinkedSpring"],"picked":"hubris:GrandSneckoEye"},{"not_picked":["hubris:HollowSoul","Tiny House"],"picked":"Philosopher\u0027s Stone"}],"items_purged_floors":[],"is_endless":false,"potions_floor_spawned":[4,7,12,16,18,24,25,30,35,39],"killed_by":"conspire:OrnateMirror","ascension_level":0}}