{"host":"8jwrv7sn1174lfer","time":1613487323,"event":{"mods":["BaseMod","Colored Map","Colored Powertips","Highlight Path","Minty Spire (QoL Compilation)","StSLib"],"gold_per_floor":[219,219,294,309,333,372,385,385,385,401,422,453,8,24,24,114,114,127,141,164,164,189,189,222,238,265,298,313,238,252,252,252,348,348,369,369,388,403,9,9,40,64,87,99,145,157,204,234,246,258],"floor_reached":51,"language":"ENG","playtime":3719,"items_purged":[],"score":1408,"play_id":"dbb308c0-aa25-422a-b84d-68336ee775c1","local_time":"20210216095523","is_ascension_mode":true,"campfire_choices":[{"data":"Armaments","floor":8,"key":"SMITH"},{"data":"Apotheosis","floor":15,"key":"SMITH"},{"data":"Sentinel","floor":23,"key":"SMITH"},{"data":"Brutality","floor":32,"key":"SMITH"},{"data":"Pommel Strike","floor":40,"key":"SMITH"},{"floor":44,"key":"REST"},{"floor":49,"key":"REST"}],"circlet_count":0,"master_deck":["AscendersBane","Strike_R+1","Strike_R+1","Strike_R+1","Strike_R+1","Defend_R+1","Defend_R+1","Defend_R+1","Defend_R+1","Bash","Disarm","Dual Wield","Twin Strike","Feed","Armaments+1","Shockwave","Headbutt+1","Brutality+1","Apotheosis+1","Shrug It Off","Intimidate","Burning Pact","Corruption","Perfected Strike","Iron Wave","True Grit","Sentinel+1","Clothesline","Dark Embrace","Pummel","Barricade","True Grit","Pommel Strike+1","Shrug It Off","Wild Strike+1","Disarm"],"relics":["Burning Blood","Golden Idol","Red Skull","Dream Catcher","White Beast Statue","Nunchaku","Snecko Eye","Bronze Scales","Whetstone","Incense Burner","Busted Crown","Vajra","Pen Nib","Blood Vial","MawBank","Bag of Marbles","Juzu Bracelet"],"acts_visited":["Exordium","TheCity","TheBeyond"],"potions_floor_usage":[5,12,14,16,18,22,24,24,27,27,33,45,50,50],"damage_taken":[{"damage":6,"enemies":"2 Louse","floor":1,"turns":3},{"damage":7,"enemies":"Cultist","floor":4,"turns":5},{"damage":1,"enemies":"Small Slimes","floor":5,"turns":4},{"damage":60,"enemies":"3 Sentries","floor":6,"turns":12},{"damage":2,"enemies":"2 Fungi Beasts","floor":7,"turns":3},{"damage":4,"enemies":"Looter","floor":10,"turns":3},{"damage":6,"enemies":"Red Slaver","floor":11,"turns":5},{"damage":12,"enemies":"Lagavulin","floor":12,"turns":6},{"damage":0,"enemies":"3 Louse","floor":14,"turns":2},{"damage":23,"enemies":"Hexaghost","floor":16,"turns":9},{"damage":11,"enemies":"Spheric Guardian","floor":18,"turns":4},{"damage":9,"enemies":"3 Byrds","floor":19,"turns":5},{"damage":10,"enemies":"Snecko","floor":20,"turns":5},{"damage":39,"enemies":"Shelled Parasite and Fungi","floor":22,"turns":5},{"damage":14,"enemies":"Slavers","floor":24,"turns":3},{"damage":4,"enemies":"3 Cultists","floor":25,"turns":5},{"damage":16,"enemies":"Gremlin Leader","floor":27,"turns":5},{"damage":8,"enemies":"Centurion and Healer","floor":28,"turns":4},{"damage":15,"enemies":"Snake Plant","floor":30,"turns":5},{"damage":6,"enemies":"Champ","floor":33,"turns":8},{"damage":3,"enemies":"3 Shapes","floor":35,"turns":4},{"damage":7,"enemies":"Orb Walker","floor":37,"turns":3},{"damage":35,"enemies":"Sphere and 2 Shapes","floor":38,"turns":6},{"damage":28,"enemies":"Nemesis","floor":41,"turns":5},{"damage":4,"enemies":"Transient","floor":42,"turns":5},{"damage":2,"enemies":"Reptomancer","floor":45,"turns":3},{"damage":0,"enemies":"Giant Head","floor":47,"turns":5},{"damage":7,"enemies":"3 Darklings","floor":48,"turns":5},{"damage":47,"enemies":"Time Eater","floor":50,"turns":9}],"seed_played":"3171687396593214225","potions_obtained":[{"floor":1,"key":"Ancient Potion"},{"floor":4,"key":"BlessingOfTheForge"},{"floor":6,"key":"Regen Potion"},{"floor":12,"key":"Fire Potion"},{"floor":14,"key":"PowerPotion"},{"floor":16,"key":"Dexterity Potion"},{"floor":18,"key":"Weak Potion"},{"floor":19,"key":"Explosive Potion"},{"floor":22,"key":"Regen Potion"},{"floor":24,"key":"Dexterity Potion"},{"floor":25,"key":"Swift Potion"},{"floor":27,"key":"SteroidPotion"},{"floor":28,"key":"CultistPotion"},{"floor":33,"key":"CultistPotion"},{"floor":45,"key":"Fire Potion"}],"is_trial":false,"path_per_floor":["M","?","?","M","M","E","M","R","T","M","M","E","$","M","R","B",null,"M","M","M","?","M","R","E","M","T","E","M","?","M","?","R","B",null,"M","$","M","M","$","R","E","M","T","R","E","?","E","M","R","B",null],"character_chosen":"IRONCLAD","items_purchased":["Nunchaku","Apotheosis","Shrug It Off","Intimidate","Vajra","Pommel Strike","Pen Nib","Shrug It Off"],"campfire_rested":2,"item_purchase_floors":[13,13,13,13,39,39,39,39],"current_hp_per_floor":[72,72,65,64,69,15,22,22,22,24,28,38,38,44,44,31,75,70,67,63,63,34,34,39,45,45,39,41,41,36,36,36,40,98,105,105,104,79,79,79,57,61,61,98,104,125,125,124,125,84],"gold":270,"neow_bonus":"HUNDRED_GOLD","is_daily":false,"chose_seed":false,"campfire_upgraded":5,"win_rate":0.0,"timestamp":1613487323,"path_taken":["M","?","?","M","?","E","M","R","T","M","M","E","$","M","R","BOSS","M","M","M","?","?","R","E","M","T","E","M","?","M","?","R","BOSS","M","$","M","M","$","R","E","M","T","R","E","?","E","M","R","BOSS"],"items_purchased_type":["Relic","Card","Card","Card","Relic","Card","Relic","Card"],"build_version":"2020-12-22","purchased_purges":0,"victory":true,"max_hp_per_floor":[80,74,74,74,74,74,77,77,77,77,81,85,85,85,85,89,89,89,89,89,89,93,93,97,101,101,105,109,109,113,113,113,117,117,121,121,121,125,125,125,125,125,125,125,125,125,125,125,125,125],"card_choices":[{"not_picked":["Havoc","Sword Boomerang"],"picked":"Disarm","floor":1},{"not_picked":["Second Wind","Havoc"],"picked":"Dual Wield","floor":4},{"not_picked":["Wild Strike","Body Slam"],"picked":"Twin Strike","floor":5},{"not_picked":["Rage","Carnage"],"picked":"Feed","floor":6},{"not_picked":["Perfected Strike","True Grit"],"picked":"Armaments","floor":7},{"not_picked":["Inflame","Twin Strike"],"picked":"Shockwave","floor":10},{"not_picked":["Pommel Strike","Body Slam"],"picked":"Headbutt","floor":11},{"not_picked":["Bloodletting","Battle Trance"],"picked":"Brutality","floor":12},{"not_picked":["Clash","Heavy Blade"],"picked":"Burning Pact","floor":14},{"not_picked":["Exhume","Berserk"],"picked":"Corruption","floor":16},{"not_picked":["Flex","Headbutt"],"picked":"Perfected Strike","floor":18},{"not_picked":["Reckless Charge+1","Clash+1"],"picked":"Iron Wave","floor":19},{"not_picked":["Dual Wield","Flex"],"picked":"True Grit","floor":20},{"not_picked":["Flex+1","Anger"],"picked":"Sentinel","floor":22},{"not_picked":["Battle Trance","Disarm","Bloodletting"],"picked":"SKIP","floor":24},{"not_picked":["Rage","Heavy Blade","Cleave+1"],"picked":"SKIP","floor":25},{"not_picked":["Flame Barrier","Fire Breathing"],"picked":"Clothesline","floor":27},{"not_picked":["Clothesline","Bloodletting"],"picked":"Dark Embrace","floor":28},{"not_picked":["Brutality","Cleave"],"picked":"Pummel","floor":30},{"not_picked":["Fiend Fire","Bludgeon"],"picked":"Barricade","floor":33},{"not_picked":[],"picked":"True Grit","floor":35},{"not_picked":["Clothesline"],"picked":"SKIP","floor":37},{"not_picked":["Fire Breathing"],"picked":"SKIP","floor":38},{"not_picked":["Burning Pact"],"picked":"SKIP","floor":41},{"not_picked":[],"picked":"Rage+1","floor":42},{"not_picked":[],"picked":"Wild Strike+1","floor":44},{"not_picked":["Berserk"],"picked":"SKIP","floor":45},{"not_picked":["Fire Breathing"],"picked":"SKIP","floor":47},{"not_picked":[],"picked":"Disarm","floor":48}],"player_experience":635352,"relics_obtained":[{"floor":6,"key":"Red Skull"},{"floor":9,"key":"Dream Catcher"},{"floor":12,"key":"White Beast Statue"},{"floor":24,"key":"Bronze Scales"},{"floor":26,"key":"Whetstone"},{"floor":27,"key":"Incense Burner"},{"floor":41,"key":"Blood Vial"},{"floor":43,"key":"MawBank"},{"floor":45,"key":"Bag of Marbles"},{"floor":47,"key":"Juzu Bracelet"}],"event_choices":[{"damage_healed":0,"gold_gain":0,"player_choice":"Lose Max HP","damage_taken":0,"relics_obtained":["Golden Idol"],"max_hp_gain":0,"max_hp_loss":6,"event_name":"Golden Idol","floor":2,"gold_loss":0},{"damage_healed":0,"gold_gain":75,"player_choice":"Touch","damage_taken":7,"max_hp_gain":0,"max_hp_loss":0,"event_name":"FaceTrader","floor":3,"gold_loss":0},{"damage_healed":0,"gold_gain":0,"player_choice":"Bought 0 Potions","damage_taken":0,"max_hp_gain":0,"max_hp_loss":0,"event_name":"The Woman in Blue","floor":21,"gold_loss":0},{"cards_removed":["Strike_R"],"damage_healed":0,"gold_gain":0,"player_choice":"Gave Gold","damage_taken":0,"max_hp_gain":0,"max_hp_loss":0,"event_name":"Beggar","floor":29,"gold_loss":75},{"damage_healed":0,"gold_gain":0,"player_choice":"Simplicity","damage_taken":0,"max_hp_gain":0,"max_hp_loss":0,"event_name":"Back to Basics","floor":31,"gold_loss":0,"cards_upgraded":["Strike_R","Strike_R","Strike_R","Defend_R","Defend_R","Defend_R","Defend_R"]},{"cards_removed":["Rage"],"damage_healed":21,"gold_gain":0,"player_choice":"Offered Uncommon","damage_taken":0,"max_hp_gain":0,"max_hp_loss":0,"event_name":"Bonfire Elementals","floor":46,"gold_loss":0}],"is_beta":false,"boss_relics":[{"not_picked":["Runic Cube","Empty Cage"],"picked":"Snecko Eye"},{"not_picked":["Velvet Choker","Runic Pyramid"],"picked":"Busted Crown"}],"items_purged_floors":[],"is_endless":false,"potions_floor_spawned":[1,4,6,12,14,16,18,19,20,22,24,25,27,28,30,33,35,37,38,41,42,45,47,48],"ascension_level":13}}