{"host":"dn6kke80v5f7isus","time":1613511781,"event":{"mods":["AchievementEnabler","Act Like it!","Astrologer","BaseMod","Colored Powertips","Custom Start","Defuse TimeMaze Blight","Energized Spire","Gremlin Skip","Highlight Path","Hubris","Infinite Spire","Marisa????????","Marked Mod","Minty Spire (QoL Compilation)","Quick Restart","Rare Cards Sparkle","Reliquary","Replay The Spire","StSLib","The Servant 0.9.4","Uncapped","Unceasing Turn Reminder"],"gold_per_floor":[119,69,69,83,83,110,110,110,110],"floor_reached":8,"language":"ENG","playtime":638,"items_purged":[],"score":83,"play_id":"fa22328e-29b7-4739-b333-773a015ae260","local_time":"20210216164301","is_ascension_mode":true,"campfire_choices":[{"data":"infinitespire:FutureSight","floor":7,"key":"SMITH"}],"circlet_count":0,"master_deck":["Strike_G","Strike_G","Strike_G","Strike_G","Defend_G","Defend_G","Defend_G","Defend_G","Defend_G","Survivor","Neutralize","Prepared+1","ReplayTheSpireMod:Speed Training","infinitespire:FutureSight+1"],"relics":["Ring of the Snake","NeowsBlessing","Peace Pipe"],"acts_visited":["Exordium"],"potions_floor_usage":[8],"damage_taken":[{"damage":0,"enemies":"2 Louse","floor":1,"turns":1},{"damage":0,"enemies":"Small Slimes","floor":4,"turns":1},{"damage":0,"enemies":"Lagavulin","floor":6,"turns":1},{"damage":0,"enemies":"Gremlin Nob","floor":8,"turns":3}],"seed_played":"-7836393573133246063","potions_obtained":[{"floor":4,"key":"LifebloodPotion"}],"is_trial":false,"path_per_floor":["M","?","?","M","?","E","R","E"],"character_chosen":"THE_SILENT","items_purchased":[],"campfire_rested":0,"item_purchase_floors":[],"current_hp_per_floor":[70,70,70,70,53,53,53,53,53],"gold":110,"neow_bonus":"THREE_ENEMY_KILL","is_daily":false,"chose_seed":false,"campfire_upgraded":1,"win_rate":0.0,"timestamp":1613511781,"path_taken":["M","?","?","M","?","E","R","E"],"items_purchased_type":[],"build_version":"2020-12-22","purchased_purges":0,"victory":false,"max_hp_per_floor":[70,70,70,70,70,70,70,70,70],"card_choices":[{"not_picked":["Finisher","Sneak Up"],"picked":"Prepared","floor":1},{"not_picked":["Quick Slash","Flying Knee"],"picked":"ReplayTheSpireMod:Speed Training","floor":4},{"not_picked":["hubris:Fate","ReplayTheSpireMod:Echoes of Time"],"picked":"infinitespire:FutureSight","floor":5},{"not_picked":["ReplayTheSpireMod:Exploit Weakness","Quick Slash","Endless Agony"],"picked":"SKIP","floor":6}],"player_experience":450078,"relics_obtained":[{"floor":6,"key":"Peace Pipe"}],"event_choices":[{"cards_removed":["Strike_G"],"damage_healed":0,"gold_gain":0,"player_choice":"Card Removal","damage_taken":0,"max_hp_gain":0,"max_hp_loss":0,"event_name":"The Cleric","floor":2,"gold_loss":50}],"is_beta":false,"boss_relics":[],"items_purged_floors":[],"is_endless":false,"potions_floor_spawned":[4],"killed_by":"Gremlin Nob","ascension_level":1}}