{"host":"c6u7e77myxvw4d0m","time":1613503767,"event":{"mods":["AchievementEnabler","BaseMod","Bestiary","Colored Map","Colored Powertips","Minty Spire (QoL Compilation)","Rare Cards Sparkle","Relic Stats","everything is the same but u backflip on backflip"],"gold_per_floor":[115,127,142,152,172,172,190,222,222,222,297,5,5,25,25,103,103,116,126,146,71,71,104,122,150,176,176,189,224,243,52,52,125,125,138,157,174,212,58,83,83,111,157,157,168,195,195,70,70,70,70,70],"floor_reached":51,"language":"ENG","playtime":4345,"items_purged":["Writhe","Strike_G","Strike_G"],"score":1727,"play_id":"82de7799-5337-433b-a241-93bad4b52970","local_time":"20210216212927","is_ascension_mode":true,"campfire_choices":[{"data":"Blade Dance","floor":6.0,"key":"SMITH"},{"floor":10.0,"key":"REST"},{"data":"Blade Dance","floor":13.0,"key":"SMITH"},{"data":"Malaise","floor":15.0,"key":"SMITH"},{"data":"Wraith Form v2","floor":27.0,"key":"SMITH"},{"floor":32.0,"key":"REST"},{"data":"Wraith Form v2","floor":41.0,"key":"SMITH"},{"data":"Well Laid Plans","floor":47.0,"key":"SMITH"},{"data":"Blade Dance","floor":49.0,"key":"SMITH"}],"circlet_count":0,"master_deck":["AscendersBane","Strike_G","Defend_G","Defend_G","Defend_G","Defend_G","Defend_G","Survivor","Neutralize","After Image","Blade Dance+1","Blade Dance+1","Endless Agony","Dodge and Roll","Quick Slash","Masterful Stab","Well Laid Plans+1","Malaise+1","Blade Dance+1","Wraith Form v2+1","Backstab","Accuracy","Corpse Explosion","Cloak And Dagger","Accuracy","PiercingWail","Infinite Blades","Panache","Venomology","Prepared+1","PiercingWail","Cloak And Dagger","PiercingWail","Wraith Form v2+1","Caltrops","Terror"],"relics":["Ring of the Snake","Matryoshka","Ninja Scroll","Akabeko","SacredBark","Vajra","Gremlin Horn","Mercury Hourglass","Toy Ornithopter","Thread and Needle","Philosopher\u0027s Stone","Bottled Flame","White Beast Statue","MealTicket","Pen Nib"],"acts_visited":["Exordium","TheCity","TheBeyond"],"potions_floor_usage":[50,50,50],"damage_taken":[{"damage":4.0,"enemies":"Small Slimes","floor":1.0,"turns":6.0},{"damage":0.0,"enemies":"2 Louse","floor":2.0,"turns":2.0},{"damage":5.0,"enemies":"Jaw Worm","floor":3.0,"turns":4.0},{"damage":0.0,"enemies":"Gremlin Gang","floor":4.0,"turns":6.0},{"damage":9.0,"enemies":"Lots of Slimes","floor":5.0,"turns":5.0},{"damage":0.0,"enemies":"2 Fungi Beasts","floor":7.0,"turns":4.0},{"damage":21.0,"enemies":"Gremlin Nob","floor":8.0,"turns":4.0},{"damage":0.0,"enemies":"3 Louse","floor":14.0,"turns":1.0},{"damage":0.0,"enemies":"Hexaghost","floor":16.0,"turns":9.0},{"damage":8.0,"enemies":"Shell Parasite","floor":18.0,"turns":8.0},{"damage":0.0,"enemies":"Chosen","floor":19.0,"turns":5.0},{"damage":17.0,"enemies":"Snake Plant","floor":20.0,"turns":9.0},{"damage":10.0,"enemies":"Slavers","floor":23.0,"turns":7.0},{"damage":1.0,"enemies":"Shelled Parasite and Fungi","floor":24.0,"turns":5.0},{"damage":2.0,"enemies":"Gremlin Leader","floor":25.0,"turns":5.0},{"damage":3.0,"enemies":"Snecko","floor":28.0,"turns":5.0},{"damage":0.0,"enemies":"Slavers","floor":29.0,"turns":1.0},{"damage":1.0,"enemies":"Centurion and Healer","floor":30.0,"turns":4.0},{"damage":12.0,"enemies":"Automaton","floor":33.0,"turns":9.0},{"damage":0.0,"enemies":"3 Darklings","floor":35.0,"turns":4.0},{"damage":0.0,"enemies":"Orb Walker","floor":36.0,"turns":2.0},{"damage":0.0,"enemies":"Spire Growth","floor":37.0,"turns":3.0},{"damage":7.0,"enemies":"Writhing Mass","floor":38.0,"turns":7.0},{"damage":0.0,"enemies":"Reptomancer","floor":40.0,"turns":6.0},{"damage":34.0,"enemies":"Giant Head","floor":42.0,"turns":10.0},{"damage":0.0,"enemies":"Jaw Worm Horde","floor":45.0,"turns":1.0},{"damage":15.0,"enemies":"Nemesis","floor":46.0,"turns":7.0},{"damage":34,"enemies":"Awakened One","floor":50,"turns":11},{"damage":29,"enemies":"Time Eater","floor":51,"turns":6}],"seed_played":"8178330748957579218","potions_obtained":[{"floor":2.0,"key":"FearPotion"},{"floor":7.0,"key":"Block Potion"},{"floor":14.0,"key":"Swift Potion"},{"floor":20.0,"key":"Block Potion"},{"floor":24.0,"key":"AttackPotion"},{"floor":25.0,"key":"Explosive Potion"},{"floor":29.0,"key":"AttackPotion"},{"floor":36.0,"key":"Strength Potion"},{"floor":42.0,"key":"Poison Potion"},{"floor":45.0,"key":"Weak Potion"},{"floor":46.0,"key":"PowerPotion"}],"is_trial":false,"path_per_floor":["M","M","M","M","M","R","M","E","T","R","?","$","R","M","R","B",null,"M","M","M","?","?","E","M","E","T","R","M","E","M","$","R","B",null,"M","M","M","M","$","E","R","E","T","?","M","E","R","$","R","B","B"],"character_chosen":"THE_SILENT","items_purchased":["Malaise","Strength Potion","Panache","Block Potion"],"campfire_rested":2,"item_purchase_floors":[12,12,31,39],"current_hp_per_floor":[55,55,50,50,41,41,41,20,20,39,28,28,28,28,28,28,57,49,49,32,32,32,22,21,19,19,19,16,26,25,25,44,37,59,59,59,66,66,66,66,66,36,36,36,41,36,36,51,51,29,0,0],"gold":70,"neow_bonus":"THREE_RARE_CARDS","is_daily":false,"chose_seed":false,"campfire_upgraded":7,"win_rate":0.0,"timestamp":1613503767,"path_taken":["M","M","M","M","M","R","M","E","T","R","?","$","R","M","R","BOSS","M","M","M","?","?","E","M","E","T","R","M","E","M","$","R","BOSS","M","?","M","M","?","E","R","E","T","?","M","E","R","$","R","BOSS","BOSS"],"items_purchased_type":["Card","Potion","Card","Potion"],"build_version":"2020-12-22","purchased_purges":3,"victory":false,"max_hp_per_floor":[66,66,66,66,66,66,66,66,66,66,66,66,66,66,66,66,66,66,66,66,66,66,66,66,66,66,66,66,66,66,66,66,66,66,66,66,66,66,66,66,66,66,66,63,63,63,63,63,63,63,63,63],"relic_stats":{"Gremlin Horn":[23,22],"counters":[29,154],"MealTicket":15,"Pen Nib":[6],"obtain_stats":[{"Gremlin Horn":25,"SacredBark":17,"Vajra":23,"Thread and Needle":29,"Pen Nib":46,"Akabeko":9,"White Beast Statue":42,"Mercury Hourglass":26,"Bottled Flame":40,"Matryoshka":8,"Ninja Scroll":9,"Philosopher\u0027s Stone":34,"MealTicket":43,"Toy Ornithopter":26,"Ring of the Snake":0},{"Gremlin Horn":15,"SacredBark":9,"Vajra":13,"Thread and Needle":17,"Pen Nib":27,"Akabeko":7,"White Beast Statue":25,"Mercury Hourglass":15,"Bottled Flame":24,"Matryoshka":7,"Ninja Scroll":7,"Philosopher\u0027s Stone":19,"MealTicket":25,"Toy Ornithopter":15,"Ring of the Snake":0},{"Gremlin Horn":80,"SacredBark":41,"Vajra":70,"Thread and Needle":85,"Pen Nib":137,"Akabeko":31,"White Beast Statue":129,"Mercury Hourglass":80,"Bottled Flame":120,"Matryoshka":31,"Ninja Scroll":31,"Philosopher\u0027s Stone":98,"MealTicket":129,"Toy Ornithopter":80,"Ring of the Snake":0}],"Toy Ornithopter":60,"Ring of the Snake":[57],"Mercury Hourglass":[269]},"card_choices":[{"not_picked":["Burst","Grand Finale"],"picked":"After Image","floor":0.0},{"not_picked":["Dagger Spray","Quick Slash"],"picked":"Blade Dance","floor":1.0},{"not_picked":["Outmaneuver","Acrobatics"],"picked":"Blade Dance","floor":2.0},{"not_picked":["Dodge and Roll","Acrobatics"],"picked":"Endless Agony","floor":3.0},{"not_picked":["Skewer","Bouncing Flask"],"picked":"Dodge and Roll","floor":4.0},{"not_picked":["Setup","Deadly Poison"],"picked":"Quick Slash","floor":5.0},{"not_picked":["Flying Knee","Blur"],"picked":"Masterful Stab","floor":7.0},{"not_picked":["Crippling Poison","Bouncing Flask"],"picked":"Well Laid Plans","floor":8.0},{"not_picked":["Eviscerate","Dagger Spray"],"picked":"Blade Dance","floor":14.0},{"not_picked":["Phantasmal Killer","Burst"],"picked":"Wraith Form v2","floor":16.0},{"not_picked":["Outmaneuver","Terror"],"picked":"Backstab","floor":18.0},{"not_picked":["Outmaneuver","Dodge and Roll","Deadly Poison"],"picked":"SKIP","floor":19.0},{"not_picked":["Dagger Spray","Outmaneuver"],"picked":"Accuracy","floor":20.0},{"not_picked":["Expertise+1","Reflex+1","Backflip"],"picked":"SKIP","floor":23.0},{"not_picked":["Leg Sweep","Deflect"],"picked":"Corpse Explosion","floor":24.0},{"not_picked":["Backstab","Prepared"],"picked":"Cloak And Dagger","floor":25.0},{"not_picked":["Masterful Stab","Acrobatics"],"picked":"Accuracy","floor":28.0},{"not_picked":["Doppelganger","Infinite Blades"],"picked":"PiercingWail","floor":29.0},{"not_picked":["Poisoned Stab","Dagger Spray"],"picked":"Infinite Blades","floor":30.0},{"not_picked":["Grand Finale","Tools of the Trade"],"picked":"Venomology","floor":33.0},{"not_picked":["Expertise+1","Leg Sweep"],"picked":"Prepared+1","floor":35.0},{"not_picked":["Poisoned Stab","Flying Knee"],"picked":"PiercingWail","floor":36.0},{"not_picked":["Caltrops","Sucker Punch+1"],"picked":"Cloak And Dagger","floor":37.0},{"not_picked":["Flechettes+1","Dagger Spray"],"picked":"PiercingWail","floor":38.0},{"not_picked":["Deflect","Terror"],"picked":"Wraith Form v2","floor":40.0},{"not_picked":["Flying Knee","Sucker Punch"],"picked":"Caltrops","floor":42.0},{"not_picked":["Acrobatics","Heel Hook","Expertise"],"picked":"SKIP","floor":45.0},{"not_picked":["Dodge and Roll","Skewer"],"picked":"Terror","floor":46.0}],"player_experience":817668,"relics_obtained":[{"floor":8.0,"key":"Matryoshka"},{"floor":9.0,"key":"Ninja Scroll"},{"floor":9.0,"key":"Akabeko"},{"floor":23.0,"key":"Vajra"},{"floor":25.0,"key":"Gremlin Horn"},{"floor":26.0,"key":"Mercury Hourglass"},{"floor":26.0,"key":"Toy Ornithopter"},{"floor":29.0,"key":"Thread and Needle"},{"floor":40.0,"key":"Bottled Flame"},{"floor":42.0,"key":"White Beast Statue"},{"floor":43.0,"key":"MealTicket"},{"floor":46.0,"key":"Pen Nib"}],"event_choices":[{"damage_healed":0.0,"max_hp_gain":0.0,"max_hp_loss":0.0,"gold_gain":75.0,"event_name":"World of Goop","player_choice":"Gather Gold","floor":11.0,"gold_loss":0.0,"damage_taken":11.0},{"cards_removed":["Strike_G"],"damage_healed":0.0,"max_hp_gain":0.0,"max_hp_loss":0.0,"gold_gain":0.0,"event_name":"Beggar","player_choice":"Gave Gold","floor":21.0,"gold_loss":75.0,"damage_taken":0.0},{"cards_removed":["Strike_G"],"damage_healed":0.0,"max_hp_gain":0.0,"max_hp_loss":0.0,"gold_gain":0.0,"event_name":"Bonfire Elementals","player_choice":"Offered Basic","floor":22.0,"gold_loss":0.0,"damage_taken":0.0},{"damage_healed":0.0,"max_hp_gain":0.0,"max_hp_loss":3.0,"gold_gain":0.0,"event_name":"Winding Halls","player_choice":"Max HP","floor":44.0,"gold_loss":0.0,"damage_taken":0.0}],"is_beta":false,"boss_relics":[{"not_picked":["Velvet Choker","Fusion Hammer"],"picked":"SacredBark"},{"not_picked":["Snecko Eye","Runic Dome"],"picked":"Philosopher\u0027s Stone"}],"items_purged_floors":[12,39,48],"is_endless":false,"potions_floor_spawned":[2,7,14,20,24,25,28,29,36,40,42,45,46],"killed_by":"Time Eater","ascension_level":20}}