{"host":"m6rwrrl4vtok99e8","time":1613475900,"event":{"mods":["Act Like it!","Arknights","Aspiration","BaseMod","Colored Powertips","Downfall","KomeijiMod","LagranYue(???·?)","Lobotomy","Marisa????????","Minty Spire (QoL Compilation)","Quick Restart","Reliquary","Remilia??????","Replay The Spire","StSLib","The Bug Knight","The Hierophant","The Servant 0.9.4","Waifu the Spire","WarShipGirlsR/????R mod","Youmu??????","Yuri Mod"],"gold_per_floor":[99,116,131,142,160,170,196,32,48,67,67,163,176,176,189,189,189],"floor_reached":16,"language":"ZHS","playtime":1126,"items_purged":["LagranYue:BaseDefendCard"],"score":98,"play_id":"03bc663e-b2df-4b91-9444-5a40be319e21","local_time":"20210216194500","is_ascension_mode":false,"campfire_choices":[{"floor":1,"key":"RECALL"},{"data":"LagranYue:AttackPurpleCard","floor":11,"key":"SMITH"}],"circlet_count":0,"master_deck":["LagranYue:BaseAttackCard","LagranYue:BaseAttackCard","LagranYue:BaseAttackCard","LagranYue:BaseDefendCard","LagranYue:BaseDefendCard","LagranYue:AttackTopazCard","LagranYue:SkillBrokenSwordCard","LagranYue:BaseAttackCard","LagranYue:BaseDefendCard","LagranYue:AttackPurpleCard+1","LagranYue:AttackCrowCrossbowCard","LagranYue:ProjectionCard","LagranYue:AttackCellGodCard","LagranYue:AttackEngravingRoseCard","LagranYue:PowerGoldStartCard","LagranYue:AttackWaltzCard","LagranYue:PowerRemoveArmorCard","LagranYue:AttackEngravingRoseCard","LagranYue:SkillBrokenShieldCard","LagranYue:AttackEngravingRoseCard","Injury","LagranYue:PhysicalFitnessCard+1"],"relics":["LagranYue:ArmsProficiencyRelics","LagranYue:RandomDrawCardRelic","Boot","reliquary:SilkGlove","Toxic Egg 2"],"acts_visited":["Exordium"],"potions_floor_usage":[16,16],"damage_taken":[{"damage":10,"enemies":"ats:Genji","floor":2,"turns":5},{"damage":0,"enemies":"Cultist","floor":3,"turns":3},{"damage":8,"enemies":"Jaw Worm","floor":4,"turns":4},{"damage":13,"enemies":"3 Louse","floor":5,"turns":3},{"damage":12,"enemies":"2 Fungi Beasts","floor":6,"turns":4},{"damage":0,"enemies":"downfall:FleeingMerchant","floor":8,"turns":4},{"damage":5,"enemies":"Lots of Slimes","floor":9,"turns":2},{"damage":0,"enemies":"Large Slime","floor":10,"turns":3},{"damage":1,"enemies":"3 Louse","floor":13,"turns":3},{"damage":5,"enemies":"Blue Slaver","floor":15,"turns":2},{"damage":23,"enemies":"IC_STATUS_ARCHETYPE","floor":16,"turns":4}],"seed_played":"-6644379060131650255","potions_obtained":[{"floor":3,"key":"SpeedPotion"},{"floor":4,"key":"Swift Potion"},{"floor":6,"key":"BlessingOfTheForge"},{"floor":15,"key":"Adrenaline Potion"}],"is_trial":false,"path_per_floor":["R","M","M","M","M","M","T","$","M","M","R","?","M","?","M","B"],"character_chosen":"LagranYueCharacter","items_purchased":["LagranYue:PowerGoldStartCard"],"campfire_rested":0,"item_purchase_floors":[8],"current_hp_per_floor":[82,72,72,64,51,39,39,39,34,34,34,14,13,13,8,0,0],"gold":189,"neow_bonus":"TEN_PERCENT_HP_BONUS","is_daily":false,"chose_seed":false,"campfire_upgraded":1,"win_rate":0.0,"timestamp":1613475900,"path_taken":["R","M","M","M","?","M","T","$","M","M","R","?","M","?","M","BOSS"],"items_purchased_type":["Card"],"build_version":"2020-12-22","purchased_purges":1,"victory":false,"max_hp_per_floor":[82,82,82,82,82,82,82,82,82,82,82,82,82,82,82,82,82],"card_choices":[{"not_picked":["LagranYue:AttackKillerCard","LagranYue:AttackSapphireCard"],"picked":"LagranYue:AttackPurpleCard","floor":2},{"not_picked":["LagranYue:AttackIceCard","LagranYue:AttackSapphireCard","LagranYue:AttackDevilCard"],"picked":"SKIP","floor":3},{"not_picked":["LagranYue:AttackKillerCard","LagranYue:DefendBetterCard"],"picked":"LagranYue:AttackCrowCrossbowCard","floor":4},{"not_picked":["LagranYue:DefendBetterCard","LagranYue:SkillLiberationCard"],"picked":"LagranYue:ProjectionCard","floor":5},{"not_picked":["LagranYue:AttackTopazCard","LagranYue:FantasyCard"],"picked":"LagranYue:AttackCellGodCard","floor":6},{"not_picked":["LagranYue:PowerTwelveTrialsCard","LagranYue:SkillTestamentCard"],"picked":"LagranYue:AttackEngravingRoseCard","floor":8},{"not_picked":["LagranYue:AttackPurpleCard","LagranYue:SkillWoodSpearCard"],"picked":"LagranYue:AttackWaltzCard","floor":9},{"not_picked":["LagranYue:AttackSummerCard","LagranYue:AttackRubyCard"],"picked":"LagranYue:PowerRemoveArmorCard","floor":10},{"not_picked":["LagranYue:TestChooseCard","LagranYue:LifeForgingCard"],"picked":"LagranYue:AttackEngravingRoseCard","floor":12},{"not_picked":["LagranYue:EmeraldRemorseCard","LagranYue:AttackDivineGuidanceCard"],"picked":"LagranYue:SkillBrokenShieldCard","floor":12},{"not_picked":["LagranYue:AttackGoldCard","LagranYue:AttackEnchantmentCard"],"picked":"LagranYue:AttackEngravingRoseCard","floor":13},{"not_picked":["LagranYue:PowerBloodyTempleCard","LagranYue:AttackDevilCard"],"picked":"LagranYue:PhysicalFitnessCard+1","floor":15}],"player_experience":19511,"relics_obtained":[{"floor":7,"key":"Boot"},{"floor":12,"key":"reliquary:SilkGlove"}],"event_choices":[],"is_beta":false,"boss_relics":[],"items_purged_floors":[8],"is_endless":false,"potions_floor_spawned":[3,4,6,15],"killed_by":"IC_STATUS_ARCHETYPE","ascension_level":0}}