{"host":"91blwi3hgehj6ch9","time":1613487137,"event":{"mods":["2.2 Compatiblity","AchievementEnabler","BaseMod","Colored Map","DeckTracker","Keyboard Shortcuts","Minty Spire (QoL Compilation)","Permanent Neow","StSLib","SuperFastMode","everything is the same but u backflip on backflip"],"gold_per_floor":[110,123,136,61,61,61,72,72,119,119,119,119,119,119,119,194,194,210,156,156,71,71,71,82,82,82,82,32,0,23,41,41,112,112,122,122,72,90,90,90,90],"floor_reached":40,"language":"KOR","playtime":1116,"items_purged":["Strike_G","Strike_G","Strike_G"],"score":736,"play_id":"0bca771a-6a1c-4017-aa12-f168a6b6f611","local_time":"20210216235217","is_ascension_mode":true,"campfire_choices":[{"data":"Blade Dance","floor":6.0,"key":"SMITH"},{"data":"Envenom","floor":10.0,"key":"SMITH"},{"data":"Neutralize","floor":12.0,"key":"SMITH"},{"floor":15.0,"key":"REST"},{"data":"Acrobatics","floor":23.0,"key":"SMITH"},{"floor":25.0,"key":"REST"},{"floor":32.0,"key":"REST"}],"circlet_count":0,"master_deck":["AscendersBane","Defend_G","Defend_G","Defend_G","Survivor","Neutralize+1","Blade Dance+1","Dagger Throw","Envenom+1","Grand Finale","Acrobatics+1","Well Laid Plans+1","Backflip","Dark Shackles"],"relics":["Ring of the Snake","Turnip","Juzu Bracelet","Smiling Mask","Empty Cage","HornCleat","Pear","Question Card","Regal Pillow","SacredBark"],"acts_visited":["Exordium","TheCity","TheBeyond"],"potions_floor_usage":[38],"damage_taken":[{"damage":0.0,"enemies":"Small Slimes","floor":1.0,"turns":4.0},{"damage":0.0,"enemies":"Jaw Worm","floor":2.0,"turns":3.0},{"damage":0.0,"enemies":"Cultist","floor":3.0,"turns":3.0},{"damage":0.0,"enemies":"Large Slime","floor":7.0,"turns":5.0},{"damage":16.0,"enemies":"Hexaghost","floor":16.0,"turns":9.0},{"damage":11.0,"enemies":"3 Byrds","floor":18.0,"turns":5.0},{"damage":15.0,"enemies":"Shell Parasite","floor":24.0,"turns":4.0},{"damage":46.0,"enemies":"Cultist and Chosen","floor":31.0,"turns":9.0},{"damage":31.0,"enemies":"Champ","floor":33.0,"turns":8.0},{"damage":34.0,"enemies":"3 Shapes","floor":35.0,"turns":5.0},{"damage":40,"enemies":"Orb Walker","floor":38,"turns":5},{"damage":47,"enemies":"Nemesis","floor":40,"turns":5}],"seed_played":"-4176018173687910125","potions_obtained":[{"floor":2.0,"key":"FearPotion"},{"floor":7.0,"key":"FairyPotion"},{"floor":31.0,"key":"Energy Potion"},{"floor":35.0,"key":"Regen Potion"},{"floor":38,"key":"Explosive Potion"}],"is_trial":false,"path_per_floor":["M","M","M","$","?","R","M","?","T","R","?","R","?","?","R","B",null,"M","?","?","?","?","R","M","R","T","?","$","?","T","M","R","B",null,"M","?","$","M","?","E"],"character_chosen":"THE_SILENT","items_purchased":[],"campfire_rested":3,"item_purchase_floors":[],"current_hp_per_floor":[59,59,59,59,59,59,59,59,59,59,52,52,60,34,52,36,54,43,43,27,37,31,31,16,38,38,38,38,38,38,22,59,28,63,29,29,29,29,29,0,0],"gold":90,"neow_bonus":"ONE_RARE_RELIC","is_daily":false,"chose_seed":false,"campfire_upgraded":4,"win_rate":0.0,"timestamp":1613487137,"path_taken":["M","M","M","$","?","R","M","?","T","R","?","R","?","?","R","BOSS","M","?","?","?","?","R","M","R","T","?","$","?","?","M","R","BOSS","M","?","$","M","?","E"],"items_purchased_type":[],"build_version":"2020-12-22","purchased_purges":3,"victory":false,"max_hp_per_floor":[60,60,60,60,60,60,60,60,60,60,60,60,60,60,60,60,60,60,60,65,75,75,75,75,75,75,75,75,75,75,75,75,75,75,75,75,75,75,75,75,75],"card_choices":[{"not_picked":["Prepared","Backflip"],"picked":"Blade Dance","floor":1.0},{"not_picked":["Sucker Punch","Underhanded Strike"],"picked":"Dagger Throw","floor":2.0},{"not_picked":["Sucker Punch","Backflip","Quick Slash"],"picked":"SKIP","floor":3.0},{"not_picked":["Well Laid Plans","Deadly Poison"],"picked":"Envenom","floor":7.0},{"not_picked":["Night Terror","Bullet Time"],"picked":"Grand Finale","floor":16.0},{"not_picked":["Calculated Gamble","Bouncing Flask"],"picked":"Acrobatics","floor":18.0},{"not_picked":["Blade Dance","Backflip"],"picked":"Well Laid Plans","floor":24.0},{"not_picked":["Eviscerate","Dagger Throw","Endless Agony","Cloak And Dagger"],"picked":"SKIP","floor":31.0},{"not_picked":["Dagger Throw","Eviscerate+1","Slice","Poisoned Stab"],"picked":"SKIP","floor":35.0},{"not_picked":["Acrobatics","Caltrops","Flechettes+1"],"picked":"Backflip","floor":38},{"not_picked":["Flash of Steel","Good Instincts","Madness"],"picked":"Dark Shackles","floor":39}],"player_experience":274540,"relics_obtained":[{"floor":9.0,"key":"Juzu Bracelet"},{"floor":26.0,"key":"Question Card"},{"floor":30.0,"key":"Regal Pillow"}],"event_choices":[{"cards_removed":["Defend_G"],"damage_healed":0.0,"max_hp_gain":0.0,"max_hp_loss":0.0,"gold_gain":0.0,"event_name":"Living Wall","player_choice":"Forget","floor":5.0,"gold_loss":0.0,"damage_taken":0.0},{"damage_healed":0.0,"max_hp_gain":0.0,"max_hp_loss":0.0,"gold_gain":0.0,"event_name":"Liars Game","player_choice":"Ignored","floor":8.0,"gold_loss":0.0,"damage_taken":0.0},{"cards_removed":["Strike_G"],"damage_healed":0.0,"max_hp_gain":0.0,"max_hp_loss":0.0,"gold_gain":0.0,"event_name":"Golden Wing","player_choice":"Card Removal","floor":11.0,"gold_loss":0.0,"damage_taken":7.0},{"damage_healed":8.0,"max_hp_gain":0.0,"max_hp_loss":0.0,"gold_gain":0.0,"event_name":"Wheel of Change","player_choice":"Full Heal","floor":13.0,"gold_loss":0.0,"damage_taken":0.0},{"damage_healed":0.0,"max_hp_gain":0.0,"max_hp_loss":0.0,"gold_gain":0.0,"event_name":"Scrap Ooze","player_choice":"Success","floor":14.0,"gold_loss":0.0,"damage_taken":26.0,"relics_obtained":["Smiling Mask"]},{"damage_healed":0.0,"max_hp_gain":0.0,"max_hp_loss":0.0,"gold_gain":0.0,"event_name":"WeMeetAgain","player_choice":"Paid Gold","floor":19.0,"gold_loss":54.0,"damage_taken":0.0,"relics_obtained":["HornCleat"]},{"damage_healed":0.0,"max_hp_gain":5.0,"max_hp_loss":0.0,"gold_gain":0.0,"event_name":"Forgotten Altar","player_choice":"Shed Blood","floor":20.0,"gold_loss":0.0,"damage_taken":21.0},{"damage_healed":0.0,"max_hp_gain":0.0,"max_hp_loss":0.0,"gold_gain":0.0,"event_name":"Addict","player_choice":"Obtained Relic","floor":21.0,"gold_loss":85.0,"damage_taken":0.0,"relics_obtained":["Pear"]},{"damage_healed":0.0,"max_hp_gain":0.0,"max_hp_loss":0.0,"gold_gain":0.0,"event_name":"Knowing Skull","player_choice":"","floor":22.0,"potions_obtained":[],"gold_loss":0.0,"damage_taken":6.0,"cards_obtained":[]},{"damage_healed":0.0,"max_hp_gain":0.0,"max_hp_loss":0.0,"gold_gain":0.0,"event_name":"Cursed Tome","player_choice":"Ignored","floor":27.0,"gold_loss":0.0,"damage_taken":0.0},{"damage_healed":0.0,"max_hp_gain":0.0,"max_hp_loss":0.0,"gold_gain":0.0,"event_name":"Masked Bandits","player_choice":"Paid Fearfully","floor":29.0,"gold_loss":32.0,"damage_taken":0.0},{"damage_healed":0.0,"max_hp_gain":0.0,"max_hp_loss":0.0,"gold_gain":0.0,"event_name":"Upgrade Shrine","player_choice":"Upgraded","floor":36.0,"gold_loss":0.0,"damage_taken":0.0,"cards_upgraded":["Well Laid Plans"]},{"damage_healed":0,"gold_gain":0,"player_choice":"Memory 1","damage_taken":0,"max_hp_gain":0,"max_hp_loss":0,"event_name":"SensoryStone","floor":39,"gold_loss":0}],"is_beta":false,"boss_relics":[{"not_picked":["Busted Crown","HoveringKite"],"picked":"Empty Cage"},{"not_picked":["Philosopher\u0027s Stone","Black Star"],"picked":"SacredBark"}],"items_purged_floors":[4,28,37],"is_endless":false,"potions_floor_spawned":[2,7,31,35,38],"killed_by":"Nemesis","ascension_level":20}}