{"host":"Cenci","time":1613475712,"event":{"mods":["BaseMod","Downfall","Highlight Path","Minty Spire (QoL Compilation)","StSLib"],"gold_per_floor":[99,109,122,141,141,154,181,181,17,32,61,61,211,211,223,223,223,223],"floor_reached":16,"language":"ENG","playtime":580,"items_purged":[],"score":128,"play_id":"984417b1-5dea-4e36-8d48-4dfbaa8db366","local_time":"20210216124152","is_ascension_mode":true,"campfire_choices":[{"floor":1,"key":"RECALL"},{"data":"bronze:Overload","floor":12,"key":"SMITH"}],"circlet_count":0,"master_deck":["bronze:Strike","bronze:Strike","bronze:Strike","bronze:Strike","bronze:Defend","bronze:Defend","bronze:Defend","bronze:Defend","bronze:Replicate","bronze:Goto","bronze:Overload+1","bronze:DigitalCarnage","downfall:Icky"],"relics":["bronze:BronzeCore","CaptainsWheel","Tiny Chest","Membership Card","Strawberry","Peace Pipe"],"acts_visited":["Exordium"],"potions_floor_usage":[15,16,16],"damage_taken":[{"damage":0,"enemies":"Cultist","floor":2,"turns":4},{"damage":7,"enemies":"Small Slimes","floor":3,"turns":3},{"damage":4,"enemies":"Jaw Worm","floor":4,"turns":5},{"damage":21,"enemies":"Lots of Slimes","floor":6,"turns":5},{"damage":5,"enemies":"downfall:FleeingMerchant","floor":9,"turns":4},{"damage":0,"enemies":"Large Slime","floor":10,"turns":5},{"damage":17,"enemies":"Lagavulin","floor":11,"turns":4},{"damage":9,"enemies":"2 Fungi Beasts","floor":15,"turns":3},{"damage":18,"enemies":"DF_ARCHETYPE_STREAMLINE","floor":16,"turns":4}],"seed_played":"-3682947177075232214","potions_obtained":[{"floor":10,"key":"SneckoOil"},{"floor":11,"key":"champ:CounterPotion"},{"floor":15,"key":"PowerPotion"}],"is_trial":false,"path_per_floor":["R","M","M","M","?","M","T","T","$","M","E","R","?","T","M","B"],"character_chosen":"THE_AUTOMATON","items_purchased":["Membership Card"],"campfire_rested":0,"item_purchase_floors":[9],"current_hp_per_floor":[70,70,63,59,59,38,38,38,33,33,23,23,23,23,14,0,0,0],"gold":223,"neow_bonus":"ONE_RARE_RELIC","is_daily":false,"chose_seed":false,"campfire_upgraded":1,"win_rate":0.0,"timestamp":1613475712,"path_taken":["R","M","M","?","?","M","T","?","$","?","E","R","?","?","M","BOSS"],"items_purchased_type":["Relic"],"build_version":"2020-11-17","purchased_purges":0,"victory":false,"max_hp_per_floor":[70,70,70,70,70,70,70,70,70,70,77,77,77,77,77,77,77,77],"card_choices":[{"not_picked":["bronze:Separator","bronze:Frontload"],"picked":"bronze:Overload","floor":2},{"not_picked":["bronze:ForLoop","bronze:BitShift","bronze:Optimize"],"picked":"SKIP","floor":3},{"not_picked":["bronze:DelayedSlice","bronze:BugBarrage"],"picked":"bronze:DigitalCarnage","floor":4},{"not_picked":["bronze:MaxOutput","bronze:DarkDash","bronze:Overheat"],"picked":"SKIP","floor":6},{"not_picked":["bronze:ForLoop","bronze:Deprecate","bronze:Iterate"],"picked":"SKIP","floor":9},{"not_picked":["bronze:Iterate","bronze:DarkDash","bronze:ThunderWave"],"picked":"SKIP","floor":10},{"not_picked":["bronze:Overheat","bronze:BugBarrage","bronze:Shell"],"picked":"SKIP","floor":11},{"not_picked":["bronze:FineTuning","bronze:BronzeOrb","bronze:WildBeam"],"picked":"SKIP","floor":15}],"player_experience":341460,"relics_obtained":[{"floor":7,"key":"Tiny Chest"},{"floor":11,"key":"Strawberry"},{"floor":14,"key":"Peace Pipe"}],"event_choices":[{"cards_removed":["Shame"],"damage_healed":0,"gold_gain":0,"player_choice":"Card Removal","damage_taken":0,"max_hp_gain":0,"max_hp_loss":0,"event_name":"The Cleric","floor":5,"gold_loss":0}],"is_beta":true,"boss_relics":[],"items_purged_floors":[],"is_endless":false,"potions_floor_spawned":[10,11,15],"killed_by":"DF_ARCHETYPE_STREAMLINE","ascension_level":5}}