{"host":"lwpvkgc6ydwupigp","time":1613502467,"event":{"mods":["AchievementEnabler","BaseMod","Bestiary","Minty Spire (QoL Compilation)","Quick Restart","Relic Stats"],"gold_per_floor":[118,293,293,310,310,310,341,341,341,352,352,24,38,97,97,200,200,213,227,227,52,52,52,85,85,111,125,125,139,139,149,149,149,149],"floor_reached":33,"language":"ENG","playtime":3718,"items_purged":["Regret","Doubt"],"score":263,"play_id":"c2039ecc-f377-4561-823c-abdaf0dcb9c7","local_time":"20210216200746","is_ascension_mode":false,"campfire_choices":[{"floor":6.0,"key":"REST"},{"floor":8.0,"key":"REST"},{"data":"Blade Dance","floor":11.0,"key":"SMITH"},{"data":"Unload","floor":15.0,"key":"SMITH"},{"floor":23.0,"key":"REST"},{"data":"Bullet Time","floor":30,"key":"SMITH"},{"floor":32,"key":"REST"}],"circlet_count":0,"master_deck":["Strike_G+1","Strike_G+1","Defend_G","Defend_G","Defend_G","Defend_G","Defend_G","Survivor","Neutralize","Unload+1","Quick Slash","Terror","Blade Dance+1","Backflip","Dodge and Roll","Dagger Spray","Venomology","Dagger Throw+1","Leg Sweep","Footwork","Bullet Time+1","Acrobatics","Poisoned Stab","Flying Knee","Finisher"],"relics":["Ring of the Snake","PreservedInsect","Anchor","Letter Opener","Lantern","Mummified Hand","WristBlade","The Courier","Toy Ornithopter"],"acts_visited":["Exordium","TheCity"],"potions_floor_usage":[31,33,33,33],"damage_taken":[{"damage":0.0,"enemies":"Small Slimes","floor":1.0,"turns":4.0},{"damage":4.0,"enemies":"2 Louse","floor":4.0,"turns":3.0},{"damage":25.0,"enemies":"3 Sentries","floor":7.0,"turns":5.0},{"damage":0.0,"enemies":"Cultist","floor":10.0,"turns":2.0},{"damage":0.0,"enemies":"2 Fungi Beasts","floor":13.0,"turns":2.0},{"damage":8.0,"enemies":"3 Sentries","floor":14.0,"turns":5.0},{"damage":33.0,"enemies":"The Guardian","floor":16.0,"turns":8.0},{"damage":0.0,"enemies":"Spheric Guardian","floor":18.0,"turns":2.0},{"damage":14.0,"enemies":"3 Byrds","floor":19.0,"turns":6.0},{"damage":5.0,"enemies":"Gremlin Leader","floor":24.0,"turns":4.0},{"damage":13.0,"enemies":"Snake Plant","floor":27.0,"turns":4.0},{"damage":2,"enemies":"Centurion and Healer","floor":29,"turns":4},{"damage":9,"enemies":"Cultist and Chosen","floor":31,"turns":4},{"damage":109,"enemies":"Automaton","floor":33,"turns":12}],"seed_played":"-2585035358226898815","potions_obtained":[{"floor":13.0,"key":"SpeedPotion"},{"floor":16.0,"key":"ColorlessPotion"},{"floor":18.0,"key":"Fruit Juice"},{"floor":24.0,"key":"Swift Potion"},{"floor":27.0,"key":"Weak Potion"}],"is_trial":false,"path_per_floor":["M","?","?","M","?","R","E","R","T","M","R","$","M","?","R","B",null,"M","M","?","$","?","R","E","?","T","M","?","M","R","M","R","B"],"character_chosen":"THE_SILENT","items_purchased":["Lantern","AttackPotion","Dexterity Potion","Leg Sweep"],"campfire_rested":4,"item_purchase_floors":[12,12,12,21],"current_hp_per_floor":[70,70,70,66,52,70,45,66,66,66,66,66,66,58,58,25,70,70,56,43,43,43,65,60,60,60,57,57,55,55,51,75,0,0],"gold":149,"neow_bonus":"ONE_RANDOM_RARE_CARD","is_daily":false,"chose_seed":false,"campfire_upgraded":3,"win_rate":0.0,"timestamp":1613502466,"path_taken":["M","?","?","M","?","R","E","R","T","M","R","$","M","?","R","BOSS","M","M","?","$","?","R","E","?","T","M","?","M","R","M","R","BOSS"],"items_purchased_type":["Relic","Potion","Potion","Card"],"build_version":"2020-12-22","purchased_purges":2,"victory":false,"max_hp_per_floor":[70,70,70,70,70,70,70,70,70,70,70,70,70,70,70,70,70,70,70,75,75,75,75,75,75,75,80,80,80,80,80,80,80,80],"relic_stats":{"counters":[14,65],"Mummified Hand":[0],"PreservedInsect":108,"Letter Opener":[85],"obtain_stats":[{"Anchor":7,"Lantern":12,"WristBlade":17,"Mummified Hand":14,"PreservedInsect":3,"The Courier":24,"Letter Opener":9,"Toy Ornithopter":26,"Ring of the Snake":0},{"Anchor":3,"Lantern":4,"WristBlade":7,"Mummified Hand":5,"PreservedInsect":1,"The Courier":10,"Letter Opener":3,"Toy Ornithopter":10,"Ring of the Snake":0},{"Anchor":12,"Lantern":14,"WristBlade":29,"Mummified Hand":16,"PreservedInsect":4,"The Courier":41,"Letter Opener":12,"Toy Ornithopter":41,"Ring of the Snake":0}],"Toy Ornithopter":25,"Ring of the Snake":[28]},"card_choices":[{"not_picked":["Underhanded Strike","Outmaneuver"],"picked":"Quick Slash","floor":1.0},{"not_picked":["Expertise","Bane"],"picked":"Terror","floor":4.0},{"not_picked":["Eviscerate","Crippling Poison"],"picked":"Blade Dance","floor":7.0},{"not_picked":["Bouncing Flask","Blade Dance"],"picked":"Backflip","floor":10.0},{"not_picked":["Well Laid Plans","Catalyst"],"picked":"Dodge and Roll","floor":13.0},{"not_picked":["Blade Dance","Deadly Poison"],"picked":"Dagger Spray","floor":14.0},{"not_picked":["A Thousand Cuts","Malaise"],"picked":"Venomology","floor":16.0},{"not_picked":["Dodge and Roll","Expertise+1","Backflip"],"picked":"SKIP","floor":18.0},{"not_picked":["Choke","Sucker Punch"],"picked":"Dagger Throw+1","floor":19.0},{"not_picked":["Dash+1","Catalyst"],"picked":"Footwork","floor":24.0},{"not_picked":["Catalyst+1","Dagger Throw"],"picked":"Poisoned Stab","floor":27.0},{"not_picked":["Choke","Prepared"],"picked":"Flying Knee","floor":29},{"not_picked":["Flying Knee","Prepared"],"picked":"Finisher","floor":31}],"player_experience":111945,"relics_obtained":[{"floor":7.0,"key":"Anchor"},{"floor":9.0,"key":"Letter Opener"},{"floor":24.0,"key":"The Courier"},{"floor":26.0,"key":"Toy Ornithopter"}],"event_choices":[{"damage_healed":0.0,"max_hp_gain":0.0,"max_hp_loss":0.0,"gold_gain":175.0,"event_name":"Liars Game","player_choice":"AGREE","floor":2.0,"gold_loss":0.0,"damage_taken":0.0,"cards_obtained":["Doubt"]},{"damage_healed":0.0,"max_hp_gain":0.0,"max_hp_loss":0.0,"gold_gain":0.0,"event_name":"Big Fish","player_choice":"Box","floor":3.0,"gold_loss":0.0,"damage_taken":0.0,"relics_obtained":["PreservedInsect"],"cards_obtained":["Regret"]},{"damage_healed":0.0,"max_hp_gain":0.0,"max_hp_loss":0.0,"gold_gain":0.0,"event_name":"Shining Light","player_choice":"Entered Light","floor":5.0,"gold_loss":0.0,"damage_taken":14.0,"cards_upgraded":["Strike_G","Strike_G"]},{"damage_healed":0.0,"max_hp_gain":0.0,"max_hp_loss":0.0,"gold_gain":0.0,"event_name":"Dead Adventurer","player_choice":"Searched \u00272\u0027 times","floor":14.0,"gold_loss":0.0,"damage_taken":0.0,"relics_obtained":["Mummified Hand"]},{"damage_healed":0.0,"max_hp_gain":5.0,"max_hp_loss":0.0,"gold_gain":0.0,"event_name":"Forgotten Altar","player_choice":"Shed Blood","floor":20.0,"gold_loss":0.0,"damage_taken":18.0},{"damage_healed":0.0,"max_hp_gain":0.0,"max_hp_loss":0.0,"gold_gain":0.0,"event_name":"Vampires","player_choice":"Ignored","floor":22.0,"gold_loss":0.0,"damage_taken":0.0},{"damage_healed":0.0,"max_hp_gain":0.0,"max_hp_loss":0.0,"gold_gain":0.0,"cards_transformed":["Strike_G","Strike_G"],"event_name":"Drug Dealer","player_choice":"Became Test Subject","floor":25.0,"gold_loss":0.0,"damage_taken":0.0,"cards_obtained":["Bullet Time","Acrobatics"]},{"cards_removed":["Strike_G"],"damage_healed":0.0,"max_hp_gain":0.0,"max_hp_loss":0.0,"gold_gain":0.0,"event_name":"Wheel of Change","player_choice":"Card Removal","floor":28.0,"gold_loss":0.0,"damage_taken":0.0}],"is_beta":false,"boss_relics":[{"not_picked":["Coffee Dripper","Tiny House"],"picked":"WristBlade"}],"items_purged_floors":[12,21],"is_endless":false,"potions_floor_spawned":[13,14,16,18,24,27,29],"killed_by":"Automaton","ascension_level":0}}