{"host":"v3uiz0f6o9fje2a8","time":1613499908,"event":{"mods":["AchievementEnabler","Act Like it!","BaseMod","Block Reminder","Colored Map","Colored Powertips","Downfall","Infinite Spire","Jorbs\u0027s Wanderer Trilogy","Minty Spire (QoL Compilation)","Rare Cards Sparkle","Robot Space Explorer","StSLib","The Hierophant","The Marked","The Runesmith"],"gold_per_floor":[109,109,33,33,51,51,67,67,67,81,120,133,133,148,148,276,576,606,630,104,104,133,133,145,145],"floor_reached":24,"language":"ENG","playtime":929,"items_purged":[],"score":198,"play_id":"ea2d37e7-6519-48ed-8a04-d0b1ba83f1d2","local_time":"20210216182508","is_ascension_mode":false,"campfire_choices":[{"data":"White Noise","floor":6,"key":"SMITH"},{"floor":13,"key":"REST"},{"floor":15,"key":"REST"},{"data":"Storm","floor":23,"key":"SMITH"}],"circlet_count":0,"master_deck":["Strike_B","Strike_B","Strike_B","Strike_B","Defend_B","Defend_B","Defend_B","Defend_B","Zap+1","Dualcast","Reinforced Body","Storm","White Noise+1","Loop","Coolheaded","Storm+1","Storm","Streamline","Thunder Strike","CurseOfTheBell","Static Discharge","White Noise","Loop","Melter+1"],"relics":["Cracked Core","Golden Idol","Toy Ornithopter","infinitespire:Golems Mask","Juzu Bracelet","Calling Bell","infinitespire:PuzzleCube","infinitespire:Midas Blood","Old Coin","Sling","CaptainsWheel"],"acts_visited":["Exordium","TheCity"],"potions_floor_usage":[14,16,16,16,22],"damage_taken":[{"damage":3,"enemies":"Small Slimes","floor":1,"turns":3},{"damage":5,"enemies":"2 Louse","floor":5,"turns":2},{"damage":8,"enemies":"Jaw Worm","floor":7,"turns":3},{"damage":0,"enemies":"2 Fungi Beasts","floor":10,"turns":3},{"damage":32,"enemies":"Gremlin Nob","floor":11,"turns":4},{"damage":7,"enemies":"Lots of Slimes","floor":12,"turns":4},{"damage":0,"enemies":"Looter","floor":14,"turns":2},{"damage":50,"enemies":"Hexaghost","floor":16,"turns":9},{"damage":39,"enemies":"2 Thieves","floor":18,"turns":4},{"damage":0,"enemies":"Spheric Guardian","floor":19,"turns":3},{"damage":12,"enemies":"Snecko","floor":22,"turns":4},{"damage":47,"enemies":"Cultist and Chosen","floor":24,"turns":5}],"seed_played":"-7482472737665132078","potions_obtained":[{"floor":5,"key":"SpeedPotion"},{"floor":10,"key":"Dexterity Potion"},{"floor":11,"key":"SkillPotion"},{"floor":12,"key":"PotionOfCapacity"},{"floor":14,"key":"Regen Potion"},{"floor":22,"key":"Fruit Juice"}],"is_trial":false,"path_per_floor":["M","?","$","?","M","R","M","?","T","M","E","M","R","M","R","B",null,"M","M","$","?","M","R","M"],"character_chosen":"DEFECT","items_purchased":["Storm","Loop","Sling","CaptainsWheel"],"campfire_rested":2,"item_purchase_floors":[3,20,20,20],"current_hp_per_floor":[79,79,79,59,54,54,46,46,46,46,14,7,31,36,60,38,82,43,43,43,43,41,41,0,0],"gold":145,"neow_bonus":"TEN_PERCENT_HP_BONUS","is_daily":false,"chose_seed":false,"campfire_upgraded":2,"win_rate":0.0,"timestamp":1613499908,"path_taken":["M","?","$","?","M","R","M","?","T","?","E","M","R","M","R","BOSS","M","M","$","?","M","R","M"],"items_purchased_type":["Card","Card","Relic","Relic"],"build_version":"2020-12-22","purchased_purges":0,"victory":false,"max_hp_per_floor":[82,82,82,82,82,82,82,82,82,82,82,82,82,82,82,82,82,82,82,82,82,87,87,87,87],"card_choices":[{"not_picked":["Go for the Eyes","Hologram"],"picked":"Reinforced Body","floor":1},{"not_picked":["Reinforced Body","Blizzard"],"picked":"White Noise","floor":5},{"not_picked":["Turbo","Rebound"],"picked":"Loop","floor":7},{"not_picked":["Cold Snap","Gash"],"picked":"Coolheaded","floor":10},{"not_picked":["Lockon","Scrape"],"picked":"Storm","floor":11},{"not_picked":["Consume","Barrage"],"picked":"Storm","floor":12},{"not_picked":["Chill","Rip and Tear"],"picked":"Streamline","floor":14},{"not_picked":["Meteor Strike","Fission"],"picked":"Thunder Strike","floor":16},{"not_picked":["Turbo","Cold Snap"],"picked":"Static Discharge","floor":18},{"not_picked":["Darkness+1","Chaos"],"picked":"White Noise","floor":19},{"not_picked":["Conserve Battery","Reboot"],"picked":"Melter+1","floor":22}],"player_experience":67319,"relics_obtained":[{"floor":8,"key":"Toy Ornithopter"},{"floor":9,"key":"infinitespire:Golems Mask"},{"floor":11,"key":"Juzu Bracelet"},{"floor":17,"key":"infinitespire:PuzzleCube"},{"floor":17,"key":"infinitespire:Midas Blood"},{"floor":17,"key":"Old Coin"}],"event_choices":[{"damage_healed":0,"gold_gain":0,"player_choice":"Grow","damage_taken":0,"max_hp_gain":0,"max_hp_loss":0,"event_name":"Living Wall","floor":2,"gold_loss":0,"cards_upgraded":["Zap"]},{"damage_healed":0,"gold_gain":0,"player_choice":"Take Damage","damage_taken":20,"relics_obtained":["Golden Idol"],"max_hp_gain":0,"max_hp_loss":0,"event_name":"Golden Idol","floor":4,"gold_loss":0},{"damage_healed":0,"gold_gain":0,"player_choice":"Ignored","damage_taken":0,"max_hp_gain":0,"max_hp_loss":0,"event_name":"N\u0027loth","floor":21,"gold_loss":0}],"is_beta":false,"boss_relics":[{"not_picked":["Sozu","Philosopher\u0027s Stone"],"picked":"Calling Bell"}],"items_purged_floors":[],"is_endless":false,"potions_floor_spawned":[5,10,11,12,14,22],"killed_by":"Cultist and Chosen","ascension_level":0}}