{"host":"1c52r9kaxdyo25eq","time":1613491860,"event":{"mods":["AchievementEnabler","BaseMod","DeckTracker","Minty Spire (QoL Compilation)","Rare Cards Sparkle","SuperFastMode","everything is the same but u backflip on backflip"],"gold_per_floor":[119,130,146,159,84,84,116,116,116,128,145,162,193,210,210,281,281,294,308,327,346,346,346,346,371,398,398,186,202,221,252,252,329,329,342,361,380,398,398,398,398,413,413,444,444,444,473,498,498,498,498,498,498,283,315,315],"floor_reached":57,"language":"KOR","playtime":2740,"items_purged":["Catalyst","Decay","All Out Attack+1"],"score":3511,"play_id":"3ebc66a6-b24c-44f4-ab81-79748f9a0c9c","local_time":"20210217011100","is_ascension_mode":true,"campfire_choices":[{"data":"Calculated Gamble","floor":6,"key":"SMITH"},{"data":"Phantasmal Killer","floor":15,"key":"SMITH"},{"data":"Adrenaline","floor":23,"key":"SMITH"},{"data":"Malaise","floor":27,"key":"SMITH"},{"floor":32,"key":"RECALL"},{"data":"Acrobatics","floor":40,"key":"SMITH"},{"data":"Neutralize","floor":45,"key":"SMITH"},{"data":"Deflect","floor":49,"key":"SMITH"},{"data":"After Image","floor":53,"key":"SMITH"}],"circlet_count":0,"master_deck":["AscendersBane","Survivor+1","Neutralize+1","Malaise+1","Phantasmal Killer+1","Calculated Gamble+1","Deflect+1","Grand Finale+1","Acrobatics+1","Tactician+1","Prepared+1","Reflex+1","Adrenaline+1","Phantasmal Killer+1","Bouncing Flask+1","Acrobatics+1","After Image+1","Well Laid Plans+1"],"relics":["Ring of the Snake","Pandora\u0027s Box","Tough Bandages","Bottled Lightning","Empty Cage","Calipers","Mark of the Bloom","NeowsBlessing","Letter Opener","HornCleat","Smiling Mask","Astrolabe","FaceOfCleric","Mercury Hourglass","War Paint","Vajra","Coffee Dripper","Meat on the Bone","Du-Vu Doll","Omamori","StoneCalendar","Chemical X","Shuriken"],"acts_visited":["Exordium","TheCity","TheBeyond","TheEnding"],"potions_floor_usage":[56,56],"damage_taken":[{"damage":0,"enemies":"Jaw Worm","floor":1,"turns":1},{"damage":0,"enemies":"Cultist","floor":2,"turns":1},{"damage":0,"enemies":"Small Slimes","floor":3,"turns":1},{"damage":0,"enemies":"2 Fungi Beasts","floor":4,"turns":1},{"damage":0,"enemies":"Gremlin Nob","floor":7,"turns":1},{"damage":0,"enemies":"Red Slaver","floor":10,"turns":1},{"damage":0,"enemies":"Looter","floor":11,"turns":1},{"damage":0,"enemies":"3 Louse","floor":12,"turns":1},{"damage":0,"enemies":"Lagavulin","floor":13,"turns":1},{"damage":0,"enemies":"2 Fungi Beasts","floor":14,"turns":1},{"damage":0,"enemies":"Slime Boss","floor":16,"turns":1},{"damage":0,"enemies":"Spheric Guardian","floor":18,"turns":1},{"damage":0,"enemies":"Chosen","floor":19,"turns":1},{"damage":0,"enemies":"Centurion and Healer","floor":20,"turns":4},{"damage":0,"enemies":"Snake Plant","floor":21,"turns":1},{"damage":0,"enemies":"Slavers","floor":25,"turns":1},{"damage":0,"enemies":"Cultist and Chosen","floor":29,"turns":2},{"damage":0,"enemies":"3 Cultists","floor":30,"turns":1},{"damage":0,"enemies":"Gremlin Leader","floor":31,"turns":1},{"damage":0,"enemies":"Automaton","floor":33,"turns":3},{"damage":0,"enemies":"3 Shapes","floor":35,"turns":1},{"damage":0,"enemies":"Orb Walker","floor":36,"turns":1},{"damage":0,"enemies":"Writhing Mass","floor":37,"turns":1},{"damage":0,"enemies":"Spire Growth","floor":38,"turns":1},{"damage":0,"enemies":"4 Shapes","floor":42,"turns":1},{"damage":0,"enemies":"Giant Head","floor":44,"turns":1},{"damage":0,"enemies":"Nemesis","floor":47,"turns":1},{"damage":0,"enemies":"Mind Bloom Boss Battle","floor":48,"turns":4},{"damage":0,"enemies":"Awakened One","floor":50,"turns":3},{"damage":0,"enemies":"Time Eater","floor":51,"turns":5},{"damage":0,"enemies":"Shield and Spear","floor":55,"turns":1},{"damage":0,"enemies":"The Heart","floor":56,"turns":5}],"seed_played":"-421232417722451255","potions_obtained":[{"floor":1,"key":"GamblersBrew"},{"floor":4,"key":"Ancient Potion"}],"is_trial":false,"path_per_floor":["M","M","M","M","$","R","E","?","T","M","M","M","E","M","R","B",null,"M","M","M","M","?","R","?","E","T","R","$","M","M","E","R","B",null,"M","M","M","M","?","R","?","M","T","E","R","?","E","?","R","B","B",null,"R","$","E","B",null],"character_chosen":"THE_SILENT","items_purchased":["War Paint","Chemical X"],"campfire_rested":0,"item_purchase_floors":[28,54],"current_hp_per_floor":[59,59,59,59,59,59,59,59,59,59,59,59,59,59,59,59,59,59,59,59,59,59,59,59,59,59,59,59,59,59,59,59,59,59,59,59,59,59,59,59,59,59,59,59,59,59,59,59,59,59,59,59,59,59,59,59],"gold":315,"neow_bonus":"THREE_ENEMY_KILL","is_daily":false,"chose_seed":false,"campfire_upgraded":8,"win_rate":0.0,"timestamp":1613491860,"path_taken":["M","M","M","M","$","R","E","?","T","M","M","M","E","?","R","BOSS","M","M","M","M","?","R","?","E","T","R","$","?","M","E","R","BOSS","M","M","M","M","?","R","?","M","T","E","R","?","E","?","R","BOSS","BOSS","R","$","E","BOSS"],"items_purchased_type":["Relic","Relic"],"build_version":"2020-12-22","purchased_purges":3,"victory":true,"max_hp_per_floor":[66,66,66,66,66,66,66,66,66,66,66,66,66,66,66,66,66,66,66,66,66,66,66,66,67,67,67,67,68,69,70,70,71,71,72,73,74,75,75,75,75,76,76,77,77,73,74,75,75,76,77,77,77,77,78,79],"card_choices":[{"not_picked":["Leg Sweep","Dodge and Roll","Dash"],"picked":"SKIP","floor":1},{"not_picked":["Prepared","Cloak And Dagger"],"picked":"Reflex","floor":2},{"not_picked":["Heel Hook","Dagger Spray","Quick Slash"],"picked":"SKIP","floor":3},{"not_picked":["Outmaneuver","Slice","Poisoned Stab"],"picked":"SKIP","floor":4},{"not_picked":["All Out Attack","Poisoned Stab","Calculated Gamble"],"picked":"SKIP","floor":7},{"not_picked":["All Out Attack","Terror","Backstab"],"picked":"SKIP","floor":10},{"not_picked":["Setup","Bane","Expertise"],"picked":"SKIP","floor":11},{"not_picked":["Tools of the Trade","Blade Dance","Dash"],"picked":"SKIP","floor":12},{"not_picked":["Slice","Dodge and Roll","Noxious Fumes"],"picked":"SKIP","floor":13},{"not_picked":["Blade Dance","Quick Slash","Dodge and Roll"],"picked":"SKIP","floor":14},{"not_picked":["After Image","Malaise"],"picked":"Adrenaline","floor":16},{"not_picked":["Deadly Poison","Terror","PiercingWail"],"picked":"SKIP","floor":18},{"not_picked":["Dodge and Roll","Heel Hook+1","Sucker Punch"],"picked":"SKIP","floor":19},{"not_picked":["Deadly Poison","Backflip","Sucker Punch+1"],"picked":"SKIP","floor":20},{"not_picked":["Flying Knee","Dodge and Roll","Terror"],"picked":"SKIP","floor":21},{"not_picked":["Grand Finale","Skewer","Outmaneuver"],"picked":"SKIP","floor":25},{"not_picked":["Caltrops","Quick Slash"],"picked":"Acrobatics","floor":29},{"not_picked":["Bane","Dagger Spray+1","Expertise"],"picked":"SKIP","floor":30},{"not_picked":["PiercingWail","Predator","Concentrate"],"picked":"SKIP","floor":31},{"not_picked":["Glass Knife","Malaise"],"picked":"After Image","floor":33},{"not_picked":["Infinite Blades+1","Blade Dance+1","Bane"],"picked":"SKIP","floor":35},{"not_picked":["Infinite Blades","Dodge and Roll","Cloak And Dagger"],"picked":"SKIP","floor":36},{"not_picked":["Slice","Backflip+1","PiercingWail"],"picked":"SKIP","floor":37},{"not_picked":["PiercingWail","Endless Agony","Blur"],"picked":"SKIP","floor":38},{"not_picked":["Crippling Poison+1","Dagger Throw"],"picked":"Well Laid Plans+1","floor":42},{"not_picked":["Quick Slash+1","Blur+1","Distraction"],"picked":"SKIP","floor":44},{"not_picked":["Slice","Predator","Concentrate"],"picked":"SKIP","floor":47},{"not_picked":["Tools of the Trade","Concentrate+1","Sucker Punch"],"picked":"SKIP","floor":55}],"player_experience":651221,"relics_obtained":[{"floor":7,"key":"Letter Opener"},{"floor":9,"key":"HornCleat"},{"floor":13,"key":"Smiling Mask"},{"floor":25,"key":"Mercury Hourglass"},{"floor":31,"key":"Vajra"},{"floor":43,"key":"Meat on the Bone"},{"floor":44,"key":"Du-Vu Doll"},{"floor":47,"key":"Omamori"},{"floor":48,"key":"StoneCalendar"},{"floor":55,"key":"Shuriken"}],"event_choices":[{"damage_healed":0,"gold_gain":0,"cards_transformed":["Dagger Spray"],"player_choice":"Transformed","damage_taken":0,"max_hp_gain":0,"max_hp_loss":0,"event_name":"Transmorgrifier","floor":8,"gold_loss":0,"cards_obtained":["Dagger Throw"]},{"damage_healed":0,"gold_gain":0,"player_choice":"Smashed Altar","damage_taken":0,"max_hp_gain":0,"max_hp_loss":0,"event_name":"Forgotten Altar","floor":22,"gold_loss":0,"cards_obtained":["Decay"]},{"damage_healed":0,"gold_gain":0,"player_choice":"Trade","damage_taken":0,"relics_obtained":["FaceOfCleric"],"max_hp_gain":0,"max_hp_loss":0,"event_name":"FaceTrader","floor":24,"gold_loss":0},{"damage_healed":0,"gold_gain":0,"player_choice":"Ignored","damage_taken":0,"max_hp_gain":0,"max_hp_loss":0,"event_name":"Tomb of Lord Red Mask","floor":39,"gold_loss":0},{"cards_removed":["Reflex"],"damage_healed":0,"gold_gain":0,"player_choice":"Removed Skill","damage_taken":0,"max_hp_gain":0,"max_hp_loss":0,"event_name":"Falling","floor":41,"gold_loss":0},{"damage_healed":0,"gold_gain":0,"player_choice":"Max HP","damage_taken":0,"max_hp_gain":0,"max_hp_loss":4,"event_name":"Winding Halls","floor":46,"gold_loss":0},{"damage_healed":0,"gold_gain":0,"player_choice":"Fight","damage_taken":0,"max_hp_gain":0,"max_hp_loss":0,"event_name":"MindBloom","floor":48,"gold_loss":0}],"is_beta":false,"boss_relics":[{"not_picked":["Sozu","Calling Bell"],"picked":"Astrolabe"},{"not_picked":["Busted Crown","SacredBark"],"picked":"Coffee Dripper"}],"items_purged_floors":[5,28,54],"is_endless":false,"potions_floor_spawned":[1,4,11,12,13,18,21,30,36,37,48],"ascension_level":20}}