{"host":"gpvfax9ls8tf4xze","time":1613468655,"event":{"mods":["Act Like it!","Arknights","BaseMod","BetterRewards","Colored Powertips","GifTheSpireLib","Hallownest","Minty Spire (QoL Compilation)","Reliquary","Replay The Spire","StSLib","Stuff the Spire","Td1madao Mod","The Bug Knight"],"gold_per_floor":[119,119,137,137,34,60,80,96,96,96,123,137,147,147,147,251,251,267,279,249,261,280,280,615,631,631,647,647,659,659,307,307,412,512,512],"floor_reached":34,"language":"ENG","playtime":2396,"items_purged":[],"score":411,"play_id":"419076de-b289-4df7-83e6-41f742b36f35","local_time":"20210216184415","is_ascension_mode":false,"campfire_choices":[{"floor":15,"key":"RECALL"},{"floor":23,"key":"REST"},{"data":"HollowMod:RecoilStrike","floor":28,"key":"SMITH"},{"floor":32,"key":"REST"}],"circlet_count":0,"master_deck":["HollowMod:NailStrikeStart","HollowMod:NailStrikeStart","HollowMod:NailStrikeStart","HollowMod:QuickDashStart","HollowMod:QuickDashStart","HollowMod:QuickDashStart","HollowMod:FocusHealStart","HollowMod:PogoStrike","HollowMod:DashSlash","HollowMod:HeavyBlow","HollowMod:NewLittleFool","HollowMod:HowlingWraiths","HollowMod:HeavyBlow","HollowMod:DesolateDive","HollowMod:CycloneSlash","HollowMod:QuirrelsAssistance","HollowMod:ZotesMagnificence","HollowMod:BaldurShell+1","HollowMod:DesolateDive+1","HollowMod:MantisMark","HollowMod:SoulSplash+1","HollowMod:RecoilStrike+1","HollowMod:theNailsmith","HollowMod:GoodIntentions+1","HollowMod:HuntersJournal","HollowMod:MylasSalvation","HollowMod:AwokenDreamNail"],"relics":["HollowMod:VesselMask","NeowsBlessing","Orichalcum","Turnip","reliquary:Ember","Old Coin","reliquary:Knoch","StuffTheSpire:OldFever","HollowMod:PaleOreRelic","Replay:Wanted Poster"],"acts_visited":["Exordium","TheCity","TheBeyond"],"potions_floor_usage":[7,11,13,18,22,25,29,33],"damage_taken":[{"damage":0.0,"enemies":"2 Louse","floor":1.0,"turns":1.0},{"damage":0.0,"enemies":"ats:Genji","floor":3.0,"turns":1.0},{"damage":0,"enemies":"3 Sentries","floor":6,"turns":2},{"damage":1,"enemies":"Jaw Worm","floor":7,"turns":2},{"damage":3,"enemies":"Exordium Wildlife","floor":8,"turns":5},{"damage":10,"enemies":"HollowMod:MossKnight","floor":11,"turns":9},{"damage":1,"enemies":"Looter","floor":12,"turns":3},{"damage":0,"enemies":"Blue Slaver","floor":13,"turns":2},{"damage":59,"enemies":"Hexaghost","floor":16,"turns":14},{"damage":2,"enemies":"Spheric Guardian","floor":18,"turns":1},{"damage":17,"enemies":"HollowMod:HuskSentry","floor":19,"turns":5},{"damage":3,"enemies":"Snecko","floor":21,"turns":4},{"damage":21,"enemies":"Centurion and Healer","floor":22,"turns":3},{"damage":25,"enemies":"Replay:Snechameleon","floor":24,"turns":5},{"damage":8,"enemies":"Chosen and Byrds","floor":25,"turns":5},{"damage":17,"enemies":"Snecko","floor":27,"turns":5},{"damage":6,"enemies":"Cultist and Chosen","floor":29,"turns":5},{"damage":66,"enemies":"HollowMod:NKGrimm","floor":33,"turns":9}],"seed_played":"-223209767540011499","potions_obtained":[{"floor":1.0,"key":"GamblersBrew"},{"floor":8,"key":"Weak Potion"},{"floor":12,"key":"SkillPotion"},{"floor":16,"key":"DuplicationPotion"},{"floor":20,"key":"FairyPotion"},{"floor":20,"key":"Death Potion"},{"floor":27,"key":"Weak Potion"},{"floor":29,"key":"FairyPotion"},{"floor":33,"key":"DuplicationPotion"}],"is_trial":false,"path_per_floor":["M","?","M","?","$","E","M","M","T","?","E","M","M","?","R","B",null,"M","M","?","M","M","R","E","M","T","M","R","M","?","$","R","B",null],"character_chosen":"THE_BUGKNIGHT","items_purchased":["HollowMod:NewLittleFool","AttackPotion","StuffTheSpire:OldFever","HollowMod:PaleOreRelic","Adrenaline Potion"],"campfire_rested":2,"item_purchase_floors":[5,5,31,31,31],"current_hp_per_floor":[75,75,75,75,75,75,74,75,75,80,70,69,69,69,69,22,80,78,61,61,64,49,73,48,40,40,23,23,17,17,17,41,5,80,80],"gold":512,"neow_bonus":"THREE_ENEMY_KILL","is_daily":false,"chose_seed":false,"campfire_upgraded":1,"win_rate":0.0,"timestamp":1613468655,"path_taken":["M","?","M","?","?","E","M","?","T","?","E","M","M","?","R","BOSS","M","M","?","M","M","R","E","M","T","M","R","?","?","$","R","BOSS"],"items_purchased_type":["Card","Potion","Relic","Relic","Potion"],"build_version":"2020-12-22","purchased_purges":0,"victory":false,"max_hp_per_floor":[75,75,75,75,75,75,75,75,75,80,80,80,80,80,80,80,80,80,80,80,80,80,80,80,80,80,80,80,80,80,80,80,80,80,80],"card_choices":[{"not_picked":["HollowMod:SoulShaman","HollowMod:ShadowDash"],"picked":"HollowMod:DashSlash","floor":1.0},{"not_picked":["HollowMod:LuriensSpire","HollowMod:NewJinnsSoul"],"picked":"HollowMod:HeavyBlow","floor":3.0},{"not_picked":["HollowMod:NewLittleFool","HollowMod:NewGlowingWomb"],"picked":"HollowMod:HowlingWraiths","floor":6},{"not_picked":["HollowMod:ElderbugsWisdom","HollowMod:NewJinnsSoul"],"picked":"HollowMod:HeavyBlow","floor":7},{"not_picked":["HollowMod:DreamGate","HollowMod:SiblingsShadow"],"picked":"HollowMod:DesolateDive","floor":8},{"not_picked":["HollowMod:SoulVessel","HollowMod:HeavyBlow","HollowMod:ShadowDash"],"picked":"SKIP","floor":11},{"not_picked":["HollowMod:NewGlowingWomb","HollowMod:NewLittleFool"],"picked":"HollowMod:CycloneSlash","floor":12},{"not_picked":["HollowMod:DoubleDash","HollowMod:GoodIntentions"],"picked":"HollowMod:QuirrelsAssistance","floor":13},{"not_picked":["HollowMod:LordofShades","HollowMod:LifebloodCore"],"picked":"HollowMod:ZotesMagnificence","floor":16},{"not_picked":["HollowMod:CornifersMapStart+1","HollowMod:DungDefenderAura"],"picked":"HollowMod:BaldurShell+1","floor":18},{"not_picked":["HollowMod:BlackTendrils","HollowMod:SoulSplash"],"picked":"HollowMod:DesolateDive+1","floor":19},{"not_picked":["HollowMod:GrimmsGift","HollowMod:TaintedHusks"],"picked":"HollowMod:MantisMark","floor":21},{"not_picked":["HollowMod:CycloneSlash","HollowMod:LifebloodCocoon"],"picked":"HollowMod:SoulSplash+1","floor":22},{"not_picked":["HollowMod:DescendingDark","HollowMod:VengefulVoid"],"picked":"HollowMod:RecoilStrike","floor":24},{"not_picked":["HollowMod:CloakDash","HollowMod:InfectedAttack"],"picked":"HollowMod:theNailsmith","floor":25},{"not_picked":["HollowMod:SharpenedShadows","HollowMod:SoulStrike+1"],"picked":"HollowMod:GoodIntentions+1","floor":27},{"not_picked":["HollowMod:QuirrelsAssistance","HollowMod:CornifersMapStart+1"],"picked":"HollowMod:HuntersJournal","floor":29},{"not_picked":["HollowMod:LifebloodCore","HollowMod:PaleKingsBlessing"],"picked":"HollowMod:AwokenDreamNail","floor":33}],"player_experience":617539,"relics_obtained":[{"floor":6,"key":"Orichalcum"},{"floor":11,"key":"Turnip"},{"floor":24,"key":"Old Coin"},{"floor":26,"key":"reliquary:Knoch"}],"event_choices":[{"damage_healed":0,"gold_gain":0,"player_choice":"Donut","damage_taken":0,"max_hp_gain":5,"max_hp_loss":0,"event_name":"Big Fish","floor":10,"gold_loss":0},{"damage_healed":0,"gold_gain":0,"player_choice":"Bought 2 Potions","damage_taken":0,"max_hp_gain":0,"max_hp_loss":0,"event_name":"The Woman in Blue","floor":20,"gold_loss":0}],"is_beta":false,"boss_relics":[{"not_picked":["ReplayTheSpireMod:DimensionalGlitch","Coffee Dripper"],"picked":"reliquary:Ember"},{"not_picked":["Tiny House","Ring of Chaos"],"picked":"Replay:Wanted Poster"}],"items_purged_floors":[],"is_endless":false,"potions_floor_spawned":[1,8,12,16,21,27,29,33],"ascension_level":0}}