{"host":"jlflj8qhu4jas6pq","time":1613480112,"event":{"mods":["ATMod(°¢èªMod)","BaseMod","Better-Laid Plans","Downfall","FoggyMod","Minty Spire (QoL Compilation)","Quick Restart","Relic Filter Mod","Reliquary","Spicy Shops","StSLib","TestMod","noobMod","¡¾ÒÅÎï¿¨ÅÆ¡¿REMEMod","óô»ðÖ¸ÄÏ"],"gold_per_floor":[119,119,44,44,44,44,83,83,83,83,83],"floor_reached":10,"language":"ZHS","playtime":251,"items_purged":["Strike_R"],"score":62,"play_id":"3522ab9d-9f4a-4763-8b85-4eab94913adb","local_time":"20210216205512","daily_mods":["Red Cards","Green Cards","Blue Cards","Heirloom"],"is_ascension_mode":false,"campfire_choices":[{"data":"Strike_R","floor":6,"key":"SMITH"}],"circlet_count":0,"master_deck":["Strike_R+1","Strike_R","Strike_R","Strike_R","Defend_R","Defend_R","Defend_R","Defend_R","Bash"],"relics":["Burning Blood","AT_ATBox","testmod-TestBox","ice","REME_ComplimentaryCards","testmod-Brilliant","Golden Idol","Ornamental Fan","reliquary:BallBearing"],"acts_visited":["Exordium"],"potions_floor_usage":[],"damage_taken":[{"damage":0,"enemies":"Small Slimes","floor":1,"turns":2},{"damage":13,"enemies":"Gremlin Nob","floor":7,"turns":4},{"damage":13,"enemies":"Lagavulin","floor":10,"turns":3}],"seed_played":"3551684351325156588","potions_obtained":[],"is_trial":true,"path_per_floor":["M","?","$","?","?","R","E","R","T","E"],"character_chosen":"IRONCLAD","items_purchased":[],"campfire_rested":0,"item_purchase_floors":[],"current_hp_per_floor":[80,60,60,60,65,65,58,58,58,45,45],"gold":83,"neow_bonus":"","is_daily":false,"chose_seed":false,"campfire_upgraded":1,"win_rate":0.0,"timestamp":1613480112,"path_taken":["M","?","$","?","?","R","E","R","T","E"],"items_purchased_type":[],"build_version":"2020-12-22","purchased_purges":1,"victory":false,"max_hp_per_floor":[80,80,80,80,85,85,85,85,85,85,85],"card_choices":[{"not_picked":["Anger","Chill","Heavy Blade"],"picked":"SKIP","floor":1},{"not_picked":["Clothesline","Dagger Spray","AT_ThistleTea"],"picked":"SKIP","floor":7}],"player_experience":22928,"relics_obtained":[{"floor":7,"key":"Ornamental Fan"},{"floor":9,"key":"reliquary:BallBearing"}],"event_choices":[{"damage_healed":0,"gold_gain":0,"player_choice":"Take Damage","damage_taken":20,"relics_obtained":["Golden Idol"],"max_hp_gain":0,"max_hp_loss":0,"event_name":"Golden Idol","floor":2,"gold_loss":0},{"damage_healed":0,"gold_gain":0,"player_choice":"Ignored","damage_taken":0,"max_hp_gain":0,"max_hp_loss":0,"event_name":"Shining Light","floor":4,"gold_loss":0},{"damage_healed":0,"gold_gain":0,"player_choice":"Donut","damage_taken":0,"max_hp_gain":5,"max_hp_loss":0,"event_name":"Big Fish","floor":5,"gold_loss":0}],"is_beta":false,"boss_relics":[],"items_purged_floors":[3],"is_endless":true,"potions_floor_spawned":[],"killed_by":"Lagavulin","ascension_level":0}}