{"host":"xg4r5pv6chpuampg","time":1613462988,"event":{"mods":["AchievementEnabler","BaseMod","Googly Eyes","Minty Spire (QoL Compilation)","StSLib","Together in Spire"],"gold_per_floor":[119,119,142,242,256,286,286,286,365,384,401,412,437,449,449,552,552,565,581,581,115,115,115,135,135,135,155,155,155,155,165,165,261,261,280,291,291,291,309,309,325,343,416,416,416],"floor_reached":44,"language":"ENG","playtime":1626,"items_purged":[],"score":497,"play_id":"6ec60339-b779-44bf-9a88-42844a24b315","local_time":"20210216110948","is_ascension_mode":false,"campfire_choices":[{"data":"Eruption","floor":7,"key":"SMITH"},{"data":"Omniscience","floor":15,"key":"SMITH"},{"data":"J.A.X.","floor":23,"key":"SMITH"},{"floor":25,"key":"RECALL"},{"data":"Evaluate","floor":32,"key":"SMITH"},{"floor":40,"key":"REST"}],"circlet_count":0,"master_deck":["Strike_P+1","Strike_P+1","Strike_P","Defend_P","Defend_P","Defend_P","Eruption+1","Vigilance","EmptyFist+1","Crescendo","Consecrate+1","Tantrum+1","Omniscience+1","ClearTheMind","SandsOfTime+1","LessonLearned+1","CurseOfTheBell","Halt","DeceiveReality","J.A.X.+1","Evaluate+1","Consecrate+1","RitualDagger+1","Pain","SandsOfTime+1","DevaForm","WheelKick+1","SashWhip+1","Bandage Up","Crescendo","BattleHymn","BattleHymn"],"relics":["HolyWater","NeowsBlessing","Strawberry","Gremlin Horn","Molten Egg 2","Thread and Needle","Calling Bell","Oddly Smooth Stone","InkBottle","CaptainsWheel","HandDrill","Dream Catcher","Bronze Scales","Letter Opener","Bag of Preparation","WarpedTongs"],"acts_visited":["Exordium","TheCity","TheBeyond"],"potions_floor_usage":[13,13,16,42],"damage_taken":[{"damage":0,"enemies":"2 Louse","floor":1,"turns":1},{"damage":0,"enemies":"Jaw Worm","floor":5,"turns":1},{"damage":0,"enemies":"Lagavulin","floor":6,"turns":1},{"damage":0,"enemies":"Cultist","floor":10,"turns":2},{"damage":0,"enemies":"Blue Slaver","floor":11,"turns":1},{"damage":10,"enemies":"Exordium Thugs","floor":12,"turns":3},{"damage":5,"enemies":"3 Sentries","floor":13,"turns":2},{"damage":0,"enemies":"Looter","floor":14,"turns":1},{"damage":0,"enemies":"Slime Boss","floor":16,"turns":5},{"damage":0,"enemies":"Spheric Guardian","floor":18,"turns":2},{"damage":0,"enemies":"3 Byrds","floor":19,"turns":3},{"damage":3,"enemies":"Snecko","floor":24,"turns":2},{"damage":0,"enemies":"Sentry and Sphere","floor":27,"turns":3},{"damage":3,"enemies":"Snake Plant","floor":31,"turns":2},{"damage":14,"enemies":"Collector","floor":33,"turns":5},{"damage":15,"enemies":"3 Darklings","floor":35,"turns":2},{"damage":4,"enemies":"3 Shapes","floor":36,"turns":1},{"damage":19,"enemies":"Maw","floor":39,"turns":5},{"damage":12,"enemies":"4 Shapes","floor":41,"turns":2},{"damage":42,"enemies":"Jaw Worm Horde","floor":42,"turns":3},{"damage":22,"enemies":"Writhing Mass","floor":44,"turns":1}],"seed_played":"-8264118069777100242","potions_obtained":[{"floor":5,"key":"Energy Potion"},{"floor":6,"key":"AttackPotion"},{"floor":12,"key":"Explosive Potion"},{"floor":14,"key":"Swift Potion"},{"floor":16,"key":"SpeedPotion"},{"floor":27,"key":"LiquidBronze"},{"floor":31,"key":"PowerPotion"},{"floor":39,"key":"Energy Potion"},{"floor":41,"key":"BlessingOfTheForge"},{"floor":42,"key":"AttackPotion"}],"is_trial":false,"path_per_floor":["M","?","T","?","M","E","R","?","T","M","M","M","E","M","R","B",null,"M","M","?","$","?","R","M","R","T","M","?","?","?","M","R","B",null,"M","M","?","?","M","R","M","M","T","M"],"character_chosen":"WATCHER","items_purchased":["HandDrill","Dream Catcher","Bronze Scales"],"campfire_rested":1,"item_purchase_floors":[21,21,21],"current_hp_per_floor":[72,58,65,65,65,65,65,65,65,65,65,55,50,50,50,50,79,79,79,79,79,79,79,76,76,76,76,76,70,70,67,67,53,79,64,60,60,60,45,68,56,20,20,0,0],"gold":416,"neow_bonus":"THREE_ENEMY_KILL","is_daily":false,"chose_seed":false,"campfire_upgraded":4,"win_rate":0.0,"timestamp":1613462988,"path_taken":["M","?","?","?","?","E","R","?","T","M","M","M","E","M","R","BOSS","M","M","?","$","?","R","M","R","T","M","?","?","?","M","R","BOSS","M","?","?","?","M","R","M","?","T","M"],"items_purchased_type":["Relic","Relic","Relic"],"build_version":"2020-12-22","purchased_purges":0,"victory":false,"max_hp_per_floor":[72,72,79,79,79,79,79,79,79,79,79,79,79,79,79,79,79,79,79,79,79,79,79,79,79,79,79,79,79,79,79,79,79,79,79,79,79,79,79,79,79,79,79,79,79],"card_choices":[{"not_picked":["JustLucky","Perseverance","EmptyFist"],"picked":"SKIP","floor":1},{"not_picked":["JustLucky","Perseverance"],"picked":"EmptyFist","floor":1},{"not_picked":["Consecrate","SashWhip"],"picked":"Crescendo","floor":5},{"not_picked":["FlyingSleeves","InnerPeace"],"picked":"Consecrate","floor":6},{"not_picked":["Sanctity","WindmillStrike+1"],"picked":"Tantrum+1","floor":10},{"not_picked":["ThirdEye","EmptyFist+1"],"picked":"Omniscience","floor":11},{"not_picked":["JustLucky+1","MentalFortress"],"picked":"ClearTheMind","floor":12},{"not_picked":["Indignation","Worship"],"picked":"SandsOfTime+1","floor":13},{"not_picked":["Pray","WreathOfFlame","JustLucky+1"],"picked":"SKIP","floor":14},{"not_picked":["SpiritShield","DeusExMachina"],"picked":"LessonLearned+1","floor":16},{"not_picked":["Prostrate+1","CutThroughFate+1"],"picked":"Halt","floor":18},{"not_picked":["Halt","CrushJoints+1"],"picked":"DeceiveReality","floor":19},{"not_picked":["Halt","ThirdEye+1"],"picked":"Evaluate","floor":24},{"not_picked":["Prostrate","Halt"],"picked":"Consecrate+1","floor":27},{"not_picked":["EmptyFist+1","EmptyBody"],"picked":"SandsOfTime+1","floor":31},{"not_picked":["ConjureBlade","Brilliance+1"],"picked":"DevaForm","floor":33},{"not_picked":["Collect+1","CrushJoints+1"],"picked":"WheelKick+1","floor":35},{"not_picked":["Pray+1","ClearTheMind+1"],"picked":"SashWhip+1","floor":36},{"not_picked":["Madness","Mind Blast+1"],"picked":"Bandage Up","floor":37},{"not_picked":["FearNoEvil+1","FlurryOfBlows+1"],"picked":"BattleHymn","floor":39},{"not_picked":["Evaluate+1","Sanctity+1"],"picked":"BattleHymn","floor":41},{"not_picked":["FlyingSleeves+1","LikeWater+1","Protect"],"picked":"SKIP","floor":42}],"player_experience":135567,"relics_obtained":[{"floor":3,"key":"Strawberry"},{"floor":6,"key":"Gremlin Horn"},{"floor":9,"key":"Molten Egg 2"},{"floor":13,"key":"Thread and Needle"},{"floor":17,"key":"Oddly Smooth Stone"},{"floor":17,"key":"InkBottle"},{"floor":17,"key":"CaptainsWheel"},{"floor":26,"key":"Letter Opener"}],"event_choices":[{"damage_healed":0,"gold_gain":0,"player_choice":"Entered Light","damage_taken":14,"max_hp_gain":0,"max_hp_loss":0,"event_name":"Shining Light","floor":2,"gold_loss":0,"cards_upgraded":["EmptyFist","Strike_P"]},{"damage_healed":0,"gold_gain":100,"player_choice":"Pray","damage_taken":0,"max_hp_gain":0,"max_hp_loss":0,"event_name":"Golden Shrine","floor":4,"gold_loss":0},{"cards_removed":["Strike_P"],"damage_healed":0,"gold_gain":0,"player_choice":"Purged","damage_taken":0,"max_hp_gain":0,"max_hp_loss":0,"event_name":"Purifier","floor":8,"gold_loss":0},{"damage_healed":0,"gold_gain":0,"player_choice":"Obtain J.A.X.","damage_taken":0,"max_hp_gain":0,"max_hp_loss":0,"event_name":"Drug Dealer","floor":20,"gold_loss":0,"cards_obtained":["J.A.X."]},{"damage_healed":0,"gold_gain":0,"player_choice":"Ignored","damage_taken":0,"max_hp_gain":0,"max_hp_loss":0,"event_name":"Ghosts","floor":22,"gold_loss":0},{"damage_healed":0,"gold_gain":0,"player_choice":"Opened","damage_taken":0,"relics_obtained":["Bag of Preparation"],"max_hp_gain":0,"max_hp_loss":0,"event_name":"The Mausoleum","floor":28,"gold_loss":0},{"damage_healed":0,"gold_gain":0,"player_choice":"Joined the Cult","damage_taken":6,"max_hp_gain":0,"max_hp_loss":0,"event_name":"Nest","floor":29,"gold_loss":0,"cards_obtained":["RitualDagger"]},{"damage_healed":0,"gold_gain":0,"player_choice":"Rummage","damage_taken":0,"relics_obtained":["WarpedTongs"],"max_hp_gain":0,"max_hp_loss":0,"event_name":"Accursed Blacksmith","floor":30,"gold_loss":0,"cards_obtained":["Pain"]},{"damage_healed":0,"gold_gain":0,"player_choice":"Memory 1","damage_taken":0,"max_hp_gain":0,"max_hp_loss":0,"event_name":"SensoryStone","floor":37,"gold_loss":0},{"damage_healed":0,"gold_gain":0,"cards_transformed":["Defend_P"],"player_choice":"Transformed","damage_taken":0,"max_hp_gain":0,"max_hp_loss":0,"event_name":"Transmorgrifier","floor":38,"gold_loss":0,"cards_obtained":["Crescendo"]}],"is_beta":false,"boss_relics":[{"not_picked":["Sozu","Astrolabe"],"picked":"Calling Bell"},{"not_picked":["Philosopher\u0027s Stone","Empty Cage"],"picked":"HolyWater"}],"items_purged_floors":[],"is_endless":false,"potions_floor_spawned":[5,6,12,14,16,27,31,35,39,41,42],"killed_by":"Writhing Mass","ascension_level":0}}