{"host":"wxz7488rqrwl2v46","time":1613459828,"event":{"mods":["BaseMod","Minty Spire (QoL Compilation)","Quick Restart","Replay The Spire","StSLib"],"gold_per_floor":[99,114,129,139,4,4,19,19,71,139,150,183,183,197,197,295,295,308,358,492,504,554,554,554,554],"floor_reached":24,"language":"ZHS","playtime":1159,"items_purged":[],"score":200,"play_id":"57d39270-278c-4278-a1e0-daf49879312f","local_time":"20210216151708","is_ascension_mode":false,"campfire_choices":[{"data":"Finisher","floor":6,"key":"SMITH"},{"floor":13,"key":"REST"},{"floor":15,"key":"REST"},{"data":"Poisoned Stab","floor":23,"key":"SMITH"}],"circlet_count":0,"master_deck":["Strike_G+1","Strike_G+1","Strike_G+1","Strike_G+1","Strike_G+1","Defend_G+1","Defend_G+1","Defend_G+1","Defend_G+1","Defend_G+1","Survivor","Neutralize","Blade Dance","Finisher+1","Toxin Wave","Reflex","Poisoned Stab+1","Panacea","Acrobatics","Flying Knee","ReplayTheSpireMod:The Works","ReplayTheSpireMod:The Works","Flying Knee","Corpse Explosion","Terror","Looming Evil","CommonCold","Deadly Poison+1","ReplayTheSpireMod:Exploit Weakness+1"],"relics":["Ring of the Snake","NeowsBlessing","SsserpentHead","Replay:Rubber Ducky","Bottled Flame","Replay:Grab Bag","Sozu","Cursed Key","Ring of Chaos","Ring of Fangs","Omamori"],"acts_visited":["Exordium","TheCity"],"potions_floor_usage":[18],"damage_taken":[{"damage":0,"enemies":"Cultist","floor":1,"turns":1},{"damage":0,"enemies":"2 Louse","floor":2,"turns":1},{"damage":0,"enemies":"Jaw Worm","floor":3,"turns":1},{"damage":0,"enemies":"Large Slime","floor":4,"turns":5},{"damage":4,"enemies":"Blue Slaver","floor":7,"turns":3},{"damage":7,"enemies":"2 Fungi Beasts","floor":10,"turns":4},{"damage":0,"enemies":"3 Louse","floor":11,"turns":2},{"damage":35,"enemies":"3 Sentries","floor":12,"turns":9},{"damage":17,"enemies":"Red Slaver","floor":14,"turns":4},{"damage":56,"enemies":"Fading Forest","floor":16,"turns":11},{"damage":17,"enemies":"Shell Parasite","floor":18,"turns":6},{"damage":10,"enemies":"Chosen","floor":21,"turns":4},{"damage":47,"enemies":"Sentry and Sphere","floor":24,"turns":8}],"seed_played":"4715233177917436761","potions_obtained":[{"floor":7,"key":"Elixir"},{"floor":10,"key":"LiquidBronze"},{"floor":12,"key":"FairyPotion"}],"is_trial":false,"path_per_floor":["M","M","M","M","$","R","M","?","T","M","M","E","R","M","R","B",null,"M","?","?","M","?","R","M"],"character_chosen":"THE_SILENT","items_purchased":["Poisoned Stab","Panacea"],"campfire_rested":2,"item_purchase_floors":[5,5],"current_hp_per_floor":[70,70,70,70,70,70,66,66,66,59,59,24,45,28,49,3,70,53,53,53,43,43,43,0,0],"gold":554,"neow_bonus":"THREE_ENEMY_KILL","is_daily":false,"chose_seed":false,"campfire_upgraded":2,"win_rate":0.0,"timestamp":1613459828,"path_taken":["M","M","M","?","?","R","M","?","T","?","M","E","R","M","R","BOSS","M","?","?","M","?","R","M"],"items_purchased_type":["Card","Card"],"build_version":"2020-12-22","purchased_purges":0,"victory":false,"max_hp_per_floor":[70,70,70,70,70,70,70,70,70,70,70,70,70,70,70,70,70,70,70,70,70,70,70,70,70],"card_choices":[{"not_picked":["Sucker Punch","ReplayTheSpireMod:Speed Training"],"picked":"Blade Dance","floor":1},{"not_picked":["Caltrops","Riddle With Holes"],"picked":"Finisher","floor":2},{"not_picked":["Flechettes","Sneak Up"],"picked":"Toxin Wave","floor":3},{"not_picked":["Blur","Escape Plan"],"picked":"Reflex","floor":4},{"not_picked":["Sucker Punch","Underhanded Strike"],"picked":"Acrobatics","floor":7},{"not_picked":["Acrobatics","ReplayTheSpireMod:Tripwire"],"picked":"Flying Knee","floor":10},{"not_picked":["Sneak Up","Slice"],"picked":"ReplayTheSpireMod:The Works","floor":11},{"not_picked":["Quick Slash","Deflect"],"picked":"ReplayTheSpireMod:The Works","floor":12},{"not_picked":["Outmaneuver","Dodge and Roll"],"picked":"Flying Knee","floor":14},{"not_picked":["Doppelganger","Malaise"],"picked":"Corpse Explosion","floor":16},{"not_picked":["Hidden Blade","Flying Knee"],"picked":"Terror","floor":18},{"not_picked":["Blade Dance+1","Riddle With Holes+1"],"picked":"Deadly Poison+1","floor":20},{"not_picked":["Sucker Punch","ReplayTheSpireMod:The Works"],"picked":"ReplayTheSpireMod:Exploit Weakness+1","floor":21}],"player_experience":36476,"relics_obtained":[{"floor":9,"key":"Replay:Rubber Ducky"},{"floor":12,"key":"Bottled Flame"},{"floor":19,"key":"Ring of Fangs"},{"floor":20,"key":"Omamori"}],"event_choices":[{"damage_healed":0,"gold_gain":0,"player_choice":"Trade","damage_taken":0,"relics_obtained":["SsserpentHead"],"max_hp_gain":0,"max_hp_loss":0,"event_name":"FaceTrader","floor":8,"gold_loss":0},{"damage_healed":0,"gold_gain":0,"player_choice":"Simplicity","damage_taken":0,"max_hp_gain":0,"max_hp_loss":0,"event_name":"Back to Basics","floor":22,"gold_loss":0,"cards_upgraded":["Strike_G","Strike_G","Strike_G","Strike_G","Strike_G","Defend_G","Defend_G","Defend_G","Defend_G","Defend_G"]}],"is_beta":false,"boss_relics":[{"not_picked":["Busted Crown","ReplayTheSpireMod:DimensionalGlitch"],"picked":"Replay:Grab Bag"},{"not_picked":["ChewingGum","Coffee Dripper"],"picked":"Sozu"},{"not_picked":["SlaversCollar","Runic Dome"],"picked":"Cursed Key"},{"not_picked":["Tiny House","Empty Cage"],"picked":"Ring of Chaos"}],"items_purged_floors":[],"is_endless":false,"potions_floor_spawned":[7,10,12,14],"killed_by":"Sentry and Sphere","ascension_level":0}}