{"host":"dn6kke80v5f7isus","time":1613519422,"event":{"mods":["AchievementEnabler","Act Like it!","Astrologer","BaseMod","Colored Powertips","Custom Start","Defuse TimeMaze Blight","Energized Spire","Gremlin Skip","Highlight Path","Hubris","Infinite Spire","Marisa????????","Marked Mod","Minty Spire (QoL Compilation)","Quick Restart","Rare Cards Sparkle","Reliquary","Replay The Spire","StSLib","The Servant 0.9.4","Uncapped","Unceasing Turn Reminder"],"gold_per_floor":[109,123,123,123,73,73,99,119,119,150,170,185,214,214,214,214,214],"floor_reached":16,"language":"ENG","playtime":805,"items_purged":[],"score":145,"play_id":"04955509-adb3-4edd-a713-4dc2b810e17f","local_time":"20210216185022","is_ascension_mode":false,"campfire_choices":[{"data":"Vigilance","floor":6,"key":"SMITH"},{"data":"LikeWater","floor":15,"key":"SMITH"}],"circlet_count":0,"master_deck":["Strike_P","Strike_P","Defend_P","Defend_P","Defend_P","Eruption+1","Vigilance+1","Replay:Cycle","LikeWater+1","Prostrate","JustLucky"],"relics":["PureWater","NeowsBlessing","StrikeDummy","infinitespire:Midas Blood","Pen Nib","Centennial Puzzle"],"acts_visited":["Exordium"],"potions_floor_usage":[8,13],"damage_taken":[{"damage":0,"enemies":"2 Louse","floor":1,"turns":1},{"damage":0,"enemies":"Jaw Worm","floor":2,"turns":1},{"damage":0,"enemies":"Lagavulin","floor":7,"turns":1},{"damage":0,"enemies":"Small Slimes","floor":8,"turns":2},{"damage":11,"enemies":"Gremlin Nob","floor":10,"turns":3},{"damage":6,"enemies":"Exordium Thugs","floor":11,"turns":6},{"damage":0,"enemies":"Large Slime","floor":12,"turns":5},{"damage":4,"enemies":"3 Sentries","floor":13,"turns":7},{"damage":0,"enemies":"Fading Forest","floor":16,"turns":3}],"seed_played":"393424372170427562","potions_obtained":[{"floor":2,"key":"Elixir"},{"floor":7,"key":"ColorlessPotion"},{"floor":12,"key":"SpeedPotion"}],"is_trial":false,"path_per_floor":["M","M","?","?","?","R","E","M","T","E","M","M","E","?","R","B"],"character_chosen":"WATCHER","items_purchased":[],"campfire_rested":0,"item_purchase_floors":[],"current_hp_per_floor":[72,72,72,72,72,72,72,72,72,61,55,55,51,51,51,51,51],"gold":214,"neow_bonus":"THREE_ENEMY_KILL","is_daily":false,"chose_seed":false,"campfire_upgraded":2,"win_rate":0.0,"timestamp":1613519422,"path_taken":["M","M","?","?","?","R","E","M","T","E","M","?","E","?","R","BOSS"],"items_purchased_type":[],"build_version":"2020-12-22","purchased_purges":0,"victory":false,"max_hp_per_floor":[72,72,72,72,72,72,72,72,72,72,72,72,72,72,72,72,72],"card_choices":[{"not_picked":["Replay:BluntJabs","MarkedMod:Acupuncture","CutThroughFate"],"picked":"SKIP","floor":1},{"not_picked":["FollowUp","Replay:AtTheReady","Replay:Anticipation"],"picked":"SKIP","floor":2},{"not_picked":["MarkedMod:FirstStrike","Conclude"],"picked":"Replay:Cycle","floor":7},{"not_picked":["CarveReality","CutThroughFate"],"picked":"LikeWater","floor":8},{"not_picked":["ClearTheMind","Replay:LoomingThreat"],"picked":"Prostrate","floor":10},{"not_picked":["ClearTheMind","SignatureMove"],"picked":"JustLucky","floor":11},{"not_picked":["WheelKick","Evaluate","Protect"],"picked":"SKIP","floor":12},{"not_picked":["ThirdEye","BowlingBash","Replay:Hum"],"picked":"SKIP","floor":13}],"player_experience":451213,"relics_obtained":[{"floor":7,"key":"StrikeDummy"},{"floor":9,"key":"infinitespire:Midas Blood"},{"floor":10,"key":"Pen Nib"},{"floor":13,"key":"Centennial Puzzle"}],"event_choices":[{"cards_removed":["Strike_P"],"damage_healed":0,"gold_gain":0,"player_choice":"Card Removal","damage_taken":0,"max_hp_gain":0,"max_hp_loss":0,"event_name":"The Cleric","floor":5,"gold_loss":50}],"is_beta":false,"boss_relics":[],"items_purged_floors":[],"is_endless":false,"potions_floor_spawned":[2,7,12],"killed_by":"Fading Forest","ascension_level":0}}