{"host":"c0rqchpxu0yjpthq","time":1613479028,"event":{"mods":["100% Spire Juice","BaseMod","Challenge The Spire","Conspire","Downfall","HololiveMod","Minty Spire (QoL Compilation)","Reimu£®≤©¿ˆ¡È√Œ£©","Relic Stats","Reliquary","Spicy Shops","StSLib","Wide Potions","[GremlinLeader]The Maniac"],"gold_per_floor":[114114,114075,112664,112683,112683,112683,112683,111560,111560,111560,111560,111580,111559,111559,111559,111585,111585,111602,110081,110056,110056,109996,109996,109983,109963,109963,109899,108428,108370,108325,108344,108344,108256,108256,108237,108208,106941,106921,106921,106921,106741,106771,106819,106819,106796,106785,106765,106765,106765,106605,106605,106605,104750,104746,104656],"floor_reached":56,"language":"ZHS","playtime":2784,"items_purged":["Regret","Defend_Lin:ReiMu","Strike_Lin:ReiMu","Decay","Strike_Lin:ReiMu","Parasite","Defend_Lin:ReiMu","Injury","Defend_Lin:ReiMu","Strike_Lin:ReiMu"],"score":1500,"play_id":"1089fe1b-d187-4960-8213-1f36e6f95471","local_time":"20210216203708","is_ascension_mode":false,"campfire_choices":[{"floor":6.0,"key":"RECALL"},{"floor":10.0,"key":"REST"},{"floor":15,"key":"REST"},{"floor":23,"key":"REST"},{"floor":32,"key":"REST"},{"floor":40,"key":"REST"},{"floor":44,"key":"REST"},{"floor":49,"key":"REST"},{"floor":52,"key":"REST"}],"circlet_count":0,"master_deck":["Defend_Lin:ReiMu+1","NB:ReiMu","Stagnation:ReiMu+1","SpreadBorder2:ReiMu","BarrageOfMoneybags:ReiMu","DependentForm:ReiMu","Free:ReiMu","Authority:ReiMu","KamiRite:ReiMu+1","RainPray2:ReiMu","KamiRite:ReiMu+1","Apotheosis","UniversalSpiritual:ReiMu"],"relics":["Fusion Hammer","reliquary:BallBearing","Calipers","Sling","TentaclePot:ReiMu","KaguraBell:ReiMu","MawBank","Orichalcum","Ornamental Fan","Frozen Eye","reliquary:Bookmark","reliquary:TuningFork","reliquary:OuijaBoard","Gremlin Horn","Vajra","RuthlessExorcism:ReiMu","reliquary:Ember","conspire:Flyswatter","InkBottle","conspire:TreasureMap","FadedRune:ReiMu","reliquary:ExpiredCoupon","Orrery","Bag of Preparation","reliquary:Buckler","reliquary:PartyBalloon","PrismaticShard","SkyOrb:ReiMu","CheatingSign:ReiMu","reliquary:PurpleTingedLeaf","Bottled Lightning","reliquary:PrincelyHelmet","SlaversCollar","White Beast Statue","Strawberry","Anchor","reliquary:JackalopeAntler","Chemical X","DollysMirror","conspire:Boomerang","conspire:DeflatedDodgeball","MealTicket","Hololive_LightStick","Mercury Hourglass","ClockworkSouvenir","HornCleat","Blood Vial","TheAbacus","reliquary:TridentHead"],"acts_visited":["Exordium","TheCity","TheBeyond","TheEnding"],"potions_floor_usage":[16,16,50],"damage_taken":[{"damage":9.0,"enemies":"Small Slimes","floor":1.0,"turns":5.0},{"damage":0.0,"enemies":"Jaw Worm","floor":4.0,"turns":4.0},{"damage":4.0,"enemies":"Gremlin Nob","floor":11.0,"turns":3.0},{"damage":0.0,"enemies":"2 Louse","floor":12.0,"turns":2.0},{"damage":3.0,"enemies":"3 Sentries","floor":13.0,"turns":6.0},{"damage":12,"enemies":"Slime Boss","floor":16,"turns":4},{"damage":33,"enemies":"Chosen","floor":18,"turns":5},{"damage":14,"enemies":"2 Thieves","floor":20,"turns":3},{"damage":10,"enemies":"Snake Plant","floor":22,"turns":3},{"damage":0,"enemies":"conspire:Head Lice","floor":24,"turns":3},{"damage":0,"enemies":"conspire:HollyBat","floor":25,"turns":5},{"damage":0,"enemies":"Chosen and Byrds","floor":27,"turns":2},{"damage":17,"enemies":"Snake Plant","floor":29,"turns":3},{"damage":3,"enemies":"Book of Stabbing","floor":30,"turns":4},{"damage":0,"enemies":"Cultist and Chosen","floor":31,"turns":3},{"damage":0,"enemies":"conspire:MysteriousRune","floor":33,"turns":7},{"damage":4,"enemies":"3 Shapes","floor":35,"turns":2},{"damage":0,"enemies":"Orb Walker","floor":36,"turns":3},{"damage":0,"enemies":"Mind Bloom Boss Battle","floor":38,"turns":5},{"damage":0,"enemies":"Transient","floor":41,"turns":5},{"damage":5,"enemies":"Reptomancer","floor":42,"turns":4},{"damage":0,"enemies":"3 Darklings","floor":45,"turns":3},{"damage":0,"enemies":"conspire:MimicChest","floor":46,"turns":4},{"damage":0,"enemies":"4 Shapes","floor":47,"turns":2},{"damage":0,"enemies":"Awakened One","floor":50,"turns":7},{"damage":0,"enemies":"Shield and Spear","floor":54,"turns":4},{"damage":0,"enemies":"The Heart","floor":55,"turns":6}],"seed_played":"-1008915267369699950","potions_obtained":[{"floor":1.0,"key":"PowerPotion"},{"floor":11.0,"key":"FairyPotion"},{"floor":18,"key":"SteroidPotion"},{"floor":38,"key":"BottledKami:ReiMu"}],"is_trial":false,"path_per_floor":["M","?","$","M","?","R","?","$","T","R","E","M","E","?","R","B",null,"M","$","M","?","M","R","E","M","T","M","$","M","E","M","R","B",null,"M","M","$","?","?","R","M","E","T","R","M","?","M","?","R","B",null,"R","$","E","B",null],"character_chosen":"REIMU","items_purchased":["reliquary:BallBearing","Calipers","Sling","TentaclePot:ReiMu","KaguraBell:ReiMu","PowerPotion","AttackPotion","Orichalcum","Ornamental Fan","Frozen Eye","reliquary:Bookmark","reliquary:TuningFork","reliquary:OuijaBoard","SpreadBorder2:ReiMu","BarrageOfMoneybags:ReiMu","conspire:Flyswatter","InkBottle","conspire:TreasureMap","FadedRune:ReiMu","reliquary:ExpiredCoupon","Orrery","reliquary:PartyBalloon","PrismaticShard","SkyOrb:ReiMu","CheatingSign:ReiMu","reliquary:PurpleTingedLeaf","Bottled Lightning","RainPray2:ReiMu","White Beast Statue","Strawberry","Anchor","reliquary:JackalopeAntler","Chemical X","DollysMirror","Hololive_LightStick","Mercury Hourglass","ClockworkSouvenir","HornCleat","Blood Vial","TheAbacus","Apotheosis","UniversalSpiritual:ReiMu"],"campfire_rested":8,"item_purchase_floors":[3,3,3,3,3,3,3,8,8,8,8,8,8,8,8,19,19,19,19,19,19,28,28,28,28,28,28,28,37,37,37,37,37,37,53,53,53,53,53,53,53,53],"current_hp_per_floor":[56,56,56,56,43,43,18,18,18,37,33,33,30,30,49,37,65,32,32,18,75,65,75,75,75,75,75,72,56,55,57,72,72,72,69,71,78,79,79,79,79,74,74,79,79,79,79,79,79,79,79,79,79,79,79],"gold":104656,"neow_bonus":"BOSS_RELIC","is_daily":false,"chose_seed":false,"campfire_upgraded":0,"win_rate":0.0,"timestamp":1613479028,"path_taken":["M","?","$","M","?","R","?","$","T","R","E","M","E","?","R","BOSS","M","$","M","?","M","R","E","?","T","M","$","M","E","M","R","BOSS","M","M","$","?","?","R","M","E","T","R","M","?","?","?","R","BOSS","R","$","E","BOSS"],"items_purchased_type":["Relic","Relic","Relic","Relic","Relic","Potion","Potion","Relic","Relic","Relic","Relic","Relic","Relic","Card","Card","Relic","Relic","Relic","Relic","Relic","Relic","Relic","Relic","Relic","Relic","Relic","Relic","Card","Relic","Relic","Relic","Relic","Relic","Relic","Relic","Relic","Relic","Relic","Relic","Relic","Card","Card"],"build_version":"2020-12-22","purchased_purges":10,"victory":true,"max_hp_per_floor":[65,65,65,65,65,65,65,65,65,65,65,65,65,65,65,65,65,65,65,65,75,75,75,75,75,75,75,72,72,72,72,72,72,72,72,72,79,79,79,79,79,79,79,79,79,79,79,79,79,79,79,79,79,79,79],"relic_stats":{"Gremlin Horn":[17,17],"counters":[27,105],"Bag of Preparation":[34],"Orichalcum":[30],"MawBank":12,"Mercury Hourglass":[33],"Blood Vial":0,"TheAbacus":[66],"Ornamental Fan":[184],"MealTicket":0,"Chemical X":[1],"obtain_stats":[{"reliquary:OuijaBoard":8,"KaguraBell:ReiMu":3,"Calipers":3,"Gremlin Horn":9,"reliquary:PartyBalloon":28,"Vajra":11,"Sling":3,"Blood Vial":53,"HornCleat":53,"DollysMirror":37,"Strawberry":37,"MealTicket":46,"Fusion Hammer":0,"conspire:TreasureMap":19,"TentaclePot:ReiMu":3,"conspire:Boomerang":38,"reliquary:Bookmark":8,"reliquary:JackalopeAntler":37,"SlaversCollar":34,"reliquary:BallBearing":3,"FlyPower:ReiMu":0,"conspire:Flyswatter":19,"reliquary:PrincelyHelmet":30,"Bag of Preparation":24,"PrismaticShard":28,"ClockworkSouvenir":53,"Frozen Eye":8,"reliquary:TridentHead":54,"TheAbacus":53,"FadedRune:ReiMu":19,"reliquary:Buckler":26,"Chemical X":37,"InkBottle":19,"Orichalcum":8,"MawBank":7,"White Beast Statue":37,"Mercury Hourglass":53,"reliquary:ExpiredCoupon":19,"Anchor":37,"Hololive_LightStick":53,"Ornamental Fan":8,"Orrery":19,"CheatingSign:ReiMu":28,"reliquary:TuningFork":8,"reliquary:Ember":17,"SkyOrb:ReiMu":28,"Bottled Lightning":28,"conspire:DeflatedDodgeball":42,"reliquary:PurpleTingedLeaf":28,"RuthlessExorcism:ReiMu":13},{"reliquary:OuijaBoard":2,"KaguraBell:ReiMu":1,"Calipers":1,"Gremlin Horn":2,"reliquary:PartyBalloon":12,"Vajra":3,"Sling":1,"Blood Vial":25,"HornCleat":25,"DollysMirror":18,"Strawberry":18,"MealTicket":23,"Fusion Hammer":0,"conspire:TreasureMap":7,"TentaclePot:ReiMu":1,"conspire:Boomerang":19,"reliquary:Bookmark":2,"reliquary:JackalopeAntler":18,"SlaversCollar":16,"reliquary:BallBearing":1,"FlyPower:ReiMu":0,"conspire:Flyswatter":7,"reliquary:PrincelyHelmet":14,"Bag of Preparation":10,"PrismaticShard":12,"ClockworkSouvenir":25,"Frozen Eye":2,"reliquary:TridentHead":26,"TheAbacus":25,"FadedRune:ReiMu":7,"reliquary:Buckler":11,"Chemical X":18,"InkBottle":7,"Orichalcum":2,"MawBank":2,"White Beast Statue":18,"Mercury Hourglass":25,"reliquary:ExpiredCoupon":7,"Anchor":18,"Hololive_LightStick":25,"Ornamental Fan":2,"Orrery":7,"CheatingSign:ReiMu":12,"reliquary:TuningFork":2,"reliquary:Ember":6,"SkyOrb:ReiMu":12,"Bottled Lightning":12,"conspire:DeflatedDodgeball":21,"reliquary:PurpleTingedLeaf":12,"RuthlessExorcism:ReiMu":5},{"reliquary:OuijaBoard":9,"KaguraBell:ReiMu":5,"Calipers":5,"Gremlin Horn":9,"reliquary:PartyBalloon":45,"Vajra":12,"Sling":5,"Blood Vial":96,"HornCleat":96,"DollysMirror":66,"Strawberry":66,"MealTicket":87,"Fusion Hammer":0,"conspire:TreasureMap":29,"TentaclePot:ReiMu":5,"conspire:Boomerang":71,"reliquary:Bookmark":9,"reliquary:JackalopeAntler":66,"SlaversCollar":62,"reliquary:BallBearing":5,"FlyPower:ReiMu":0,"conspire:Flyswatter":29,"reliquary:PrincelyHelmet":52,"Bag of Preparation":38,"PrismaticShard":45,"ClockworkSouvenir":96,"Frozen Eye":9,"reliquary:TridentHead":99,"TheAbacus":96,"FadedRune:ReiMu":29,"reliquary:Buckler":43,"Chemical X":66,"InkBottle":29,"Orichalcum":9,"MawBank":9,"White Beast Statue":66,"Mercury Hourglass":96,"reliquary:ExpiredCoupon":29,"Anchor":66,"Hololive_LightStick":96,"Ornamental Fan":9,"Orrery":29,"CheatingSign:ReiMu":45,"reliquary:TuningFork":9,"reliquary:Ember":24,"SkyOrb:ReiMu":45,"Bottled Lightning":45,"conspire:DeflatedDodgeball":80,"reliquary:PurpleTingedLeaf":45,"RuthlessExorcism:ReiMu":20}],"InkBottle":[54]},"card_choices":[{"not_picked":["PrepareRite:ReiMu","EmergencyTakeOff:ReiMu","UniversalSpiritual:ReiMu"],"picked":"SKIP","floor":1.0},{"not_picked":["Enchanting:ReiMu","SubcavityInstant:ReiMu","OrbThrow:ReiMu"],"picked":"SKIP","floor":4.0},{"not_picked":["PhosphorusFlame:ReiMu","SpreadBorder2:ReiMu"],"picked":"HakureiPhantom:ReiMu","floor":11.0},{"not_picked":["PassingAway:ReiMu","Revelation:ReiMu","SafetyPray:ReiMu"],"picked":"SKIP","floor":12.0},{"not_picked":["SubAcupoint:ReiMu","SpringWay:ReiMu"],"picked":"DependentForm:ReiMu","floor":13.0},{"not_picked":["BlastKick2:ReiMu","CeremonyResonance:ReiMu"],"picked":"Free:ReiMu","floor":16},{"not_picked":["WonderfulDomain:ReiMu","Conquer:ReiMu","RainPray2:ReiMu"],"picked":"SKIP","floor":18},{"not_picked":["PassingAway:ReiMu+1","Dreaming2:ReiMu"],"picked":"Authority:ReiMu","floor":19},{"not_picked":["SubcavityInstant:ReiMu","Gathering:ReiMu","TightArray:ReiMu"],"picked":"SKIP","floor":20},{"not_picked":["SubcavityInstant:ReiMu","WonderfulDomain:ReiMu","PrayRite:ReiMu"],"picked":"SKIP","floor":22},{"not_picked":["RainPray2:ReiMu","SpreadBorder2:ReiMu"],"picked":"KamiRite:ReiMu","floor":24},{"not_picked":["Enchanting:ReiMu","UpKicking:ReiMu","OrbThrow:ReiMu"],"picked":"SKIP","floor":25},{"not_picked":["ShadowOfCrow2:ReiMu","EmergencyTakeOff:ReiMu+1","SpringWay:ReiMu"],"picked":"SKIP","floor":27},{"not_picked":["ThirdEye+1","hexamod:FastForward","Moonworks:Bloodlust"],"picked":"SKIP","floor":29},{"not_picked":["Heavy Blade","hexamod:BurningTouch+1","Twin Strike+1"],"picked":"SKIP","floor":30},{"not_picked":["Go for the Eyes","maniac:MortalSteel","bronze:Invalidate+1"],"picked":"SKIP","floor":31},{"not_picked":["hexamod:SecondSeal","bronze:BuggyMess","champ:BerserkersShout+1"],"picked":"SKIP","floor":35},{"not_picked":["hexamod:SecondSeal","bronze:BuggyMess","champ:BerserkersShout+1"],"picked":"SKIP","floor":35},{"not_picked":["Moonworks:SealedMemories","Guardian:Gem_Cyan","hexamod:Firestarter+1"],"picked":"SKIP","floor":36},{"not_picked":["Moonworks:DevilHand","SpiritualOutbreak2:ReiMu","Hololive_Watashimo"],"picked":"SKIP","floor":41},{"not_picked":["champ:CheapShot","bronze:BuggyMess+1","bronze:Iterate"],"picked":"SKIP","floor":42},{"not_picked":["sneckomod:UnknownUncommonSkill","sneckomod:UnendingSupply","expansioncontent:PrepareCrush+1"],"picked":"SKIP","floor":45},{"not_picked":["Sucker Punch","Predator+1","Moonworks:LuckyCharm"],"picked":"SKIP","floor":47},{"not_picked":["Guardian:WalkerClaw","Slimebound:Schlurp+1","hexamod:ShieldOfDarkness+1"],"picked":"SKIP","floor":54}],"player_experience":73188,"relics_obtained":[{"floor":9.0,"key":"Gremlin Horn"},{"floor":11.0,"key":"Vajra"},{"floor":13.0,"key":"RuthlessExorcism:ReiMu"},{"floor":24,"key":"Bag of Preparation"},{"floor":26,"key":"reliquary:Buckler"},{"floor":30,"key":"reliquary:PrincelyHelmet"},{"floor":38,"key":"conspire:Boomerang"},{"floor":42,"key":"conspire:DeflatedDodgeball"},{"floor":46,"key":"MealTicket"},{"floor":54,"key":"reliquary:TridentHead"}],"event_choices":[{"damage_healed":0.0,"max_hp_gain":0.0,"max_hp_loss":0.0,"gold_gain":0.0,"event_name":"World of Goop","player_choice":"Left Gold","floor":2.0,"gold_loss":39.0,"damage_taken":0.0},{"damage_healed":0.0,"max_hp_gain":0.0,"max_hp_loss":0.0,"gold_gain":0.0,"event_name":"Shining Light","player_choice":"Entered Light","floor":5.0,"gold_loss":0.0,"damage_taken":13.0,"cards_upgraded":["Strike_Lin:ReiMu","Stagnation:ReiMu"]},{"damage_healed":0.0,"max_hp_gain":0.0,"max_hp_loss":0.0,"gold_gain":0.0,"event_name":"Scrap Ooze","player_choice":"Success","floor":7.0,"gold_loss":0.0,"damage_taken":25.0,"relics_obtained":["MawBank"]},{"damage_healed":0,"gold_gain":0,"player_choice":"Cursed","damage_taken":0,"max_hp_gain":0,"max_hp_loss":0,"event_name":"Wheel of Change","floor":14,"gold_loss":0,"cards_obtained":["Decay"]},{"cards_removed":["HakureiPhantom:ReiMu"],"damage_healed":47,"gold_gain":0,"player_choice":"Offered Rare","damage_taken":0,"max_hp_gain":10,"max_hp_loss":0,"event_name":"Bonfire Elementals","floor":21,"gold_loss":0},{"damage_healed":0,"gold_gain":0,"player_choice":"Fight","damage_taken":0,"max_hp_gain":0,"max_hp_loss":0,"event_name":"MindBloom","floor":38,"gold_loss":0},{"damage_healed":0,"gold_gain":0,"player_choice":"Ignored","damage_taken":0,"max_hp_gain":0,"max_hp_loss":0,"event_name":"Tomb of Lord Red Mask","floor":39,"gold_loss":0},{"cards_removed":["Strike_Lin:ReiMu"],"damage_healed":0,"gold_gain":0,"player_choice":"Removed Attack","damage_taken":0,"max_hp_gain":0,"max_hp_loss":0,"event_name":"Falling","floor":48,"gold_loss":0}],"is_beta":false,"boss_relics":[{"not_picked":["Snecko Eye","CrownOfHeavens:ReiMu"],"picked":"reliquary:Ember"},{"not_picked":["conspire:SeveredTorchhead","Runic Dome"],"picked":"SlaversCollar"}],"items_purged_floors":[3,3,8,19,19,28,28,37,53,53],"is_endless":false,"potions_floor_spawned":[1,11,18,22,24,27,29,33,36,38,41,42,45,46,47,54],"ascension_level":0}}