{"host":"rwzz6mk6bpmb57ql","time":1613437796,"event":{"mods":["AchievementEnabler","BaseMod","Better Third Choice","BetterRewards","Colored Map","Highlight Path","Hubris","Infinite Spire","Minty Spire (QoL Compilation)","Replay The Spire","StSLib","Wandering Minibosses"],"gold_per_floor":[5617,5617,5053,5109,5119,5119,5149,5149,5149,5168,5168,5207,5307,4803,4803,4906,4906,4925,4951,4010,4025,4025,4055,3530,3532,3555,3586,3586,3611,3611,3625,3625,3735,3735,3754,3976,4000,4000,4018,4018,4046,4067,4092,4092,4125,4146,3911,3924,3924,3928,3928,3928,3706,3741,3753],"floor_reached":56,"language":"ENG","playtime":2483,"items_purged":["Strike_B","Strike_B","Defend_B","Defend_B","Strike_B","FIFO Queue","Defend_B+1"],"score":1664,"play_id":"6ac9e312-fae5-422c-816b-2947dc9b3af4","local_time":"20210215190956","is_ascension_mode":true,"campfire_choices":[{"floor":6,"key":"RECALL"},{"data":"Rainbow","floor":8,"key":"SMITH"},{"data":"FIFO Queue","floor":11,"key":"SMITH"},{"data":"Conserve Battery","floor":15,"key":"SMITH"},{"floor":28,"key":"REST"},{"data":"infinitespire:Oblivion","floor":32,"key":"SMITH"},{"data":"Strike_B","floor":40,"key":"SMITH"},{"data":"infinitespire:UltimateForm","floor":49,"key":"SMITH"},{"floor":52,"key":"REST"}],"circlet_count":0,"master_deck":["Strike_B+1","Defend_B+1","Zap+1","Dualcast+1","Conserve Battery+1","FIFO Queue+1","Ball Lightning+1","Rainbow+1","Mirror Shield+1","Panic Button+1","BasicCrystalCard+1","Rainbow+1","Machine Learning","ReplayTheSpireMod:Reroute Power+1","infinitespire:Oblivion+1","ReplayRNGCard+1","Crystallizer+1","infinitespire:UltimateForm+1"],"relics":["Cracked Core","Bag of Preparation","hubris:Spice","Replay:Bandana","infinitespire:Broken Mirror","Toxic Egg 2","Cauldron","Prayer Wheel","Bronze Scales","infinitespire:Midas Blood","Membership Card","War Paint","Dream Catcher","Red Mask","hubris:Stopwatch","hubris:PeanutButter","hubris:EmptyBottle","Replay:Baseball","DataDisk"],"acts_visited":["Exordium","TheCity","TheBeyond","TheEnding"],"potions_floor_usage":[7,12,16,23,25,25,29,45,54,54,55,55],"damage_taken":[{"damage":5,"enemies":"Small Slimes","floor":1,"turns":3},{"damage":0,"enemies":"2 Louse","floor":5,"turns":2},{"damage":12,"enemies":"3 Sentries","floor":7,"turns":7},{"damage":0,"enemies":"Cultist","floor":10,"turns":3},{"damage":61,"enemies":"Gremlin Nob","floor":12,"turns":5},{"damage":24,"enemies":"Hexaghost","floor":16,"turns":8},{"damage":44,"enemies":"Shell Parasite","floor":18,"turns":6},{"damage":0,"enemies":"Spheric Guardian","floor":19,"turns":3},{"damage":22,"enemies":"Shelled Parasite and Fungi","floor":21,"turns":6},{"damage":12,"enemies":"Nightmare","floor":23,"turns":9},{"damage":0,"enemies":"Gremlin Leader","floor":25,"turns":1},{"damage":40,"enemies":"Centurion and Healer","floor":27,"turns":6},{"damage":0,"enemies":"Masked Bandits","floor":29,"turns":1},{"damage":0,"enemies":"Chosen and Byrds","floor":31,"turns":3},{"damage":0,"enemies":"Collector","floor":33,"turns":5},{"damage":15,"enemies":"3 Shapes","floor":35,"turns":3},{"damage":0,"enemies":"Orb Walker","floor":37,"turns":2},{"damage":9,"enemies":"Writhing Mass","floor":39,"turns":2},{"damage":0,"enemies":"Nightmare","floor":41,"turns":5},{"damage":0,"enemies":"Transient","floor":42,"turns":5},{"damage":4,"enemies":"Reptomancer","floor":45,"turns":4},{"damage":14,"enemies":"4 Shapes","floor":46,"turns":3},{"damage":0,"enemies":"Writhing Mass","floor":48,"turns":1},{"damage":16,"enemies":"Time Eater","floor":50,"turns":5},{"damage":0,"enemies":"Shield and Spear","floor":54,"turns":3},{"damage":42,"enemies":"The Heart","floor":55,"turns":5}],"seed_played":"-6009281211694541516","potions_obtained":[{"floor":1,"key":"SkillPotion"},{"floor":5,"key":"FearPotion"},{"floor":14,"key":"Adrenaline Potion"},{"floor":14,"key":"SmokeBomb"},{"floor":14,"key":"FairyPotion"},{"floor":16,"key":"SkillPotion"},{"floor":23,"key":"BlessingOfTheForge"},{"floor":27,"key":"PowerPotion"},{"floor":29,"key":"FearPotion"},{"floor":39,"key":"Cursed Concoction"},{"floor":41,"key":"Elixir"},{"floor":42,"key":"BlessingOfTheForge"},{"floor":45,"key":"DistilledChaos"}],"is_trial":false,"path_per_floor":["M","?","$","?","M","R","E","R","T","M","R","E","?","$","R","B",null,"M","M","$","M","?","NM","$","E","T","M","R","?","AVR","M","R","B",null,"M","?","M","?","M","R","NM","M","T","AVR","E","M","$","M","R","B",null,"R","$","E","B",null],"character_chosen":"DEFECT","items_purchased":["Bag of Preparation","hubris:Spice","Conserve Battery","Toxic Egg 2","Cauldron","hubris:Spice","hubris:Spice","Bronze Scales","BasicCrystalCard+1","Membership Card","War Paint","hubris:Spice","Machine Learning","hubris:Spice","hubris:EmptyBottle","Replay:Baseball","DataDisk"],"campfire_rested":2,"item_purchase_floors":[3,3,3,14,14,20,20,20,20,24,24,24,24,47,53,53,53],"current_hp_per_floor":[140,140,148,118,118,118,106,106,106,106,106,45,45,45,45,121,153,109,109,109,87,87,75,75,75,75,35,66,66,66,66,66,66,97,82,82,81,81,72,72,72,72,65,65,57,43,43,41,41,95,111,111,111,103,61],"gold":3753,"neow_bonus":"UPGRADE_CARD","is_daily":false,"chose_seed":false,"campfire_upgraded":6,"win_rate":0.0,"timestamp":1613437796,"path_taken":["M","?","$","?","M","R","E","R","T","M","R","E","?","$","R","BOSS","M","?","$","M","?","NM","?","E","T","M","R","?","AVR","M","R","BOSS","M","?","M","?","M","R","NM","?","T","AVR","E","M","?","?","R","BOSS","R","$","E","BOSS"],"items_purchased_type":["Relic","Relic","Card","Relic","Relic","Relic","Relic","Relic","Card","Relic","Relic","Relic","Card","Relic","Relic","Relic","Relic"],"build_version":"2020-12-22","purchased_purges":7,"victory":true,"max_hp_per_floor":[145,145,153,161,161,161,161,161,161,161,161,161,161,161,161,161,153,137,137,121,113,113,113,105,105,105,105,105,105,105,97,97,97,97,89,89,81,81,81,81,73,73,65,65,57,57,49,41,41,111,111,111,111,103,103],"card_choices":[{"not_picked":["ReplaySort","Consume","Self Repair"],"picked":"SKIP","floor":1},{"not_picked":["Doom and Gloom","Consume"],"picked":"FIFO Queue","floor":4},{"not_picked":["Time Bomb","Cold Snap"],"picked":"Ball Lightning","floor":5},{"not_picked":["Chaos","hubris:SpiceAddiction"],"picked":"Rainbow","floor":7},{"not_picked":["Barrage","Sunder"],"picked":"FIFO Queue","floor":10},{"not_picked":["Compile Driver","Hologram","Storm"],"picked":"SKIP","floor":12},{"not_picked":["Buffer","Fission+1"],"picked":"ReplayTheSpireMod:Fabricate Wheel+1","floor":16},{"not_picked":["Hologram+1","BasicCrystalCard+1"],"picked":"hubris:SpiceAddiction","floor":18},{"not_picked":["Go for the Eyes","hubris:SpiceAddiction"],"picked":"hubris:SpiceAddiction","floor":18},{"not_picked":["Hologram+1","Streamline"],"picked":"Panic Button+1","floor":19},{"not_picked":["Stack+1","Multi-Cast+1","Compile Driver+1"],"picked":"SKIP","floor":19},{"not_picked":["Hologram+1","Beam Cell"],"picked":"hubris:SpiceAddiction","floor":21},{"not_picked":["Cold Snap","Rebound","Hologram+1"],"picked":"SKIP","floor":21},{"not_picked":["Cold Snap","Streamline+1","BasicCrystalCard+1"],"picked":"SKIP","floor":23},{"not_picked":["Cold Snap","Streamline+1","BasicCrystalCard+1"],"picked":"SKIP","floor":23},{"not_picked":["Hologram+1","Sweeping Beam"],"picked":"ReplayTheSpireMod:Reroute Power+1","floor":27},{"not_picked":["Tempest+1","Rebound","Sweeping Beam"],"picked":"SKIP","floor":27},{"not_picked":["Barrage","Steam+1"],"picked":"hubris:SpiceAddiction","floor":31},{"not_picked":["ReplayGash","Stack+1","Cold Snap"],"picked":"SKIP","floor":31},{"not_picked":["Redo+1","Hologram+1"],"picked":"hubris:SpiceAddiction","floor":35},{"not_picked":["Go for the Eyes+1","Capacitor+1","Barrage"],"picked":"SKIP","floor":35},{"not_picked":["Ball Lightning","Reinforced Body+1"],"picked":"hubris:SpiceAddiction","floor":37},{"not_picked":["Blizzard","Lockon+1","Auto Shields+1"],"picked":"SKIP","floor":37},{"not_picked":["Compile Driver+1","Streamline+1","Barrage+1"],"picked":"SKIP","floor":39},{"not_picked":["Compile Driver","Redo+1","Go for the Eyes"],"picked":"SKIP","floor":39},{"not_picked":["Hologram+1","Panic Button+1","ReplayGash+1"],"picked":"SKIP","floor":41},{"not_picked":["Panic Button+1","Rebound"],"picked":"ReplayRNGCard+1","floor":42},{"not_picked":["Coolheaded+1","Leap+1"],"picked":"Crystallizer+1","floor":42},{"not_picked":["Chill+1","Barrage","Beam Cell+1"],"picked":"SKIP","floor":45},{"not_picked":["Streamline+1","Turbo+1","Reinforced Body+1"],"picked":"SKIP","floor":46},{"not_picked":["Conserve Battery+1","Fission+1","Sweeping Beam+1"],"picked":"SKIP","floor":46},{"not_picked":["Turbo+1","Blizzard"],"picked":"hubris:SpiceAddiction","floor":48},{"not_picked":["Barrage+1","Leap+1","Turbo+1"],"picked":"SKIP","floor":48},{"not_picked":["Barrage+1","Leap+1","Turbo+1"],"picked":"SKIP","floor":48},{"not_picked":["Beam Cell+1","Recycle+1","Turbo+1"],"picked":"SKIP","floor":54}],"player_experience":214774,"relics_obtained":[{"floor":4,"key":"hubris:Spice"},{"floor":7,"key":"Replay:Bandana"},{"floor":12,"key":"infinitespire:Broken Mirror"},{"floor":23,"key":"infinitespire:Midas Blood"},{"floor":26,"key":"Dream Catcher"},{"floor":29,"key":"Red Mask"},{"floor":41,"key":"hubris:Spice"},{"floor":43,"key":"hubris:Spice"},{"floor":45,"key":"hubris:Spice"},{"floor":54,"key":"hubris:Spice"}],"event_choices":[{"damage_healed":0,"gold_gain":100,"player_choice":"Pray","damage_taken":0,"max_hp_gain":0,"max_hp_loss":0,"event_name":"Golden Shrine","floor":13,"gold_loss":0},{"damage_healed":0,"gold_gain":0,"player_choice":"Copied","damage_taken":0,"max_hp_gain":0,"max_hp_loss":0,"event_name":"Duplicator","floor":22,"gold_loss":0,"cards_obtained":["Rainbow"]},{"damage_healed":0,"gold_gain":0,"player_choice":"Fought Bandits","damage_taken":0,"max_hp_gain":0,"max_hp_loss":0,"event_name":"Masked Bandits","floor":29,"gold_loss":0},{"damage_healed":0,"gold_gain":222,"player_choice":"Wore Mask","damage_taken":0,"max_hp_gain":0,"max_hp_loss":0,"event_name":"Tomb of Lord Red Mask","floor":36,"gold_loss":0},{"damage_healed":0,"gold_gain":0,"player_choice":"Upgraded","damage_taken":0,"max_hp_gain":0,"max_hp_loss":0,"event_name":"Upgrade Shrine","floor":38,"gold_loss":0,"cards_upgraded":["Ball Lightning"]}],"is_beta":false,"boss_relics":[{"not_picked":["hubris:Spice","Kintsugi"],"picked":"hubris:Spice"},{"not_picked":["hubris:Spice","hubris:Spice"],"picked":"hubris:Stopwatch"}],"items_purged_floors":[3,14,20,24,30,44,47],"is_endless":false,"potions_floor_spawned":[1,5,16,23,27,29,39,41,42,45],"ascension_level":4}}