{"host":"p9vmbvw2hh2n16dn","time":1613476705,"event":{"mods":["AchievementEnabler","BaseMod","Block Reminder","Minty Spire (QoL Compilation)","Relic Stats","SuperFastMode"],"gold_per_floor":[119,133,152,163,176,176,176],"floor_reached":6,"language":"ENG","playtime":123,"items_purged":[],"score":78,"play_id":"891c3ba7-9ec1-4b40-948b-1ec5f4bbf438","local_time":"20210216125825","is_ascension_mode":true,"campfire_choices":[],"circlet_count":0,"master_deck":["AscendersBane","Strike_R","Strike_R","Strike_R","Strike_R","Strike_R","Defend_R","Defend_R","Defend_R","Defend_R","Bash","Cleave","Twin Strike","Cleave","Shockwave"],"relics":["Burning Blood","NeowsBlessing"],"acts_visited":["Exordium"],"potions_floor_usage":[6],"damage_taken":[{"damage":0.0,"enemies":"Cultist","floor":1.0,"turns":1.0},{"damage":0.0,"enemies":"2 Louse","floor":2.0,"turns":1.0},{"damage":0.0,"enemies":"Jaw Worm","floor":3.0,"turns":1.0},{"damage":39.0,"enemies":"Large Slime","floor":4.0,"turns":6.0},{"damage":21.0,"enemies":"Looter","floor":5.0,"turns":4.0},{"damage":30,"enemies":"3 Sentries","floor":6,"turns":2}],"seed_played":"8713590242932022552","potions_obtained":[{"floor":2.0,"key":"ElixirPotion"},{"floor":4.0,"key":"LiquidBronze"}],"is_trial":false,"path_per_floor":["M","M","M","M","M","E"],"character_chosen":"IRONCLAD","items_purchased":[],"campfire_rested":0,"item_purchase_floors":[],"current_hp_per_floor":[74,75,75,42,27,0,0],"gold":176,"neow_bonus":"THREE_ENEMY_KILL","is_daily":false,"chose_seed":false,"campfire_upgraded":0,"win_rate":0.0,"timestamp":1613476705,"path_taken":["M","M","M","M","M","E"],"items_purchased_type":[],"build_version":"2020-12-22","purchased_purges":0,"victory":false,"max_hp_per_floor":[75,75,75,75,75,75,75],"relic_stats":{"counters":[6,15],"obtain_stats":[{"NeowsBlessing":0,"Burning Blood":0},{"NeowsBlessing":0,"Burning Blood":0},{"NeowsBlessing":0,"Burning Blood":0}],"Burning Blood":19},"card_choices":[{"not_picked":["Iron Wave","Clash"],"picked":"Cleave","floor":1.0},{"not_picked":["Bloodletting","Thunderclap","Wild Strike"],"picked":"SKIP","floor":2.0},{"not_picked":["Wild Strike","Rage"],"picked":"Twin Strike","floor":3.0},{"not_picked":["Clash","Reckless Charge"],"picked":"Cleave","floor":4.0},{"not_picked":["Searing Blow","Metallicize"],"picked":"Shockwave","floor":5.0}],"player_experience":343281,"relics_obtained":[],"event_choices":[],"is_beta":false,"boss_relics":[],"items_purged_floors":[],"is_endless":false,"potions_floor_spawned":[2,4,5],"killed_by":"3 Sentries","ascension_level":19}}