{"host":"Hova","time":1613474083,"event":{"mods":["AchievementEnabler","Aspiration","BaseMod","Better Match","Better Note","Colored Map","Colored Powertips","DeckTracker","Downfall","Energized Spire","Hubris","Infinite Spire","Minty Spire (QoL Compilation)","Rare Cards Sparkle","Reliquary","Remilia??????","Replay The Spire","Shop Mod","StSLib","SuperFastMode","The Clintock","The Cursed","The Death Knight","The Necromancer","The Servant 0.9.4"],"gold_per_floor":[109,120,139,139,153,181,181,181,181],"floor_reached":8,"language":"ENG","playtime":419,"items_purged":[],"score":58,"play_id":"17a72634-4743-4aca-94f4-6f8844d7902b","local_time":"20210216141443","is_ascension_mode":false,"campfire_choices":[{"data":"Eruption","floor":7,"key":"SMITH"}],"circlet_count":0,"master_deck":["Strike_P","Strike_P","Strike_P","Strike_P","Defend_P","Defend_P","Defend_P","Defend_P","Eruption+1","Vigilance","SandsOfTime","Swivel","ConjureBlade"],"relics":["PureWater","hubris:Icosahedron","Garlic"],"acts_visited":["Exordium"],"potions_floor_usage":[6],"damage_taken":[{"damage":7,"enemies":"Cultist","floor":1,"turns":3},{"damage":4,"enemies":"Small Slimes","floor":2,"turns":3},{"damage":0,"enemies":"2 Louse","floor":3,"turns":2},{"damage":19,"enemies":"Exordium Thugs","floor":5,"turns":5},{"damage":28,"enemies":"Gremlin Nob","floor":6,"turns":3},{"damage":22,"enemies":"3 Sentries","floor":8,"turns":4}],"seed_played":"-4357943502832180832","potions_obtained":[{"floor":2,"key":"champ:CounterPotion"},{"floor":5,"key":"DeathKnight:RimePotion"}],"is_trial":false,"path_per_floor":["M","M","M","?","M","E","R","E"],"character_chosen":"WATCHER","items_purchased":[],"campfire_rested":0,"item_purchase_floors":[],"current_hp_per_floor":[72,68,68,68,49,21,21,0,0],"gold":181,"neow_bonus":"TEN_PERCENT_HP_BONUS","is_daily":false,"chose_seed":false,"campfire_upgraded":1,"win_rate":0.0,"timestamp":1613474083,"path_taken":["M","M","M","?","M","E","R","E"],"items_purchased_type":[],"build_version":"2020-11-17","purchased_purges":0,"victory":false,"max_hp_per_floor":[79,79,79,79,79,79,79,79,79],"card_choices":[{"not_picked":["FlurryOfBlows","TalkToTheHand"],"picked":"SandsOfTime","floor":1},{"not_picked":["EmptyBody","ThirdEye"],"picked":"Swivel","floor":2},{"not_picked":["ThirdEye","Replay:BluntJabs","WheelKick"],"picked":"SKIP","floor":3},{"not_picked":["ClearTheMind","Evaluate","EmptyFist"],"picked":"SKIP","floor":5},{"not_picked":["Replay:Cycle","SashWhip"],"picked":"ConjureBlade","floor":6}],"player_experience":29705,"relics_obtained":[{"floor":6,"key":"Garlic"}],"event_choices":[],"is_beta":true,"boss_relics":[],"items_purged_floors":[],"is_endless":false,"potions_floor_spawned":[2,5],"killed_by":"3 Sentries","ascension_level":0}}