{"host":"0mhttqdumuceah7q","time":1613483060,"event":{"mods":["AchievementEnabler","BaseMod","Colored Map","DeckTracker","Minty Spire (QoL Compilation)","Permanent Neow"],"gold_per_floor":[118,118,118,38,54,54,54,89,89,264,277,290,328,346,346,471,471,492,492,507,531,531,572,593,632,659,201,216,216,69,90,90,215,215,231,231,294,319,319,363,363,363,363,397,413,438,438,469,469,469],"floor_reached":51,"language":"KOR","playtime":2607,"items_purged":["Sunder"],"score":1172,"play_id":"5e9e4e31-71bc-4bea-8759-66a7f55525fb","local_time":"20210216224420","is_ascension_mode":true,"campfire_choices":[{"data":"Zap","floor":6.0,"key":"SMITH"},{"data":"Tempest","floor":15.0,"key":"SMITH"},{"data":"Fission","floor":29.0,"key":"SMITH"},{"data":"Loop","floor":32.0,"key":"SMITH"},{"data":"Double Energy","floor":41,"key":"SMITH"},{"data":"Aggregate","floor":47,"key":"SMITH"},{"data":"Machine Learning","floor":49,"key":"SMITH"}],"circlet_count":0,"master_deck":["Zap+1","Dualcast","Go for the Eyes","Coolheaded","Conserve Battery","Ball Lightning","Capacitor","Tempest+1","Coolheaded","Core Surge","Fission+1","Ball Lightning","Hologram","Reboot","Biased Cognition","FTL","Aggregate+1","Chill","Rebound+1","Barrage","Ghostly","Ghostly","Ghostly","Ghostly","Ghostly","Turbo","Self Repair","Stack+1","Loop+1","Sweeping Beam+1","Capacitor","Machine Learning+1","CurseOfTheBell","White Noise+1","Flash of Steel","Master of Strategy","Jack Of All Trades","Double Energy+1","Fusion+1","Lockon+1"],"relics":["Cracked Core","NeowsBlessing","Golden Idol","Gambling Chip","Sundial","Kunai","Cables","Pandora\u0027s Box","Eternal Feather","Unceasing Top","Anchor","Bag of Preparation","Potion Belt","Strange Spoon","Calling Bell","PreservedInsect","Mummified Hand","Girya","Du-Vu Doll","InkBottle","Orichalcum","Boot","Juzu Bracelet"],"acts_visited":["Exordium","TheCity","TheBeyond"],"potions_floor_usage":[],"damage_taken":[{"damage":0.0,"enemies":"Jaw Worm","floor":1.0,"turns":1.0},{"damage":0.0,"enemies":"Small Slimes","floor":5.0,"turns":1.0},{"damage":0.0,"enemies":"Lagavulin","floor":8.0,"turns":1.0},{"damage":0.0,"enemies":"Cultist","floor":11.0,"turns":2.0},{"damage":4.0,"enemies":"Red Slaver","floor":12.0,"turns":3.0},{"damage":9.0,"enemies":"3 Sentries","floor":13.0,"turns":8.0},{"damage":6.0,"enemies":"3 Louse","floor":14.0,"turns":2.0},{"damage":21.0,"enemies":"The Guardian","floor":16.0,"turns":10.0},{"damage":22.0,"enemies":"2 Thieves","floor":18.0,"turns":2.0},{"damage":0.0,"enemies":"Spheric Guardian","floor":20.0,"turns":3.0},{"damage":13.0,"enemies":"Snecko","floor":21.0,"turns":3.0},{"damage":5.0,"enemies":"Book of Stabbing","floor":23.0,"turns":5.0},{"damage":0.0,"enemies":"3 Cultists","floor":24.0,"turns":4.0},{"damage":1.0,"enemies":"Slavers","floor":25.0,"turns":6.0},{"damage":0.0,"enemies":"Centurion and Healer","floor":28.0,"turns":3.0},{"damage":2.0,"enemies":"Shelled Parasite and Fungi","floor":31.0,"turns":3.0},{"damage":1,"enemies":"Champ","floor":33,"turns":10},{"damage":6,"enemies":"3 Darklings","floor":35,"turns":5},{"damage":0,"enemies":"2 Orb Walkers","floor":37,"turns":3},{"damage":0,"enemies":"Orb Walker","floor":38,"turns":2},{"damage":0,"enemies":"Giant Head","floor":40,"turns":2},{"damage":0,"enemies":"Nemesis","floor":44,"turns":3},{"damage":0,"enemies":"Transient","floor":45,"turns":5},{"damage":1,"enemies":"4 Shapes","floor":46,"turns":3},{"damage":0,"enemies":"Reptomancer","floor":48,"turns":5},{"damage":0,"enemies":"Awakened One","floor":50,"turns":4}],"seed_played":"-4056613259230179322","potions_obtained":[{"floor":1.0,"key":"Explosive Potion"},{"floor":8.0,"key":"Swift Potion"},{"floor":11.0,"key":"LiquidBronze"},{"floor":20.0,"key":"Strength Potion"},{"floor":21.0,"key":"FocusPotion"},{"floor":28.0,"key":"FearPotion"},{"floor":33,"key":"ColorlessPotion"},{"floor":44,"key":"PotionOfCapacity"}],"is_trial":false,"path_per_floor":["M","?","?","$","M","R","T","E","T","?","M","M","E","M","R","B",null,"M","?","M","M","?","E","M","E","T","$","M","R","$","M","R","B",null,"M","?","?","M","T","E","R","?","T","E","M","M","R","E","R","B",null],"character_chosen":"DEFECT","items_purchased":["Sunder","Bag of Preparation","Potion Belt","Loop","Strange Spoon"],"campfire_rested":0,"item_purchase_floors":[4,27,27,27,30],"current_hp_per_floor":[75,68,50,50,50,50,50,50,50,50,50,46,37,31,31,10,75,53,53,53,40,37,32,32,37,37,37,37,37,37,35,37,36,37,37,27,27,27,27,34,37,37,37,37,37,36,37,37,37,37],"gold":469,"neow_bonus":"THREE_ENEMY_KILL","is_daily":false,"chose_seed":false,"campfire_upgraded":7,"win_rate":0.0,"timestamp":1613483060,"path_taken":["M","?","?","?","?","R","?","E","T","?","M","M","E","M","R","BOSS","M","?","M","M","?","E","M","E","T","$","M","R","?","M","R","BOSS","M","?","?","M","?","E","R","?","T","E","M","M","R","E","R","BOSS"],"items_purchased_type":["Card","Relic","Relic","Card","Relic"],"build_version":"2020-12-22","purchased_purges":1,"victory":true,"max_hp_per_floor":[75,75,75,75,75,75,75,75,75,75,75,75,75,75,75,75,75,75,75,75,75,37,37,37,37,37,37,37,37,37,37,37,37,37,37,37,37,37,37,37,37,37,37,37,37,37,37,37,37,37],"card_choices":[{"not_picked":["Auto Shields","Leap"],"picked":"Go for the Eyes","floor":1.0},{"not_picked":["Steam","Streamline"],"picked":"Coolheaded","floor":5.0},{"not_picked":["Redo","Streamline"],"picked":"Conserve Battery","floor":8.0},{"not_picked":["Conserve Battery","Barrage"],"picked":"Ball Lightning","floor":11.0},{"not_picked":["Gash","Chaos"],"picked":"Capacitor","floor":12.0},{"not_picked":["Redo","Rainbow"],"picked":"Tempest","floor":13.0},{"not_picked":["Heatsinks","Compile Driver"],"picked":"Coolheaded","floor":14.0},{"not_picked":["Amplify","Meteor Strike"],"picked":"Core Surge","floor":16.0},{"not_picked":["Gash","Redo"],"picked":"Chill","floor":18.0},{"not_picked":["Go for the Eyes+1","Steam"],"picked":"Rebound+1","floor":20.0},{"not_picked":["Capacitor","Hologram"],"picked":"Barrage","floor":21.0},{"not_picked":["Doom and Gloom","Cold Snap"],"picked":"Turbo","floor":23.0},{"not_picked":["Turbo","Cold Snap+1"],"picked":"Self Repair","floor":24.0},{"not_picked":["Echo Form","Leap"],"picked":"Stack+1","floor":25.0},{"not_picked":["Ball Lightning","Conserve Battery"],"picked":"Sweeping Beam+1","floor":28.0},{"not_picked":["Ball Lightning","Genetic Algorithm"],"picked":"Capacitor","floor":31.0},{"not_picked":["Amplify","Reboot"],"picked":"Machine Learning","floor":33},{"not_picked":["Steam","Cold Snap"],"picked":"White Noise+1","floor":35},{"not_picked":["Dark Shackles","Mayhem"],"picked":"Flash of Steel","floor":36},{"not_picked":["Panacea","Secret Weapon"],"picked":"Master of Strategy","floor":36},{"not_picked":["Metamorphosis","Chrysalis"],"picked":"Jack Of All Trades","floor":36},{"not_picked":["Hologram","Auto Shields"],"picked":"Double Energy","floor":38},{"not_picked":["Machine Learning","Darkness+1"],"picked":"Fusion+1","floor":40},{"not_picked":["Redo+1","Sweeping Beam+1"],"picked":"Lockon+1","floor":44},{"not_picked":["Hologram","Redo","Barrage"],"picked":"SKIP","floor":45},{"not_picked":["Gash","Hologram","Leap+1"],"picked":"SKIP","floor":46},{"not_picked":["Steam+1","Blizzard+1","Barrage"],"picked":"SKIP","floor":48}],"player_experience":111567,"relics_obtained":[{"floor":7.0,"key":"Gambling Chip"},{"floor":8.0,"key":"Sundial"},{"floor":9.0,"key":"Kunai"},{"floor":13.0,"key":"Cables"},{"floor":23.0,"key":"Eternal Feather"},{"floor":25.0,"key":"Unceasing Top"},{"floor":26.0,"key":"Anchor"},{"floor":34,"key":"PreservedInsect"},{"floor":34,"key":"Mummified Hand"},{"floor":34,"key":"Girya"},{"floor":37,"key":"Du-Vu Doll"},{"floor":40,"key":"InkBottle"},{"floor":43,"key":"Orichalcum"},{"floor":44,"key":"Boot"},{"floor":48,"key":"Juzu Bracelet"}],"event_choices":[{"cards_removed":["Strike_B"],"damage_healed":0.0,"max_hp_gain":0.0,"max_hp_loss":0.0,"gold_gain":0.0,"event_name":"Golden Wing","player_choice":"Card Removal","floor":2.0,"gold_loss":0.0,"damage_taken":7.0},{"damage_healed":0.0,"max_hp_gain":0.0,"max_hp_loss":0.0,"gold_gain":0.0,"event_name":"Golden Idol","player_choice":"Take Damage","floor":3.0,"gold_loss":0.0,"damage_taken":18.0,"relics_obtained":["Golden Idol"]},{"damage_healed":0.0,"max_hp_gain":0.0,"max_hp_loss":0.0,"gold_gain":175.0,"event_name":"Liars Game","player_choice":"AGREE","floor":10.0,"gold_loss":0.0,"damage_taken":0.0,"cards_obtained":["Doubt"]},{"cards_removed":["Doubt"],"damage_healed":0.0,"max_hp_gain":0.0,"max_hp_loss":0.0,"gold_gain":0.0,"event_name":"Back to Basics","player_choice":"Elegance","floor":19.0,"gold_loss":0.0,"damage_taken":0.0},{"damage_healed":0.0,"max_hp_gain":0.0,"max_hp_loss":38.0,"gold_gain":0.0,"event_name":"Ghosts","player_choice":"Became a Ghost","floor":22.0,"gold_loss":0.0,"damage_taken":0.0,"cards_obtained":["Ghostly","Ghostly","Ghostly","Ghostly","Ghostly"]},{"damage_healed":0,"gold_gain":0,"player_choice":"Memory 3","damage_taken":10,"max_hp_gain":0,"max_hp_loss":0,"event_name":"SensoryStone","floor":36,"gold_loss":0},{"damage_healed":0,"gold_gain":0,"player_choice":"Fight","damage_taken":0,"max_hp_gain":0,"max_hp_loss":0,"event_name":"Mysterious Sphere","floor":37,"gold_loss":0},{"damage_healed":0,"gold_gain":0,"player_choice":"Ignored","damage_taken":0,"max_hp_gain":0,"max_hp_loss":0,"event_name":"Tomb of Lord Red Mask","floor":42,"gold_loss":0}],"is_beta":false,"boss_relics":[{"not_picked":["FrozenCore","Black Star"],"picked":"Pandora\u0027s Box"},{"not_picked":["Snecko Eye","Astrolabe"],"picked":"Calling Bell"}],"items_purged_floors":[27],"is_endless":false,"potions_floor_spawned":[1,8,11,12,14,20,21,24,25,28,33,35,44,45,46],"ascension_level":3}}