{"host":"mydft8i2zzydgggw","time":1613480948,"event":{"mods":["AchievementEnabler","BaseMod","Colored Map","Colored Powertips","DeckTracker","Keyboard Shortcuts","Minty Spire (QoL Compilation)","Rare Cards Sparkle","StSLib","SuperFastMode","Together in Spire","everything is the same but u backflip on backflip"],"gold_per_floor":[109,120,136,151,161,161,194,213,267,292,292,76,103,116,116,214,264,283,293,304,229,245,275,310,310,310],"floor_reached":25,"language":"KOR","playtime":900,"items_purged":["Strike_G"],"score":297,"play_id":"a2c7be42-485f-4d56-959d-62f4816c71e0","local_time":"20210216220908","is_ascension_mode":false,"campfire_choices":[{"data":"Reflex","floor":6.0,"key":"SMITH"},{"data":"Reflex","floor":11.0,"key":"SMITH"},{"data":"Adrenaline","floor":15.0,"key":"SMITH"}],"circlet_count":0,"master_deck":["Strike_G","Strike_G","Strike_G+1","Defend_G","Defend_G","Defend_G","Defend_G","Defend_G","Survivor","Neutralize","Die Die Die","Reflex+1","Reflex+1","PiercingWail","Dagger Throw","Adrenaline+1","Dash","Venomology","Underhanded Strike","Adrenaline","Reflex+1"],"relics":["Ring of the Snake","Blood Vial","Bag of Marbles","Dream Catcher","Darkstone Periapt","Tiny House","Ninja Scroll","Red Mask"],"acts_visited":[],"potions_floor_usage":[23,23,23,23,24],"damage_taken":[{"damage":0.0,"enemies":"Jaw Worm","floor":1.0,"turns":1.0},{"damage":0.0,"enemies":"Small Slimes","floor":2.0,"turns":1.0},{"damage":0.0,"enemies":"2 Louse","floor":3.0,"turns":1.0},{"damage":0.0,"enemies":"Looter","floor":4.0,"turns":1.0},{"damage":0.0,"enemies":"3 Louse","floor":5.0,"turns":1.0},{"damage":0.0,"enemies":"3 Sentries","floor":7.0,"turns":1.0},{"damage":0.0,"enemies":"Lots of Slimes","floor":8.0,"turns":1.0},{"damage":0.0,"enemies":"Lagavulin","floor":10.0,"turns":3.0},{"damage":0.0,"enemies":"Gremlin Nob","floor":13.0,"turns":2.0},{"damage":0.0,"enemies":"Exordium Thugs","floor":14.0,"turns":1.0},{"damage":0.0,"enemies":"Slime Boss","floor":16.0,"turns":2.0},{"damage":0.0,"enemies":"2 Thieves","floor":18.0,"turns":2.0},{"damage":0,"enemies":"Spheric Guardian","floor":19,"turns":1},{"damage":0,"enemies":"Cultist and Chosen","floor":20,"turns":2},{"damage":0,"enemies":"3 Cultists","floor":22,"turns":3},{"damage":0,"enemies":"Gremlin Leader","floor":23,"turns":3},{"damage":0,"enemies":"Masked Bandits","floor":24,"turns":2},{"damage":0,"enemies":"Sentry and Sphere","floor":25,"turns":1}],"seed_played":"6086359257472236615","potions_obtained":[{"floor":3.0,"key":"FearPotion"},{"floor":4.0,"key":"Explosive Potion"},{"floor":5.0,"key":"BlessingOfTheForge"},{"floor":7.0,"key":"EntropicBrew"},{"floor":13.0,"key":"SkillPotion"},{"floor":17.0,"key":"Dexterity Potion"}],"is_trial":false,"path_per_floor":["M","M","M","M","M","R","E","M","T","E","R","$","E","M","R","B",null,"M","M","M","?","M","E","?","M"],"character_chosen":"THE_SILENT","items_purchased":["Adrenaline"],"campfire_rested":0,"item_purchase_floors":[12],"current_hp_per_floor":[70,70,70,70,70,70,70,70,70,70,70,70,70,70,70,70,75,75,75,75,75,75,75,75,75,75],"gold":310,"neow_bonus":"ONE_RANDOM_RARE_CARD","is_daily":false,"chose_seed":false,"campfire_upgraded":3,"win_rate":0.0,"timestamp":1613480948,"path_taken":["M","M","M","M","M","R","E","M","T","E","R","$","E","M","R","BOSS","M","M","M","?","M","E","?","M"],"items_purchased_type":["Card"],"build_version":"2020-12-22","purchased_purges":1,"victory":false,"max_hp_per_floor":[70,70,70,70,70,70,70,70,70,70,70,70,70,70,70,70,75,75,75,75,75,75,75,75,75,75],"card_choices":[{"not_picked":["Bane","Deflect","Cloak And Dagger"],"picked":"SKIP","floor":1.0},{"not_picked":["Bane","Deflect","Cloak And Dagger"],"picked":"SKIP","floor":1.0},{"not_picked":["Catalyst","Outmaneuver"],"picked":"Reflex","floor":2.0},{"not_picked":["Outmaneuver","Noxious Fumes","Poisoned Stab"],"picked":"SKIP","floor":3.0},{"not_picked":["Deadly Poison","Setup"],"picked":"Reflex","floor":4.0},{"not_picked":["Bane","Quick Slash"],"picked":"PiercingWail","floor":5.0},{"not_picked":["Caltrops","Glass Knife"],"picked":"Dagger Throw","floor":7.0},{"not_picked":["Heel Hook","Dodge and Roll","Quick Slash"],"picked":"SKIP","floor":8.0},{"not_picked":["Deadly Poison","Leg Sweep","Underhanded Strike"],"picked":"SKIP","floor":10.0},{"not_picked":["Quick Slash","Deadly Poison","Sucker Punch"],"picked":"SKIP","floor":13.0},{"not_picked":["Bane","Sucker Punch"],"picked":"Dash","floor":14.0},{"not_picked":["Envenom","Doppelganger"],"picked":"Venomology","floor":16.0},{"not_picked":["Poisoned Stab","Blade Dance"],"picked":"Underhanded Strike","floor":17.0},{"not_picked":["Dagger Spray","Prepared"],"picked":"Adrenaline","floor":18.0},{"not_picked":["Bane","Deflect+1","Cloak And Dagger"],"picked":"SKIP","floor":19},{"not_picked":["Catalyst","Outmaneuver+1"],"picked":"Reflex+1","floor":20},{"not_picked":["Outmaneuver","Noxious Fumes","Poisoned Stab"],"picked":"SKIP","floor":22},{"not_picked":["Reflex+1","Deadly Poison","Setup"],"picked":"SKIP","floor":23}],"player_experience":276776,"relics_obtained":[{"floor":7.0,"key":"Blood Vial"},{"floor":9.0,"key":"Bag of Marbles"},{"floor":10.0,"key":"Dream Catcher"},{"floor":13.0,"key":"Darkstone Periapt"},{"floor":23,"key":"Ninja Scroll"},{"floor":24,"key":"Red Mask"}],"event_choices":[{"cards_removed":["Strike_G"],"damage_healed":0,"gold_gain":0,"player_choice":"Gave Gold","damage_taken":0,"max_hp_gain":0,"max_hp_loss":0,"event_name":"Beggar","floor":21,"gold_loss":75},{"damage_healed":0,"gold_gain":0,"player_choice":"Fought Bandits","damage_taken":0,"max_hp_gain":0,"max_hp_loss":0,"event_name":"Masked Bandits","floor":24,"gold_loss":0}],"is_beta":false,"boss_relics":[{"not_picked":["Snecko Eye","Coffee Dripper"],"picked":"Tiny House"}],"items_purged_floors":[12],"is_endless":false,"potions_floor_spawned":[3,4,5,7,13,22,24],"killed_by":"Sentry and Sphere","ascension_level":0}}