{"host":"Cenci","time":1613510582,"event":{"mods":["BaseMod","Bestiary","Downfall","Highlight Path","Minty Spire (QoL Compilation)","StSLib"],"gold_per_floor":[99,115,28,28,38,38,38,49,49,59,59,72,83,118,132,230,230,30,40,54,54,154,173,173,187,87,97,116,116,116,116],"floor_reached":29,"language":"ENG","playtime":1445,"items_purged":[],"score":333,"play_id":"a504e5e9-9e3f-40d7-9963-41e7dfebfead","local_time":"20210216222302","is_ascension_mode":true,"campfire_choices":[{"data":"hexamod:Float","floor":1,"key":"SMITH"},{"floor":6,"key":"RECALL"},{"data":"hexamod:Toasty","floor":9,"key":"SMITH"},{"data":"hexamod:RetreatToShadows","floor":18,"key":"SMITH"},{"data":"hexamod:SearingWound","floor":26,"key":"SMITH"}],"circlet_count":0,"master_deck":["hexamod:Strike","hexamod:Strike","hexamod:Strike","hexamod:Defend","hexamod:Defend","hexamod:Defend","hexamod:Defend","hexamod:Sear","hexamod:Float+1","hexamod:Toasty+1","hexamod:HeatCrush","hexamod:GhostflameBarrier","hexamod:ThirdSeal","hexamod:HeatMetal","hexamod:HeatCrush","hexamod:FlamesFromBeyond","hexamod:Firestarter","hexamod:ThermalTransfer","hexamod:Rewind","hexamod:RetreatToShadows+1","hexamod:BurningTouch","hexamod:BurningTouch","hexamod:Rewind","hexamod:SearingWound+1","hexamod:Firestarter","hexamod:Firestarter","hexamod:FlamesFromBeyond","hexamod:GhostflameBarrier","hexamod:VolcanoVisage","hexamod:HeatCrush"],"relics":["hexamod:SpiritBrand","Anchor","SacredBark","downfall:HeartBlessingBlue","downfall:HeartBlessingGreen","MutagenicStrength","White Beast Statue","Orichalcum","downfall:HeartBlessingRed"],"acts_visited":["Exordium","TheCity"],"potions_floor_usage":[3,12,22,23,25,27,28,29,29],"damage_taken":[{"damage":0,"enemies":"Cultist","floor":2,"turns":3},{"damage":0,"enemies":"downfall:FleeingMerchant","floor":3,"turns":4},{"damage":12,"enemies":"Small Slimes","floor":5,"turns":4},{"damage":7,"enemies":"2 Louse","floor":8,"turns":2},{"damage":14,"enemies":"Red Slaver","floor":10,"turns":3},{"damage":11,"enemies":"3 Louse","floor":12,"turns":4},{"damage":6,"enemies":"downfall:LooterAlt","floor":13,"turns":2},{"damage":0,"enemies":"Gremlin Nob","floor":14,"turns":3},{"damage":0,"enemies":"Large Slime","floor":15,"turns":3},{"damage":7,"enemies":"SI_SHIV_ARCHETYPE","floor":16,"turns":6},{"damage":4,"enemies":"downfall:LooterAlt2","floor":19,"turns":3},{"damage":15,"enemies":"Shell Parasite","floor":20,"turns":3},{"damage":25,"enemies":"downfall:LadyInBlue","floor":22,"turns":9},{"damage":17,"enemies":"3 Cultists","floor":23,"turns":5},{"damage":0,"enemies":"Centurion and Healer","floor":25,"turns":5},{"damage":0,"enemies":"Snake Plant","floor":27,"turns":2},{"damage":0,"enemies":"Chosen and Byrds","floor":28,"turns":4},{"damage":11,"enemies":"Slavers","floor":29,"turns":2}],"seed_played":"5780631901135319168","potions_obtained":[{"floor":2,"key":"EntropicBrew"},{"floor":14,"key":"bronze:BurnAndBuffPotion"},{"floor":22,"key":"Fruit Juice"},{"floor":22,"key":"Explosive Potion"},{"floor":23,"key":"hexamod:EctoCoolerPotion"},{"floor":25,"key":"hexamod:EctoCoolerPotion"},{"floor":27,"key":"BlessingOfTheForge"},{"floor":28,"key":"hexamod:DoubleChargePotion"}],"is_trial":false,"path_per_floor":["R","M","$","?","M","R","T","M","R","M","?","M","M","E","M","B",null,"R","M","M","?","?","M","T","M","R","M","M","E"],"character_chosen":"THE_SPIRIT","items_purchased":["hexamod:GhostflameBarrier"],"campfire_rested":0,"item_purchase_floors":[3],"current_hp_per_floor":[63,63,63,63,51,51,51,44,44,30,30,19,13,13,13,6,49,59,55,40,40,25,8,8,8,8,8,8,0,0,0],"gold":116,"neow_bonus":"THREE_RARE_CARDS","is_daily":false,"chose_seed":false,"campfire_upgraded":4,"win_rate":0.0,"timestamp":1613510582,"path_taken":["R","M","$","?","M","R","T","M","R","M","?","?","M","E","M","BOSS","R","M","M","?","?","M","T","M","R","M","M","E"],"items_purchased_type":["Card"],"build_version":"2020-11-17","purchased_purges":0,"victory":false,"max_hp_per_floor":[63,63,63,63,63,63,63,63,63,63,63,63,63,63,63,63,63,73,73,73,73,83,83,83,83,83,83,83,83,83,83],"card_choices":[{"not_picked":["hexamod:ApocalypseNow","hexamod:FlameSwitch"],"picked":"hexamod:Toasty","floor":0},{"not_picked":["hexamod:GhostflameBarrier","hexamod:EmpoweredFlame"],"picked":"hexamod:BurningTouch","floor":2},{"not_picked":["hexamod:CatchUp","hexamod:RadiantFlame"],"picked":"hexamod:HeatCrush","floor":3},{"not_picked":["hexamod:SpectralSpark","hexamod:FourthSeal"],"picked":"hexamod:HeatMetal","floor":5},{"not_picked":["hexamod:SpectersWail","hexamod:Again","hexamod:RecurringNightmare"],"picked":"SKIP","floor":5},{"not_picked":["hexamod:Rewind","hexamod:NightmareStrike"],"picked":"hexamod:HeatCrush","floor":8},{"not_picked":["hexamod:SuperheatedStrike","hexamod:PowerFromBeyond"],"picked":"hexamod:FlamesFromBeyond","floor":8},{"not_picked":["hexamod:FastForward","hexamod:SwordOfDarkness"],"picked":"hexamod:Firestarter","floor":10},{"not_picked":["hexamod:SecondSeal","hexamod:GhostLash"],"picked":"hexamod:ThermalTransfer","floor":10},{"not_picked":["hexamod:NightmareGuise","hexamod:UnlimitedPower"],"picked":"hexamod:Rewind","floor":12},{"not_picked":["hexamod:HauntingEcho","hexamod:SpectralSpark","hexamod:AdvancingGuard"],"picked":"SKIP","floor":12},{"not_picked":["hexamod:ShieldOfDarkness","hexamod:NightmareStrike"],"picked":"hexamod:RetreatToShadows","floor":13},{"not_picked":["hexamod:RainOfEmbers","hexamod:BacktrackSmack"],"picked":"hexamod:BurningTouch","floor":14},{"not_picked":["hexamod:RainOfEmbers","hexamod:NightmareGuise"],"picked":"hexamod:BurningTouch","floor":14},{"not_picked":["hexamod:Firestarter","hexamod:BacktrackSmack"],"picked":"hexamod:Rewind","floor":15},{"not_picked":["hexamod:UnleashSpirits","hexamod:TimeOfNeed"],"picked":"hexamod:SearingWound","floor":16},{"not_picked":["hexamod:FastForward+1","hexamod:SecondSeal"],"picked":"hexamod:Firestarter","floor":19},{"not_picked":["hexamod:ExtraCrispy","hexamod:ShieldOfDarkness"],"picked":"hexamod:Firestarter","floor":20},{"not_picked":["hexamod:SpectralAdrenaline","hexamod:InspiringFlames","hexamod:GhostLash+1"],"picked":"SKIP","floor":20},{"not_picked":["hexamod:NecessarySacrifice","hexamod:AdvancingGuard"],"picked":"hexamod:FlamesFromBeyond","floor":23},{"not_picked":["hexamod:GhostLash+1","hexamod:ApocalypseNow","hexamod:Again+1"],"picked":"SKIP","floor":23},{"not_picked":["hexamod:ThermalTransfer","hexamod:SuperheatedStrike+1"],"picked":"hexamod:GhostflameBarrier","floor":25},{"not_picked":["hexamod:ThirdSeal","hexamod:SecondSeal","hexamod:EtherealExpedition"],"picked":"SKIP","floor":25},{"not_picked":["hexamod:GhostLash","hexamod:Incineration"],"picked":"hexamod:VolcanoVisage","floor":27},{"not_picked":["hexamod:RecurringNightmare+1","hexamod:InspiringFlames+1"],"picked":"hexamod:HeatCrush","floor":28}],"player_experience":349423,"relics_obtained":[{"floor":14,"key":"Anchor"},{"floor":22,"key":"White Beast Statue"},{"floor":24,"key":"Orichalcum"}],"event_choices":[{"damage_healed":0,"gold_gain":0,"player_choice":"Inject Mutagens","damage_taken":0,"relics_obtained":["MutagenicStrength"],"max_hp_gain":0,"max_hp_loss":0,"event_name":"Drug Dealer","floor":21,"gold_loss":0}],"is_beta":true,"boss_relics":[{"not_picked":["expansioncontent:StudyCardRelic","Philosopher\u0027s Stone"],"picked":"SacredBark"}],"items_purged_floors":[],"is_endless":false,"potions_floor_spawned":[2,8,10,14,16,19,22,23,25,27,28],"killed_by":"Slavers","ascension_level":6}}