{"host":"8rqsnaeml9gxb0kp","time":1613439216,"event":{"mods":["AchievementEnabler","BaseMod","Colored Powertips","Dark Map","Minty Spire (QoL Compilation)","Rare Cards Sparkle","Relic Stats","StSLib","slay the spire mod where everything is the same but ironclad has a cowboy hat"],"gold_per_floor":[111,123,140,206,220,220,254,268,292,292,307,272,79,98,98,172,172,182,197,197,122,122,122,47,62,89,104,104,116,147,182,182,182,182],"floor_reached":33,"language":"ENG","playtime":1494,"items_purged":["Perfected Strike"],"score":525,"play_id":"f772d7b6-40b8-40d1-bc57-28b655d6f4ea","local_time":"20210215173336","is_ascension_mode":true,"campfire_choices":[{"data":"Bash","floor":6.0,"key":"SMITH"},{"data":"Shockwave","floor":15.0,"key":"SMITH"},{"data":"Immolate","floor":23.0,"key":"SMITH"},{"data":"Disarm","floor":28.0,"key":"SMITH"},{"data":"Battle Trance","floor":32.0,"key":"SMITH"}],"circlet_count":0,"master_deck":["AscendersBane","Bash+1","Clothesline","Flex","Anger","Cleave","Rage","Impervious","Shockwave+1","Disarm+1","Shrug It Off+1","Twin Strike","Reaper","Immolate+1","Havoc+1","Feed","Headbutt","Clash","Ghostly Armor","Thunderclap","Rage","Headbutt","Twin Strike+1","True Grit+1","Twin Strike+1","Battle Trance+1"],"relics":["Burning Blood","Centennial Puzzle","Bag of Marbles","FossilizedHelix","Pandora\u0027s Box","Blood Vial","War Paint","Red Mask"],"acts_visited":["Exordium","TheCity"],"potions_floor_usage":[33],"damage_taken":[{"damage":7.0,"enemies":"2 Louse","floor":1.0,"turns":4.0},{"damage":21.0,"enemies":"Jaw Worm","floor":2.0,"turns":6.0},{"damage":24.0,"enemies":"Small Slimes","floor":3.0,"turns":3.0},{"damage":14.0,"enemies":"3 Louse","floor":5.0,"turns":4.0},{"damage":25.0,"enemies":"3 Sentries","floor":7.0,"turns":6.0},{"damage":8.0,"enemies":"Large Slime","floor":8.0,"turns":4.0},{"damage":0.0,"enemies":"Exordium Wildlife","floor":11.0,"turns":2.0},{"damage":0.0,"enemies":"Blue Slaver","floor":14.0,"turns":3.0},{"damage":12.0,"enemies":"The Guardian","floor":16.0,"turns":10.0},{"damage":16.0,"enemies":"Shell Parasite","floor":18.0,"turns":5.0},{"damage":12.0,"enemies":"Chosen","floor":19.0,"turns":4.0},{"damage":11.0,"enemies":"Sentry and Sphere","floor":25.0,"turns":4.0},{"damage":12.0,"enemies":"Snake Plant","floor":27.0,"turns":4.0},{"damage":14.0,"enemies":"3 Cultists","floor":29.0,"turns":4.0},{"damage":22.0,"enemies":"Gremlin Leader","floor":30.0,"turns":3.0},{"damage":0.0,"enemies":"Masked Bandits","floor":31.0,"turns":3.0},{"damage":70,"enemies":"Automaton","floor":33,"turns":8}],"seed_played":"-1878850404811025327","potions_obtained":[{"floor":2.0,"key":"ColorlessPotion"},{"floor":3.0,"key":"SteroidPotion"},{"floor":7.0,"key":"SteroidPotion"},{"floor":11.0,"key":"SkillPotion"},{"floor":25.0,"key":"SteroidPotion"},{"floor":27.0,"key":"CultistPotion"},{"floor":30.0,"key":"LiquidMemories"}],"is_trial":false,"path_per_floor":["M","M","M","?","M","R","E","M","T","T","M","?","$","M","R","B",null,"M","M","?","?","?","R","$","M","T","M","R","M","E","?","R","B"],"character_chosen":"IRONCLAD","items_purchased":["Disarm","Shrug It Off","Twin Strike"],"campfire_rested":0,"item_purchase_floors":[13,13,13],"current_hp_per_floor":[74,59,41,41,33,33,14,12,12,12,18,38,38,44,44,38,71,61,61,77,77,77,77,77,72,72,68,68,62,48,56,56,0,0],"gold":182,"neow_bonus":"TEN_PERCENT_HP_BONUS","is_daily":false,"chose_seed":false,"campfire_upgraded":5,"win_rate":0.0,"timestamp":1613439216,"path_taken":["M","M","M","?","M","R","E","M","T","?","M","?","$","M","R","BOSS","M","M","?","?","?","R","$","M","T","M","R","M","E","?","R","BOSS"],"items_purchased_type":["Card","Card","Card"],"build_version":"2020-12-22","purchased_purges":1,"victory":false,"max_hp_per_floor":[82,82,82,82,82,82,82,82,82,82,82,82,82,82,82,82,82,82,82,82,82,82,82,82,82,82,82,82,82,82,82,82,82,82],"relic_stats":{"Blood Vial":10,"Centennial Puzzle":[27],"counters":[17,77],"Pandora\u0027s Box":["Immolate","Havoc","Feed","Headbutt","Clash","Ghostly Armor","Perfected Strike","Thunderclap","Rage"],"War Paint":["Havoc","Shrug It Off"],"obtain_stats":[{"Blood Vial":26,"Centennial Puzzle":7,"Pandora\u0027s Box":17,"Bag of Marbles":9,"Red Mask":31,"War Paint":30,"Burning Blood":0,"FossilizedHelix":10},{"Blood Vial":12,"Centennial Puzzle":5,"Pandora\u0027s Box":9,"Bag of Marbles":6,"Red Mask":16,"War Paint":15,"Burning Blood":0,"FossilizedHelix":6},{"Blood Vial":55,"Centennial Puzzle":23,"Pandora\u0027s Box":42,"Bag of Marbles":27,"Red Mask":69,"War Paint":66,"Burning Blood":0,"FossilizedHelix":27}],"Burning Blood":96},"card_choices":[{"not_picked":["Dual Wield","Flame Barrier"],"picked":"Clothesline","floor":1.0},{"not_picked":["Armaments","Rage"],"picked":"Flex","floor":2.0},{"not_picked":["Wild Strike","True Grit"],"picked":"Anger","floor":3.0},{"not_picked":["Iron Wave","Perfected Strike"],"picked":"Cleave","floor":5.0},{"not_picked":["Sever Soul","Searing Blow"],"picked":"Rage","floor":7.0},{"not_picked":["Twin Strike","Iron Wave"],"picked":"Impervious","floor":8.0},{"not_picked":["Anger","Battle Trance"],"picked":"Shockwave","floor":11.0},{"not_picked":["Armaments","Sword Boomerang"],"picked":"Perfected Strike","floor":14.0},{"not_picked":["Feed","Berserk"],"picked":"Reaper","floor":16.0},{"not_picked":["Warcry","Sword Boomerang"],"picked":"Headbutt","floor":18.0},{"not_picked":["Heavy Blade","Dark Embrace","Blood for Blood"],"picked":"SKIP","floor":19.0},{"not_picked":["Combust","Wild Strike"],"picked":"Twin Strike+1","floor":25.0},{"not_picked":["Heavy Blade","Hemokinesis","Headbutt"],"picked":"SKIP","floor":27.0},{"not_picked":["Fiend Fire","Thunderclap"],"picked":"True Grit+1","floor":29.0},{"not_picked":["Dual Wield","Entrench"],"picked":"Twin Strike+1","floor":30.0},{"not_picked":["Wild Strike","Anger"],"picked":"Battle Trance","floor":31.0}],"player_experience":249650,"relics_obtained":[{"floor":7.0,"key":"Centennial Puzzle"},{"floor":9.0,"key":"Bag of Marbles"},{"floor":10.0,"key":"FossilizedHelix"},{"floor":26.0,"key":"Blood Vial"},{"floor":30.0,"key":"War Paint"},{"floor":31.0,"key":"Red Mask"}],"event_choices":[{"damage_healed":0.0,"max_hp_gain":0.0,"max_hp_loss":0.0,"gold_gain":66.0,"event_name":"Golden Wing","player_choice":"Gained Gold","floor":4.0,"gold_loss":0.0,"damage_taken":0.0},{"damage_healed":20.0,"max_hp_gain":0.0,"max_hp_loss":0.0,"gold_gain":0.0,"event_name":"The Cleric","player_choice":"Healed","floor":12.0,"gold_loss":35.0,"damage_taken":0.0},{"damage_healed":16.0,"max_hp_gain":0.0,"max_hp_loss":0.0,"gold_gain":0.0,"event_name":"The Library","player_choice":"Heal","floor":20.0,"gold_loss":0.0,"damage_taken":0.0},{"cards_removed":["Perfected Strike"],"damage_healed":0.0,"max_hp_gain":0.0,"max_hp_loss":0.0,"gold_gain":0.0,"event_name":"Beggar","player_choice":"Gave Gold","floor":21.0,"gold_loss":75.0,"damage_taken":0.0},{"damage_healed":0.0,"max_hp_gain":0.0,"max_hp_loss":0.0,"gold_gain":0.0,"event_name":"Vampires","player_choice":"Ignored","floor":22.0,"gold_loss":0.0,"damage_taken":0.0},{"damage_healed":0.0,"max_hp_gain":0.0,"max_hp_loss":0.0,"gold_gain":0.0,"event_name":"Masked Bandits","player_choice":"Fought Bandits","floor":31.0,"gold_loss":0.0,"damage_taken":0.0}],"is_beta":false,"boss_relics":[{"not_picked":["Ectoplasm","Busted Crown"],"picked":"Pandora\u0027s Box"}],"items_purged_floors":[24],"is_endless":false,"potions_floor_spawned":[2,3,7,11,25,27,30],"killed_by":"Automaton","ascension_level":19}}