{"host":"Kdaddybrian","time":1613500022,"event":{"mods":["AchievementEnabler","BaseMod","Bestiary","Colored Map","Colored Powertips","Minty Spire (QoL Compilation)","Potion Indicator Mod","Quick Restart","Rare Cards Sparkle","Relic Stats","StSLib","Uncapped","Weighted Paths"],"gold_per_floor":[118,118,136,159,234,234,277,277,345,380,401,28,44,85,85,216,216,239,239,259,309,18,18,32,65,65,65,81,121,121,121,121],"floor_reached":31,"language":"ENG","playtime":1116,"items_purged":["Strike_P"],"score":479,"play_id":"f223af79-195b-4e05-8679-17232d6d844f","local_time":"20210216132702","is_ascension_mode":true,"campfire_choices":[{"data":"Conclude","floor":6,"key":"SMITH"},{"floor":8,"key":"REST"},{"data":"Eruption","floor":15,"key":"SMITH"},{"data":"Scrawl","floor":23,"key":"SMITH"},{"floor":30,"key":"REST"}],"circlet_count":0,"master_deck":["AscendersBane","Defend_P","Defend_P","Defend_P","Defend_P","Eruption+1","Vigilance","PathToVictory","Conclude+1","Wallop","Tantrum","ClearTheMind","Protect","Nirvana","Halt","Scrawl+1","Prostrate","Bite","Bite","Bite","Bite","Bite","FollowUp+1","Halt","EmptyBody","EmptyMind","Adaptation+1","ThirdEye+1"],"relics":["Runic Dome","Golden Idol","Lantern","Eternal Feather","Lee\u0027s Waffle","Centennial Puzzle","Dream Catcher","Runic Pyramid","Membership Card","HornCleat","Anchor","Thread and Needle","StrikeDummy"],"acts_visited":["Exordium","TheCity"],"potions_floor_usage":[7,10,14,31,31],"damage_taken":[{"damage":7,"enemies":"Jaw Worm","floor":1,"turns":4},{"damage":3,"enemies":"2 Louse","floor":3,"turns":3},{"damage":0,"enemies":"Small Slimes","floor":4,"turns":3},{"damage":16,"enemies":"Gremlin Nob","floor":7,"turns":3},{"damage":22,"enemies":"Lagavulin","floor":10,"turns":4},{"damage":0,"enemies":"Exordium Thugs","floor":11,"turns":3},{"damage":0,"enemies":"Blue Slaver","floor":13,"turns":2},{"damage":10,"enemies":"Gremlin Nob","floor":14,"turns":3},{"damage":21,"enemies":"Slime Boss","floor":16,"turns":6},{"damage":18,"enemies":"3 Byrds","floor":18,"turns":3},{"damage":0,"enemies":"Chosen","floor":20,"turns":4},{"damage":26,"enemies":"Centurion and Healer","floor":24,"turns":5},{"damage":21,"enemies":"Book of Stabbing","floor":25,"turns":4},{"damage":3,"enemies":"Shelled Parasite and Fungi","floor":28,"turns":4},{"damage":10,"enemies":"Gremlin Leader","floor":29,"turns":5},{"damage":85,"enemies":"Snecko","floor":31,"turns":6}],"seed_played":"-2411291053055708740","potions_obtained":[{"floor":3,"key":"Swift Potion"},{"floor":7,"key":"DistilledChaos"},{"floor":10,"key":"Explosive Potion"},{"floor":11,"key":"Dexterity Potion"},{"floor":16,"key":"BottledMiracle"},{"floor":24,"key":"Block Potion"},{"floor":28,"key":"Block Potion"}],"is_trial":false,"path_per_floor":["M","?","M","M","?","R","E","R","T","E","M","$","M","E","R","B",null,"M","?","M","?","$","R","M","E","T","?","M","E","R","M"],"character_chosen":"WATCHER","items_purchased":["Lee\u0027s Waffle","Centennial Puzzle","Membership Card","HornCleat","Halt"],"campfire_rested":2,"item_purchase_floors":[12,12,22,22,22],"current_hp_per_floor":[58,58,55,55,44,44,28,48,48,26,26,74,74,64,73,52,69,51,51,51,51,51,51,33,24,24,24,31,31,51,0,0],"gold":121,"neow_bonus":"BOSS_RELIC","is_daily":false,"chose_seed":false,"campfire_upgraded":3,"win_rate":0.0,"timestamp":1613500022,"path_taken":["M","?","M","M","?","R","E","R","T","E","M","$","M","E","R","BOSS","M","?","M","?","$","R","?","E","T","?","M","E","R","M"],"items_purchased_type":["Relic","Relic","Relic","Relic","Card"],"build_version":"2020-12-18","purchased_purges":1,"victory":false,"max_hp_per_floor":[72,67,67,67,67,67,67,67,67,67,67,74,74,74,74,74,74,74,51,51,51,51,51,51,51,51,51,51,51,51,51,51],"relic_stats":{"Lee\u0027s Waffle":48,"Centennial Puzzle":[23],"Dream Catcher":1,"counters":[16,62],"Golden Idol":96,"Eternal Feather":24,"obtain_stats":[{"Lantern":7,"Lee\u0027s Waffle":12,"Golden Idol":2,"Eternal Feather":10,"Thread and Needle":26,"Runic Dome":0,"Centennial Puzzle":12,"Dream Catcher":14,"Anchor":25,"HornCleat":22,"Membership Card":22,"PureWater":0,"StrikeDummy":29,"Runic Pyramid":17},{"Lantern":4,"Lee\u0027s Waffle":6,"Golden Idol":1,"Eternal Feather":5,"Thread and Needle":13,"Runic Dome":0,"Centennial Puzzle":6,"Dream Catcher":8,"Anchor":13,"HornCleat":11,"Membership Card":11,"PureWater":0,"StrikeDummy":15,"Runic Pyramid":9},{"Lantern":13,"Lee\u0027s Waffle":20,"Golden Idol":4,"Eternal Feather":17,"Thread and Needle":47,"Runic Dome":0,"Centennial Puzzle":20,"Dream Catcher":25,"Anchor":47,"HornCleat":38,"Membership Card":38,"PureWater":0,"StrikeDummy":56,"Runic Pyramid":31}]},"card_choices":[{"not_picked":["Evaluate","Study"],"picked":"PathToVictory","floor":1},{"not_picked":["FollowUp","Evaluate"],"picked":"Conclude","floor":3},{"not_picked":["ReachHeaven","Worship"],"picked":"Wallop","floor":4},{"not_picked":["SignatureMove","PathToVictory"],"picked":"Tantrum","floor":7},{"not_picked":["Nirvana","ThirdEye"],"picked":"ClearTheMind","floor":10},{"not_picked":["FollowUp","Prostrate"],"picked":"Protect","floor":11},{"not_picked":["Worship","CutThroughFate"],"picked":"Nirvana","floor":13},{"not_picked":["FlurryOfBlows","Fasting2"],"picked":"Halt","floor":14},{"not_picked":["SpiritShield","Establishment"],"picked":"Scrawl","floor":16},{"not_picked":["BowlingBash","FlyingSleeves"],"picked":"Prostrate","floor":18},{"not_picked":["WaveOfTheHand","FlurryOfBlows"],"picked":"FollowUp+1","floor":20},{"not_picked":["FlyingSleeves","FollowUp"],"picked":"EmptyBody","floor":24},{"not_picked":["Devotion","Wallop"],"picked":"EmptyMind","floor":25},{"not_picked":["BowlingBash","ThirdEye+1"],"picked":"Adaptation+1","floor":28},{"not_picked":["JustLucky+1","DeceiveReality","CrushJoints"],"picked":"SKIP","floor":29},{"not_picked":["Sanctity","Crescendo"],"picked":"ThirdEye+1","floor":30}],"player_experience":3044831,"relics_obtained":[{"floor":7,"key":"Lantern"},{"floor":10,"key":"Eternal Feather"},{"floor":14,"key":"Dream Catcher"},{"floor":25,"key":"Anchor"},{"floor":26,"key":"Thread and Needle"},{"floor":29,"key":"StrikeDummy"}],"event_choices":[{"damage_healed":0,"gold_gain":0,"player_choice":"Lose Max HP","damage_taken":0,"relics_obtained":["Golden Idol"],"max_hp_gain":0,"max_hp_loss":5,"event_name":"Golden Idol","floor":2,"gold_loss":0},{"damage_healed":0,"gold_gain":75,"player_choice":"Gather Gold","damage_taken":11,"max_hp_gain":0,"max_hp_loss":0,"event_name":"World of Goop","floor":5,"gold_loss":0},{"damage_healed":0,"gold_gain":0,"player_choice":"Became a vampire","damage_taken":0,"max_hp_gain":0,"max_hp_loss":23,"event_name":"Vampires","floor":19,"gold_loss":0,"cards_obtained":["Bite","Bite","Bite","Bite","Bite"]},{"damage_healed":0,"gold_gain":100,"player_choice":"Bet on Murderer","damage_taken":0,"max_hp_gain":0,"max_hp_loss":0,"event_name":"The Joust","floor":21,"gold_loss":50},{"damage_healed":0,"gold_gain":0,"player_choice":"0 cards matched","damage_taken":0,"max_hp_gain":0,"max_hp_loss":0,"event_name":"Match and Keep!","floor":27,"gold_loss":0,"cards_obtained":[]}],"is_beta":true,"boss_relics":[{"not_picked":["Philosopher\u0027s Stone","Empty Cage"],"picked":"Runic Pyramid"}],"items_purged_floors":[12],"is_endless":false,"potions_floor_spawned":[3,7,10,11,13,16,24,28],"killed_by":"Snecko","ascension_level":11}}