{"host":"gk9qdtkqd8dwfeg2","time":1613490341,"event":{"mods":["Act Like it!","Aspiration","BaseMod","Colored Powertips","Gensokyo","Minty Spire (QoL Compilation)","Quick Restart","Replay The Spire","Shop Mod","StSLib","TestMod","The Servant 0.9.4","Waifu the Spire","WarShipGirlsR/’ΩΩ¢…Ÿ≈ÆR mod"],"gold_per_floor":[113,59,87,87,104,104,136,136,213,240,258,273,273,286,286,382,382,402,402,652,652,662,694,694,718,718,718,166,180,37,50,50,343,343,356,366,366,384,5,5,41,67,67,67,67,81,96,121,121,121,121,121,13,43,43],"floor_reached":56,"language":"ZHS","playtime":2491,"items_purged":["KidneyShot"],"score":1657,"play_id":"32ec8481-ebb1-45c9-b352-15a43b280e8b","local_time":"20210216234541","is_ascension_mode":true,"campfire_choices":[{"data":"ShatteredReality","floor":6.0,"key":"SMITH"},{"data":"Comet","floor":8.0,"key":"SMITH"},{"floor":13.0,"key":"DIG"},{"data":"Luminosity","floor":15.0,"key":"SMITH"},{"floor":24.0,"key":"REST"},{"floor":27.0,"key":"DIG"},{"floor":32.0,"key":"REST"},{"floor":40,"key":"RECALL"},{"floor":44,"key":"DIG"},{"floor":49,"key":"DIG"},{"floor":52,"key":"DIG"}],"circlet_count":0,"master_deck":["Exchange","Defy","ShatteredReality+1","Acrobatics","Flying Knee","Comet+1","DualDimension","Shuttle+1","Read+1","Luminosity+1","Rearm+1","PendulumOfEternity","Deny+1","Gouge+1","Collapse+1","DancingSilver+1","Revamp+1","Gensokyo:LockedMedkit","Dilation+1","Solidify+1","BottledTime+1","Starlight+1","Grand Finale","Crippling Poison+1","Corpse Explosion+1","Advance+1","BestPractice","Enlightenment+1","CutThroughFate+1","Cloak And Dagger+1"],"relics":["Uniform","testmod-TestBox","testmod-IntensifyImprint","NeowsBlessing","Bottled Lightning","Oddly Smooth Stone","Toxic Egg 2","Bronze Scales","Gensokyo:MosesMiracle","HornCleat","Question Card","ClockworkSouvenir","testmod-Charity","HandDrill","MerchantsRug","Boot","testmod-SaigiyounoYou","PrismaticShard","CeramicFish","Dream Catcher","Ice Cream","Replay:Towering Pillar of Hats","Golden Egg","Incense Burner","RomanBracelet"],"acts_visited":["Exordium","Gensokyo:Gensokyo","Gensokyo:Gensokyoer","TheEnding"],"potions_floor_usage":[50,54,55],"damage_taken":[{"damage":0.0,"enemies":"Gensokyo:Python","floor":1.0,"turns":1.0},{"damage":0.0,"enemies":"Gensokyo:Cirno","floor":3.0,"turns":2.0},{"damage":0.0,"enemies":"Gensokyo:2_Kodama","floor":5.0,"turns":1.0},{"damage":0.0,"enemies":"Gensokyo:Cirno","floor":7.0,"turns":6.0},{"damage":16.0,"enemies":"Gensokyo:Mamizou","floor":10.0,"turns":7.0},{"damage":0.0,"enemies":"Gensokyo:Gryphon","floor":11.0,"turns":3.0},{"damage":0.0,"enemies":"Gensokyo:VengefulSpirit","floor":12.0,"turns":4.0},{"damage":0.0,"enemies":"Gensokyo:LivingMonolith","floor":14.0,"turns":2.0},{"damage":12.0,"enemies":"Gensokyo:Kokoro","floor":16.0,"turns":10.0},{"damage":6.0,"enemies":"Gensokyo:2_Gloops","floor":18.0,"turns":5.0},{"damage":7.0,"enemies":"Gensokyo:CosmicMonolith","floor":22.0,"turns":2.0},{"damage":41.0,"enemies":"Gensokyo:Tenshi","floor":23.0,"turns":4.0},{"damage":2.0,"enemies":"Gensokyo:Wraith","floor":29.0,"turns":3.0},{"damage":7.0,"enemies":"Gensokyo:Mirror_and_Dog","floor":31.0,"turns":4.0},{"damage":37.0,"enemies":"Gensokyo:Kaguya","floor":33.0,"turns":9.0},{"damage":28.0,"enemies":"Gensokyo:3_Boulders","floor":35.0,"turns":4.0},{"damage":4.0,"enemies":"Gensokyo:3_Bats","floor":36.0,"turns":4.0},{"damage":16,"enemies":"Gensokyo:Sharpion","floor":38,"turns":5},{"damage":0,"enemies":"Gensokyo:Doremy","floor":41,"turns":4},{"damage":0,"enemies":"Gensokyo:SeedOfUnknown","floor":42,"turns":4},{"damage":0,"enemies":"Gensokyo:3_Boulders","floor":46,"turns":4},{"damage":0,"enemies":"Gensokyo:Dusk_and_Dawn","floor":47,"turns":3},{"damage":13,"enemies":"Gensokyo:Kasen","floor":48,"turns":4},{"damage":15,"enemies":"Gensokyo:Shinki","floor":50,"turns":7},{"damage":31,"enemies":"Shield and Spear","floor":54,"turns":3},{"damage":59,"enemies":"The Heart","floor":55,"turns":5}],"seed_played":"2255050192940123156","potions_obtained":[{"floor":1.0,"key":"FearPotion"},{"floor":11.0,"key":"SkillPotion"},{"floor":12.0,"key":"SpeedPotion"},{"floor":16.0,"key":"SkillPotion"},{"floor":23.0,"key":"DistilledChaos"},{"floor":31.0,"key":"BlessingOfTheForge"},{"floor":36.0,"key":"LifebloodPotion"},{"floor":47,"key":"LifebloodPotion"},{"floor":48,"key":"Reflective Coating"}],"is_trial":false,"path_per_floor":["M","$","?","?","M","R","E","R","T","E","M","M","R","M","R","B",null,"M","?","?","?","M","E","R","T","T","R","COS","M","$","M","R","B",null,"M","M","?","M","$","R","E","M","T","R","$","M","M","E","R","B",null,"R","$","E","B",null],"character_chosen":"THE_SERVANT","items_purchased":["ShatteredReality","MerchantsRug","PrismaticShard","BestPractice","Enlightenment+1","Incense Burner"],"campfire_rested":2,"item_purchase_floors":[2,30,39,39,39,53],"current_hp_per_floor":[65,65,65,65,65,65,65,65,65,49,49,49,49,49,49,37,65,59,59,59,59,52,11,29,29,29,29,29,28,28,22,41,6,66,52,63,63,67,67,67,71,73,73,73,73,74,75,70,70,76,76,76,80,53,42],"gold":43,"neow_bonus":"THREE_ENEMY_KILL","is_daily":false,"chose_seed":false,"campfire_upgraded":3,"win_rate":0.0,"timestamp":1613490341,"path_taken":["M","$","?","?","?","R","E","R","T","E","M","M","R","?","R","BOSS","M","?","?","?","?","E","R","?","T","R","COS","?","$","M","R","BOSS","M","M","?","?","?","R","E","M","T","R","$","?","M","E","R","BOSS","R","$","E","BOSS"],"items_purchased_type":["Card","Relic","Relic","Card","Card","Relic"],"build_version":"2020-12-22","purchased_purges":1,"victory":true,"max_hp_per_floor":[65,65,65,65,65,65,65,65,65,65,65,65,65,65,65,65,65,65,65,62,62,62,62,62,62,62,62,62,63,63,64,64,66,66,67,68,68,69,69,69,71,73,73,73,73,74,75,76,76,76,76,76,80,81,81],"card_choices":[{"not_picked":["Snipe","ShatteredReality"],"picked":"Defy","floor":1.0},{"not_picked":["Replace","FastForward"],"picked":"DancingSilver","floor":3.0},{"not_picked":["Orbit","Foresight"],"picked":"Comet","floor":5.0},{"not_picked":["Unruled","Advance"],"picked":"DualDimension","floor":7.0},{"not_picked":["Spin","Starlight"],"picked":"Shuttle+1","floor":10.0},{"not_picked":["ShatteredReality","Ricochet"],"picked":"Read+1","floor":11.0},{"not_picked":["Gouge","SpecialFormula+1"],"picked":"Luminosity","floor":12.0},{"not_picked":["Dilation+1","Potential"],"picked":"Rearm+1","floor":14.0},{"not_picked":["Deny+1","ForgedInTime+1"],"picked":"PendulumOfEternity","floor":16.0},{"not_picked":["Defy+1","Ricochet+1"],"picked":"DancingSilver+1","floor":18.0},{"not_picked":["Rewind+1","Rearm+1","TimeWarp"],"picked":"SKIP","floor":22.0},{"not_picked":["Rewind+1","Rearm+1","TimeWarp"],"picked":"SKIP","floor":22.0},{"not_picked":["ShatteredReality","FastForward+1"],"picked":"Revamp+1","floor":23.0},{"not_picked":["Rewind+1","Ricochet","Deadline+1","ShatteredReality"],"picked":"SKIP","floor":29.0},{"not_picked":["Revamp+1","Replace+1","Alleviate+1"],"picked":"Dilation+1","floor":31.0},{"not_picked":["Duplication+1","TheWorld+1","SoulSculpture"],"picked":"Solidify+1","floor":33.0},{"not_picked":["FastForward+1","ShatteredReality","Rearm+1"],"picked":"BottledTime+1","floor":35.0},{"not_picked":["BottledTime+1","Moonlight","Reset+1"],"picked":"Starlight+1","floor":36.0},{"not_picked":["Defy+1","BottledTime+1","Revamp+1"],"picked":"Advance+1","floor":38},{"not_picked":["Defy+1","Iron Wave+1","ReplayTheSpireMod:Strike From Hell"],"picked":"CutThroughFate+1","floor":41},{"not_picked":["Footwork","aspiration:Polymerization+1","Ricochet"],"picked":"Cloak And Dagger+1","floor":42},{"not_picked":["BowlingBash","Cleave+1","Meditate+1","Steam Power+1"],"picked":"SKIP","floor":46},{"not_picked":["Replay:BluntJabs","Catalyst+1","Steam Power+1","Spin"],"picked":"SKIP","floor":47},{"not_picked":["Weave","Ball Lightning+1","Hemokinesis+1","Iron Wave"],"picked":"SKIP","floor":48},{"not_picked":["The Bomb+1","Flex+1","Blade Dance+1","EmptyBody+1"],"picked":"SKIP","floor":54}],"player_experience":742381,"relics_obtained":[{"floor":3.0,"key":"Bottled Lightning"},{"floor":7.0,"key":"Oddly Smooth Stone"},{"floor":9.0,"key":"Toxic Egg 2"},{"floor":10.0,"key":"Shovel"},{"floor":13.0,"key":"Bronze Scales"},{"floor":23.0,"key":"Darkstone Periapt"},{"floor":25.0,"key":"Omamori"},{"floor":26.0,"key":"HornCleat"},{"floor":27.0,"key":"Question Card"},{"floor":29.0,"key":"Gensokyo:MosesMiracle"},{"floor":41,"key":"CeramicFish"},{"floor":44,"key":"Dream Catcher"},{"floor":48,"key":"Ice Cream"},{"floor":49,"key":"Replay:Towering Pillar of Hats"},{"floor":52,"key":"Golden Egg"},{"floor":54,"key":"RomanBracelet"}],"event_choices":[],"is_beta":false,"boss_relics":[{"not_picked":["Kintsugi","Philosopher\u0027s Stone"],"picked":"Astrolabe"},{"not_picked":["aspiration:RunicSpoon","SacredBark"],"picked":"testmod-SaigiyounoYou"}],"items_purged_floors":[39],"is_endless":false,"potions_floor_spawned":[1,11,12,16,18,22,23,31,36,47,48],"ascension_level":3}}