{"host":"bsgp9wgausrmthh2","time":1613437142,"event":{"mods":["AchievementEnabler","BaseMod","Colored Map","Downfall","Minty Spire (QoL Compilation)","Replay The Spire","StSLib"],"gold_per_floor":[99,99,110,124,138,157,184,283,293,93,122,133,33,33,52,156,156,224,240,177,177,188,188,237,237,257,273,273,273,293,304,317,422,422,422,437,453,453,453,470,470,489,489,489,508,166,166,166,185,185,185,185,185,185],"floor_reached":52,"language":"ENG","playtime":5690,"items_purged":[],"score":735,"play_id":"0dc8b6aa-4a6c-4a18-be99-cfbd33cb0700","local_time":"20210215195902","is_ascension_mode":false,"campfire_choices":[{"floor":1.0,"key":"RECALL"},{"data":"hexamod:FastForward","floor":10.0,"key":"SMITH"},{"data":"hexamod:ForkedFlame","floor":13.0,"key":"SMITH"},{"data":"hexamod:HexaLevel","floor":28.0,"key":"SMITH"},{"data":"hexamod:WildfireWeapon","floor":35.0,"key":"SMITH"},{"floor":44.0,"key":"REST"},{"floor":47.0,"key":"REST"}],"circlet_count":0,"master_deck":["hexamod:Strike","hexamod:Strike+1","hexamod:Strike","hexamod:Strike+1","hexamod:Defend","hexamod:Defend+1","hexamod:Defend","hexamod:Defend+1","hexamod:Sear+1","hexamod:Float","hexamod:FirstSeal","hexamod:GhostLash+1","hexamod:HauntingEcho","hexamod:ForkedFlame+1","hexamod:AdvancingGuard+1","hexamod:FastForward+1","hexamod:GhostOfSpireFuture+1","hexamod:ThermalTransfer","hexamod:GhostOfSpirePast+1","hexamod:ThirdSeal","hexamod:SixthSeal","hexamod:SkipABeat","hexamod:HexaLevel+1","hexamod:VolcanoVisage","hexamod:FourthSeal","hexamod:SpectralAdrenaline","hexamod:StepThrough+1","hexamod:BacktrackSmack+1","hexamod:EmpoweredFlame+1","hexamod:BacktrackSmack","hexamod:GhostflameInferno","hexamod:ExtraCrispy","hexamod:BacktrackSmack+1","hexamod:HeatMetal","hexamod:UnlimitedPower+1","hexamod:WildfireWeapon+1","hexamod:GhostShield+1","hexamod:ShieldOfDarkness+1","hexamod:HeatMetal","hexamod:EmpoweredFlame+1","Parasite","hexamod:GhostLash","hexamod:BacktrackSmack+1","hexamod:ChargedBarrage+1","hexamod:Firestarter+1","hexamod:GhostOfSpirePresent","hexamod:SoulSteal","hexamod:GhostShield"],"relics":["hexamod:SpiritBrand","War Paint","downfall:HeartBlessingRed","downfall:HeartBlessingBlue","Replay:Mystery Machine","downfall:HeartBlessingGreen","downfall:ShatteredFragment","Sozu","Pantograph","Blue Candle","Replay:Bronze Core","Red Mask","downfall:RedIOUUpgrade","HornCleat","Snack Pack"],"acts_visited":["Exordium","TheCity","TheBeyond","TheEnding"],"potions_floor_usage":[],"damage_taken":[{"damage":0.0,"enemies":"Small Slimes","floor":3.0,"turns":4.0},{"damage":0.0,"enemies":"2 Louse","floor":4.0,"turns":2.0},{"damage":0.0,"enemies":"Cultist","floor":5.0,"turns":3.0},{"damage":0.0,"enemies":"Large Slime","floor":6.0,"turns":4.0},{"damage":0.0,"enemies":"Exordium Thugs","floor":9.0,"turns":3.0},{"damage":7.0,"enemies":"Gremlin Nob","floor":11.0,"turns":4.0},{"damage":0.0,"enemies":"downfall:LooterAlt","floor":12.0,"turns":3.0},{"damage":0.0,"enemies":"Blue Slaver","floor":15.0,"turns":3.0},{"damage":16.0,"enemies":"IC_STATUS_ARCHETYPE","floor":16.0,"turns":8.0},{"damage":5.0,"enemies":"Chosen","floor":19.0,"turns":4.0},{"damage":0.0,"enemies":"downfall:FleeingMerchant","floor":20.0,"turns":4.0},{"damage":20.0,"enemies":"Shell Parasite","floor":22.0,"turns":4.0},{"damage":7.0,"enemies":"3 Cultists","floor":26.0,"turns":5.0},{"damage":16.0,"enemies":"Snake Plant","floor":27.0,"turns":3.0},{"damage":0.0,"enemies":"Snecko","floor":30.0,"turns":3.0},{"damage":0.0,"enemies":"Cultist and Chosen","floor":31.0,"turns":4.0},{"damage":11.0,"enemies":"3 Cultists","floor":32.0,"turns":4.0},{"damage":59.0,"enemies":"WA_ARCHETYPE_CALM","floor":33.0,"turns":9.0},{"damage":24.0,"enemies":"Orb Walker","floor":36.0,"turns":5.0},{"damage":32.0,"enemies":"3 Darklings","floor":37.0,"turns":8.0},{"damage":10.0,"enemies":"Writhing Mass","floor":40.0,"turns":6.0},{"damage":19.0,"enemies":"Transient","floor":42.0,"turns":5.0},{"damage":6.0,"enemies":"4 Shapes","floor":45.0,"turns":5.0},{"damage":0.0,"enemies":"downfall:FleeingMerchant","floor":46.0,"turns":4.0},{"damage":0.0,"enemies":"Spire Growth","floor":49.0,"turns":3.0},{"damage":22,"enemies":"SI_POISON_ARCHETYPE","floor":50,"turns":6},{"damage":125,"enemies":"downfall:CharBossMerchant","floor":52,"turns":6}],"seed_played":"7462523831290588484","potions_obtained":[{"floor":5.0,"key":"Ancient Potion"},{"floor":6.0,"key":"hexamod:SoulburnPotion"},{"floor":15.0,"key":"Death Potion"},{"floor":16.0,"key":"hexamod:SoulburnPotion"}],"is_trial":false,"path_per_floor":["R_BF","?","M","M","M","M","T","?","M","R","E","M","R","?","M","B",null,"R_BF","M","$","?","M","?","T","?","M","M","R","?","M","M","M","B",null,"R","M","M","?","?","M","T","M","?","R","M","$","R","?","M","B",null,"E"],"character_chosen":"THE_SPIRIT","items_purchased":["hexamod:BacktrackSmack","Snack Pack","hexamod:SoulSteal"],"campfire_rested":2,"item_purchase_floors":[20,46,46],"current_hp_per_floor":[77,70,77,77,77,77,77,77,77,87,87,87,87,66,73,57,87,87,82,82,82,62,57,57,57,57,48,48,48,55,62,51,24,87,87,70,38,38,38,35,35,16,16,42,43,43,69,69,82,69,87,0,0,0],"gold":185,"neow_bonus":"TEN_PERCENT_HP_BONUS","is_daily":false,"chose_seed":false,"campfire_upgraded":4,"win_rate":0.0,"timestamp":1613437142,"path_taken":["R_BF","?","M","M","M","M","T","?","M","R","E","M","R","?","M","BOSS","R_BF","M","$","?","M","?","T","?","M","?","R","?","M","M","M","BOSS","R","M","M","?","?","M","T","?","?","R","M","?","R","?","M","BOSS","E"],"items_purchased_type":["Card","Relic","Card"],"build_version":"2020-12-22","purchased_purges":0,"victory":false,"max_hp_per_floor":[77,77,77,77,77,77,77,77,77,87,87,87,87,87,87,87,87,87,87,87,87,87,87,87,87,87,87,87,87,87,87,87,87,87,87,87,87,87,87,87,87,87,87,87,87,87,87,87,87,87,87,87,87,87],"card_choices":[{"not_picked":["hexamod:DynamicBlow","hexamod:BurningTouch"],"picked":"hexamod:GhostLash","floor":3.0},{"not_picked":["hexamod:FirstSeal","hexamod:HeatMetal"],"picked":"hexamod:HauntingEcho","floor":4.0},{"not_picked":["hexamod:SpectersWail","hexamod:NightmareStrike"],"picked":"hexamod:ForkedFlame","floor":5.0},{"not_picked":["hexamod:BacktrackSmack","hexamod:SwordOfDarkness"],"picked":"hexamod:AdvancingGuard","floor":6.0},{"not_picked":["hexamod:HauntingEcho","hexamod:BurningTouch"],"picked":"hexamod:FastForward","floor":8.0},{"not_picked":["hexamod:AdvancingGuard","hexamod:GhostShield"],"picked":"hexamod:GhostOfSpireFuture","floor":8.0},{"not_picked":["hexamod:FirstSeal","hexamod:Hexaguard"],"picked":"hexamod:ThermalTransfer","floor":9.0},{"not_picked":["hexamod:FastForward","hexamod:PhantomCloak"],"picked":"hexamod:GhostOfSpirePast","floor":11.0},{"not_picked":["hexamod:SpectersWail","hexamod:SpectralAdrenaline"],"picked":"hexamod:ThirdSeal","floor":12.0},{"not_picked":["hexamod:SwordOfDarkness","hexamod:BacktrackSmack"],"picked":"hexamod:SixthSeal","floor":15.0},{"not_picked":["hexamod:AdvancingGuard","hexamod:BurningTouch"],"picked":"hexamod:SkipABeat","floor":15.0},{"not_picked":["hexamod:GhostflameInferno","hexamod:UnleashSpirits"],"picked":"hexamod:HexaLevel","floor":16.0},{"not_picked":["hexamod:UnleashSpirits","hexamod:TimeWarp"],"picked":"hexamod:VolcanoVisage","floor":16.0},{"not_picked":["hexamod:Hexaguard+1","hexamod:FirstSeal"],"picked":"hexamod:FourthSeal","floor":19.0},{"not_picked":["hexamod:RadiantFlame","hexamod:HeatMetal"],"picked":"hexamod:SpectralAdrenaline","floor":20.0},{"not_picked":["hexamod:Rewind","hexamod:GhostShield"],"picked":"hexamod:StepThrough+1","floor":20.0},{"not_picked":["hexamod:HauntingEcho+1","hexamod:FirstSeal"],"picked":"hexamod:DynamicBlow","floor":22.0},{"not_picked":["hexamod:DynamicBlow","hexamod:SwordOfDarkness"],"picked":"hexamod:EmpoweredFlame","floor":26.0},{"not_picked":["hexamod:GhostLash","hexamod:HeatShield"],"picked":"hexamod:BacktrackSmack","floor":27.0},{"not_picked":["hexamod:RetreatToShadows+1","hexamod:BurningTouch"],"picked":"hexamod:GhostflameInferno","floor":30.0},{"not_picked":["hexamod:RainOfEmbers","hexamod:BurningTouch"],"picked":"hexamod:ExtraCrispy","floor":31.0},{"not_picked":["hexamod:BurningTouch","hexamod:GhostOfSpirePast+1"],"picked":"hexamod:BacktrackSmack+1","floor":32.0},{"not_picked":["hexamod:SwordOfDarkness","hexamod:DynamicBlow"],"picked":"hexamod:HeatMetal","floor":32.0},{"not_picked":["hexamod:SixthSeal","hexamod:HexaLevel"],"picked":"hexamod:UnlimitedPower","floor":33.0},{"not_picked":["hexamod:TurnItUp","hexamod:ParanormalForm"],"picked":"hexamod:WildfireWeapon","floor":33.0},{"not_picked":["hexamod:GhostLash","hexamod:BacktrackSmack"],"picked":"hexamod:GhostShield+1","floor":36.0},{"not_picked":["hexamod:RainOfEmbers","hexamod:GhostLash+1"],"picked":"hexamod:ShieldOfDarkness+1","floor":37.0},{"not_picked":["hexamod:InspiringFlames+1","hexamod:SpectersWail+1"],"picked":"hexamod:HeatMetal","floor":37.0},{"not_picked":["hexamod:FastForward","hexamod:BurningTouch+1"],"picked":"hexamod:GhostLash","floor":40.0},{"not_picked":["hexamod:InspiringFlames+1","hexamod:RainOfEmbers+1"],"picked":"hexamod:BacktrackSmack+1","floor":42.0},{"not_picked":["hexamod:BurningTouch+1","hexamod:ShieldOfDarkness+1"],"picked":"hexamod:ChargedBarrage+1","floor":45.0},{"not_picked":["hexamod:FastForward+1","hexamod:Haunt+1"],"picked":"hexamod:Firestarter+1","floor":46.0},{"not_picked":["hexamod:SecondSeal","hexamod:NightmareStrike"],"picked":"hexamod:GhostOfSpirePresent","floor":46.0},{"not_picked":["hexamod:InspiringFlames+1","hexamod:ThirdSeal"],"picked":"hexamod:GhostShield","floor":49}],"player_experience":254584,"relics_obtained":[{"floor":8.0,"key":"War Paint"},{"floor":11.0,"key":"Replay:Mystery Machine"},{"floor":24.0,"key":"Tiny Chest"},{"floor":41.0,"key":"HornCleat"}],"event_choices":[{"damage_healed":0.0,"max_hp_gain":0.0,"max_hp_loss":0.0,"gold_gain":0.0,"event_name":"NoteForYourself","player_choice":"Ignored","floor":25.0,"gold_loss":0.0,"damage_taken":0.0},{"damage_healed":0.0,"max_hp_gain":0.0,"max_hp_loss":0.0,"gold_gain":0.0,"event_name":"Mysterious Sphere","player_choice":"Ignored","floor":43.0,"gold_loss":0.0,"damage_taken":0.0}],"is_beta":false,"boss_relics":[{"not_picked":["Astrolabe","Fusion Hammer"],"picked":"Sozu"},{"not_picked":["SacredBark","Replay:Drink Me"],"picked":"Replay:Bronze Core"}],"items_purged_floors":[],"is_endless":false,"potions_floor_spawned":[5,6,15,16,22,27,30,31,36,49],"killed_by":"downfall:CharBossMerchant","ascension_level":0}}