{"host":"8vqkh0x3c7vpgzzm","time":1613501602,"event":{"mods":["AchievementEnabler","BaseMod","Colored Map","Colored Powertips","Curses Come First","DeckTracker","Highlight Path","Minty Spire (QoL Compilation)","Permanent Neow","Quick Restart","Random Character Mod","Rare Cards Sparkle","Relic Sorter","Relic Stats","StSLib","SuperFastMode","Together in Spire","Unceasing Turn Reminder","egg","everything is the same but u backflip on backflip"],"gold_per_floor":[18,18,29,45,45,45,56,89,89,89,89,102,120,149,149,246,246,262,262,74,85,105,105,136,136,136,166,3,3,15,15,15,117,117,136,156,156,203,1,1,51,51,51,12,12,30,30,50,50,50,50,50,12,37,37,37],"floor_reached":55,"language":"ENG","playtime":2918,"items_purged":["Strike_B","Strike_B"],"score":588,"play_id":"50110f89-03c2-42a3-ab3c-1aed7ba44034","local_time":"20210216195322","is_ascension_mode":false,"campfire_choices":[{"data":"Zap","floor":6,"key":"SMITH"},{"data":"Defragment","floor":10,"key":"SMITH"},{"data":"Darkness","floor":15,"key":"SMITH"},{"data":"Multi-Cast","floor":23,"key":"SMITH"},{"data":"Rainbow","floor":25,"key":"SMITH"},{"data":"Redo","floor":32,"key":"SMITH"},{"data":"Seek","floor":40,"key":"SMITH"},{"floor":49,"key":"REST"},{"data":"Secret Technique","floor":52,"key":"SMITH"}],"circlet_count":0,"master_deck":["Strike_B","Defend_B+1","Defend_B","Defend_B","Zap+1","Dualcast+1","Ball Lightning","Multi-Cast+1","Double Energy","Defragment+1","Darkness+1","Sunder+1","Rainbow+1","Melter+1","Lockon+1","Self Repair","Chill+1","Leap+1","FTL+1","Seek+1","Cold Snap+1","Redo+1","Biased Cognition","Coolheaded+1","Consume+1","Loop+1","Secret Technique+1","Mind Blast+1","Chill+1","Auto Shields","Hologram+1"],"relics":["Cracked Core","Molten Egg 2","Bottled Flame","Philosopher\u0027s Stone","Pear","Juzu Bracelet","The Courier","Pen Nib","Chemical X","Lantern","Velvet Choker","Emotion Chip","Bag of Preparation","Torii","Thread and Needle","DataDisk"],"acts_visited":["Exordium","TheCity","TheBeyond","TheEnding"],"potions_floor_usage":[16,16,27,33,38,38,50,50,50,54],"damage_taken":[{"damage":0,"enemies":"2 Louse","floor":1,"turns":1},{"damage":0,"enemies":"Cultist","floor":3,"turns":1},{"damage":6,"enemies":"Jaw Worm","floor":4,"turns":2},{"damage":0,"enemies":"Blue Slaver","floor":7,"turns":1},{"damage":14,"enemies":"Gremlin Nob","floor":8,"turns":3},{"damage":0,"enemies":"Gremlin Gang","floor":12,"turns":3},{"damage":5,"enemies":"Red Slaver","floor":13,"turns":3},{"damage":0,"enemies":"Lagavulin","floor":14,"turns":3},{"damage":0,"enemies":"Hexaghost","floor":16,"turns":4},{"damage":15,"enemies":"Shell Parasite","floor":18,"turns":4},{"damage":7,"enemies":"2 Thieves","floor":21,"turns":2},{"damage":0,"enemies":"Cultist and Chosen","floor":22,"turns":3},{"damage":0,"enemies":"Slavers","floor":24,"turns":2},{"damage":0,"enemies":"Gremlin Leader","floor":27,"turns":2},{"damage":2,"enemies":"Snecko","floor":30,"turns":3},{"damage":4,"enemies":"Collector","floor":33,"turns":4},{"damage":6,"enemies":"Orb Walker","floor":35,"turns":2},{"damage":0,"enemies":"3 Shapes","floor":36,"turns":1},{"damage":6,"enemies":"2 Orb Walkers","floor":38,"turns":4},{"damage":20,"enemies":"Mind Bloom Boss Battle","floor":41,"turns":5},{"damage":0,"enemies":"Sphere and 2 Shapes","floor":46,"turns":2},{"damage":0,"enemies":"Spire Growth","floor":48,"turns":2},{"damage":59,"enemies":"Donu and Deca","floor":50,"turns":8},{"damage":23,"enemies":"Shield and Spear","floor":54,"turns":4},{"damage":92,"enemies":"The Heart","floor":55,"turns":5}],"seed_played":"-5492820796334543605","potions_obtained":[{"floor":1,"key":"Strength Potion"},{"floor":7,"key":"Explosive Potion"},{"floor":8,"key":"Block Potion"},{"floor":16,"key":"LiquidBronze"},{"floor":18,"key":"EssenceOfSteel"},{"floor":21,"key":"SkillPotion"},{"floor":30,"key":"SkillPotion"},{"floor":33,"key":"GamblersBrew"},{"floor":38,"key":"Swift Potion"}],"is_trial":false,"path_per_floor":["M","?","M","M","$","R","M","E","T","R","?","M","M","E","R","B",null,"M","?","$","M","M","R","E","R","T","E","$","?","M","T","R","B",null,"M","M","?","?","$","R","?","?","T","$","?","M","$","M","R","B",null,"R","$","E","B"],"character_chosen":"DEFECT","items_purchased":["Lockon+1","Self Repair","Chemical X","Cold Snap+1","Bag of Preparation","Block Potion","FocusPotion"],"campfire_rested":1,"item_purchase_floors":[20,20,28,28,39,44,53],"current_hp_per_floor":[75,68,68,62,62,62,62,48,48,48,33,33,28,28,28,28,75,60,70,70,63,63,63,63,63,63,63,63,63,68,68,68,64,85,85,85,81,81,81,81,68,68,68,68,58,58,58,58,81,29,81,81,81,65,0,0],"gold":37,"neow_bonus":"TRANSFORM_TWO_CARDS","is_daily":false,"chose_seed":false,"campfire_upgraded":8,"win_rate":0.0,"timestamp":1613501602,"path_taken":["M","?","M","?","$","R","M","E","T","R","?","M","M","E","R","BOSS","M","?","$","?","M","R","E","R","T","E","$","?","M","?","R","BOSS","M","M","?","?","?","R","?","?","T","?","?","M","$","M","R","BOSS","R","$","E","BOSS"],"items_purchased_type":["Card","Card","Relic","Card","Relic","Potion","Potion"],"build_version":"2020-12-22","purchased_purges":2,"victory":false,"max_hp_per_floor":[75,75,75,75,75,75,75,75,75,75,75,75,75,75,75,75,75,75,85,85,85,85,85,85,85,85,85,85,85,85,85,85,85,85,85,85,81,81,81,81,81,81,81,81,81,81,81,81,81,81,81,81,81,81,81,81],"relic_stats":{"Emotion Chip":[19,8,8,3,0],"Torii":22,"counters":[25,74],"Pen Nib":[5],"Juzu Bracelet":1,"Bag of Preparation":[12],"Chemical X":[12],"obtain_stats":[{"Lantern":31,"Pear":19,"Torii":41,"Velvet Choker":34,"Thread and Needle":43,"The Courier":26,"Pen Nib":27,"Juzu Bracelet":24,"Bag of Preparation":39,"Bottled Flame":14,"Emotion Chip":38,"DataDisk":54,"Molten Egg 2":8,"Philosopher\u0027s Stone":17,"Chemical X":28,"Cracked Core":0},{"Lantern":15,"Pear":10,"Torii":20,"Velvet Choker":16,"Thread and Needle":20,"The Courier":13,"Pen Nib":14,"Juzu Bracelet":13,"Bag of Preparation":19,"Bottled Flame":8,"Emotion Chip":19,"DataDisk":24,"Molten Egg 2":5,"Philosopher\u0027s Stone":9,"Chemical X":14,"Cracked Core":0},{"Lantern":37,"Pear":25,"Torii":53,"Velvet Choker":41,"Thread and Needle":53,"The Courier":32,"Pen Nib":34,"Juzu Bracelet":32,"Bag of Preparation":48,"Bottled Flame":17,"Emotion Chip":48,"DataDisk":69,"Molten Egg 2":8,"Philosopher\u0027s Stone":21,"Chemical X":34,"Cracked Core":0}]},"card_choices":[{"not_picked":["Go for the Eyes","Hologram"],"picked":"Beam Cell","floor":1},{"not_picked":["Rebound","Cold Snap","Beam Cell"],"picked":"SKIP","floor":3},{"not_picked":["Heatsinks","Stack","Compile Driver"],"picked":"SKIP","floor":4},{"not_picked":["Cold Snap","Turbo"],"picked":"Double Energy","floor":7},{"not_picked":["Conserve Battery","Amplify"],"picked":"Defragment","floor":8},{"not_picked":["Redo","Turbo"],"picked":"Darkness","floor":12},{"not_picked":["Go for the Eyes+1","Turbo","Static Discharge"],"picked":"SKIP","floor":13},{"not_picked":["Rebound+1","Steam"],"picked":"Sunder+1","floor":14},{"not_picked":["Fission","Multi-Cast"],"picked":"Rainbow","floor":16},{"not_picked":["Skim","Streamline+1"],"picked":"Melter+1","floor":18},{"not_picked":["Ball Lightning+1","Gash+1"],"picked":"Chill+1","floor":21},{"not_picked":["Recycle","Turbo"],"picked":"Leap+1","floor":22},{"not_picked":["Heatsinks","Beam Cell+1"],"picked":"FTL+1","floor":24},{"not_picked":["Genetic Algorithm","Turbo"],"picked":"Seek","floor":27},{"not_picked":["Compile Driver+1","Go for the Eyes+1"],"picked":"Redo","floor":30},{"not_picked":["Creative AI","Echo Form"],"picked":"Biased Cognition","floor":33},{"not_picked":["Go for the Eyes+1","Double Energy"],"picked":"Coolheaded+1","floor":35},{"not_picked":["Hello World","Leap+1"],"picked":"Consume+1","floor":36},{"not_picked":["Go for the Eyes+1","Conserve Battery"],"picked":"Loop+1","floor":41},{"not_picked":["Metamorphosis","Deep Breath"],"picked":"Secret Technique","floor":45},{"not_picked":["The Bomb","Discovery"],"picked":"Mind Blast+1","floor":45},{"not_picked":["Self Repair+1","Rip and Tear+1"],"picked":"Chill+1","floor":46},{"not_picked":["Sweeping Beam+1","FTL+1"],"picked":"Auto Shields","floor":48},{"not_picked":["Fusion+1","Rip and Tear+1"],"picked":"Hologram+1","floor":54}],"player_experience":574265,"relics_obtained":[{"floor":8,"key":"Molten Egg 2"},{"floor":14,"key":"Bottled Flame"},{"floor":24,"key":"Juzu Bracelet"},{"floor":26,"key":"The Courier"},{"floor":27,"key":"Pen Nib"},{"floor":31,"key":"Lantern"},{"floor":38,"key":"Emotion Chip"},{"floor":41,"key":"Torii"},{"floor":43,"key":"Thread and Needle"},{"floor":54,"key":"DataDisk"}],"event_choices":[{"damage_healed":0,"gold_gain":0,"player_choice":"Damaged","damage_taken":7,"max_hp_gain":0,"max_hp_loss":0,"event_name":"Wheel of Change","floor":2,"gold_loss":0},{"damage_healed":0,"gold_gain":0,"player_choice":"Entered Light","damage_taken":15,"max_hp_gain":0,"max_hp_loss":0,"event_name":"Shining Light","floor":11,"gold_loss":0,"cards_upgraded":["Defend_B","Dualcast"]},{"damage_healed":0,"gold_gain":0,"player_choice":"Gave Potion","damage_taken":0,"relics_obtained":["Pear"],"max_hp_gain":0,"max_hp_loss":0,"event_name":"WeMeetAgain","floor":19,"gold_loss":0},{"damage_healed":0,"gold_gain":0,"player_choice":"Ignored","damage_taken":0,"max_hp_gain":0,"max_hp_loss":0,"event_name":"The Mausoleum","floor":29,"gold_loss":0},{"damage_healed":0,"gold_gain":0,"player_choice":"Max HP","damage_taken":0,"max_hp_gain":0,"max_hp_loss":4,"event_name":"Winding Halls","floor":37,"gold_loss":0},{"damage_healed":0,"gold_gain":0,"player_choice":"Fight","damage_taken":0,"max_hp_gain":0,"max_hp_loss":0,"event_name":"Mysterious Sphere","floor":38,"gold_loss":0},{"damage_healed":0,"gold_gain":0,"player_choice":"Fight","damage_taken":0,"max_hp_gain":0,"max_hp_loss":0,"event_name":"MindBloom","floor":41,"gold_loss":0},{"cards_removed":["Beam Cell"],"damage_healed":0,"gold_gain":0,"player_choice":"Removed Attack","damage_taken":0,"max_hp_gain":0,"max_hp_loss":0,"event_name":"Falling","floor":42,"gold_loss":0},{"damage_healed":0,"gold_gain":0,"player_choice":"Memory 3","damage_taken":10,"max_hp_gain":0,"max_hp_loss":0,"event_name":"SensoryStone","floor":45,"gold_loss":0}],"is_beta":false,"boss_relics":[{"not_picked":["Inserter","Busted Crown"],"picked":"Philosopher\u0027s Stone"},{"not_picked":["Pandora\u0027s Box","Runic Pyramid"],"picked":"Velvet Choker"}],"items_purged_floors":[20,39],"is_endless":false,"potions_floor_spawned":[1,7,8,16,18,21,30,33,38],"killed_by":"The Heart","ascension_level":0}}