{"host":"xp5rvh2jwe2ejyfm","time":1613437614,"event":{"mods":["2.2 Compatiblity","Aspiration","BaseMod","Better Altar","Better Match","Better Note","Better Sensory Stone","Better Skull","BetterRewards","Colored Powertips","Conspire","Downfall","GifTheSpireLib","Gremlin Mod","GungeonMod","Hermit","Hubris","Jorbs\u0027s Wanderer Trilogy","Minty Spire (QoL Compilation)","Potionbrewer","Quick Restart","Replay The Spire","Robot Space Explorer","Shade Mod","Somnambulant","StSLib","The Bug Knight","The Clintock","The Construct","The Cursed","The Disciple","The Forsaken","The Hierophant","The Marked","The Necromancer","The Runesmith","The Servant 0.9.4","The Valiant","The Witch","TheFirefly","thorton"],"gold_per_floor":[219,47,65,65,5,5,18,38,113,143,153,169,169,179,179,282,282,298,26,26,26],"floor_reached":20,"language":"ENG","playtime":769,"items_purged":[],"score":176,"play_id":"7bc661d9-d512-47ca-a964-44cbacc80cea","local_time":"20210215200654","is_ascension_mode":false,"campfire_choices":[{"floor":6,"key":"RECALL"},{"floor":13,"key":"REST"},{"floor":15,"key":"REST"}],"circlet_count":0,"master_deck":["theMarked:Strike","theMarked:Strike","theMarked:Strike","theMarked:Strike","theMarked:Strike","theMarked:Defend","theMarked:Defend","theMarked:Defend","theMarked:Defend","theMarked:SoldierOfQuellstein","theMarked:Seal","theMarked:LightningStrikesTwice","theMarked:LightningStrikesTwice","Metamorphosis","Impatience","Finesse","theMarked:ParalyzingBlade+1","theMarked:ComboAttacks+1","theMarked:CreepingChasm","theMarked:Friction","theMarked:ChainLightning","theMarked:AttractMetal","theMarked:MuscleMemory","theMarked:ElectricStrings","theMarked:MagusForm","theMarked:Parkour","theMarked:RogueSparks+1","theMarked:LightningStrikesTwice","theMarked:EmpowerWeapon","theMarked:RogueSparks","theMarked:WardOff","theMarked:BanishingStrike","theMarked:Abjuration"],"relics":["theMarked:ArtifactOfAir","ReplayTheSpireMod:ShopPack","Bird Faced Urn","conspire:RoyalGoblet","Orrery"],"acts_visited":["Exordium","TheCity"],"potions_floor_usage":[10,12,16],"damage_taken":[{"damage":11,"enemies":"Jaw Worm","floor":1,"turns":3},{"damage":0,"enemies":"Cultist","floor":3,"turns":2},{"damage":0,"enemies":"Small Slimes","floor":7,"turns":3},{"damage":8,"enemies":"Looter","floor":8,"turns":3},{"damage":33,"enemies":"Lagavulin","floor":10,"turns":4},{"damage":5,"enemies":"2 Fungi Beasts","floor":11,"turns":3},{"damage":0,"enemies":"3 Louse","floor":12,"turns":4},{"damage":13,"enemies":"Exordium Thugs","floor":14,"turns":5},{"damage":11,"enemies":"Slime Boss","floor":16,"turns":8},{"damage":42,"enemies":"Spheric Guardian","floor":18,"turns":6},{"damage":36,"enemies":"3 Byrds","floor":20,"turns":2}],"seed_played":"-3087759093300523349","potions_obtained":[{"floor":3,"key":"theMarked:HoverShot"},{"floor":10,"key":"Dexterity Potion"},{"floor":11,"key":"DemoMod:BlankPotion"},{"floor":12,"key":"SpeedPotion"}],"is_trial":false,"path_per_floor":["M","$","M","?","$","R","M","M","T","E","M","M","R","M","R","B",null,"M","$","M"],"character_chosen":"THE_DEFAULT","items_purchased":["theMarked:LightningStrikesTwice","ReplayTheSpireMod:ShopPack","theMarked:ComboAttacks+1","theMarked:RogueSparks+1","theMarked:LightningStrikesTwice","Orrery"],"campfire_rested":2,"item_purchase_floors":[2,2,5,19,19,19],"current_hp_per_floor":[59,59,59,59,59,59,59,51,51,18,13,13,34,23,44,33,70,32,32,0,0],"gold":26,"neow_bonus":"HUNDRED_GOLD","is_daily":false,"chose_seed":false,"campfire_upgraded":0,"win_rate":0.0,"timestamp":1613437614,"path_taken":["M","$","M","?","$","R","M","M","T","E","?","M","R","M","R","BOSS","M","$","M"],"items_purchased_type":["Card","Relic","Card","Card","Card","Relic"],"build_version":"2020-12-22","purchased_purges":0,"victory":false,"max_hp_per_floor":[70,70,70,70,70,70,70,70,70,70,70,70,70,70,70,70,70,70,70,70,70],"card_choices":[{"not_picked":["theMarked:Improvise","theMarked:SelfDefenseTraining"],"picked":"theMarked:Seal","floor":1},{"not_picked":["Chrysalis","ReplayUltimateDefense"],"picked":"Metamorphosis","floor":2},{"not_picked":["ReplayTheSpireMod:Trickstab","Purity"],"picked":"Impatience","floor":2},{"not_picked":["ReplayTheSpireMod:Trickstab","hubris:Ssssneak"],"picked":"Finesse","floor":2},{"not_picked":["theMarked:RepellingDischarge","theMarked:Improvise"],"picked":"theMarked:ParalyzingBlade","floor":3},{"not_picked":["theMarked:ElectricStrings","theMarked:TakeCover"],"picked":"theMarked:CreepingChasm","floor":7},{"not_picked":["theMarked:TunnelVision","theMarked:Frustration"],"picked":"theMarked:Friction","floor":8},{"not_picked":["theMarked:Abjuration","theMarked:Parkour"],"picked":"theMarked:ChainLightning","floor":10},{"not_picked":["theMarked:ResourceFulStrike","theMarked:TwofoldDefense"],"picked":"theMarked:AttractMetal","floor":11},{"not_picked":["theMarked:Convert","theMarked:Pokerface"],"picked":"theMarked:MuscleMemory","floor":12},{"not_picked":["theMarked:CreepingChasm","theMarked:Parkour"],"picked":"theMarked:ElectricStrings","floor":14},{"not_picked":["theMarked:Vacuum","theMarked:Toughness"],"picked":"theMarked:MagusForm","floor":16},{"not_picked":["theMarked:WardOff","theMarked:RepellingDischarge"],"picked":"theMarked:Parkour","floor":18},{"not_picked":["theMarked:BanishingStrike+1","theMarked:KeepCalmAndFight"],"picked":"theMarked:EmpowerWeapon","floor":19},{"not_picked":["theMarked:TwofoldDefense","theMarked:Parkour"],"picked":"theMarked:RogueSparks","floor":19},{"not_picked":["theMarked:Improvise","theMarked:RepellingDischarge"],"picked":"theMarked:WardOff","floor":19},{"not_picked":["theMarked:PowerFlow","theMarked:TakeCover"],"picked":"theMarked:BanishingStrike","floor":19},{"not_picked":["theMarked:Memento","theMarked:RepellingDischarge"],"picked":"theMarked:Abjuration","floor":19}],"player_experience":512770,"relics_obtained":[{"floor":10,"key":"Bird Faced Urn"}],"event_choices":[{"damage_healed":0,"gold_gain":0,"player_choice":"Forge","damage_taken":0,"max_hp_gain":0,"max_hp_loss":0,"event_name":"Accursed Blacksmith","floor":4,"gold_loss":0,"cards_upgraded":["theMarked:ParalyzingBlade"]}],"is_beta":false,"boss_relics":[{"not_picked":["hubris:GrandSneckoEye","aspiration:RunicSpoon"],"picked":"conspire:RoyalGoblet"}],"items_purged_floors":[],"is_endless":false,"potions_floor_spawned":[3,10,11,12],"killed_by":"3 Byrds","ascension_level":0}}