{"host":"gtoa8h4im74f14p0","time":1613494213,"event":{"mods":["AchievementEnabler","BaseMod","Better Silent Start","Block Reminder","Colored Powertips","Custom Start","Downfall","Hermit","Minty Spire (QoL Compilation)","Permanent Neow","Quick Restart","Reliquary","Shop Mod","StSLib","Swap Starting Deck Mod","The Cursed","The Marked"],"gold_per_floor":[115,115,115,132,151,176,176,187,233,308,326,337,357,371,371,473,473,487,487,134,134,134,152,152,168,168,194,194,194],"floor_reached":28,"language":"ENG","playtime":1136,"items_purged":[],"score":317,"play_id":"a57bf506-7260-469d-bb30-7adc2eb37928","local_time":"20210216115013","is_ascension_mode":false,"campfire_choices":[{"data":"Blasphemy","floor":7,"key":"SMITH"},{"data":"Pray","floor":15,"key":"SMITH"}],"circlet_count":0,"master_deck":["ReachHeaven","ReachHeaven","ReachHeaven","ReachHeaven","Prostrate","Prostrate","Prostrate","Prostrate","Prostrate","Pray+1","Blasphemy+1","Protect","ReachHeaven","Prostrate","LessonLearned+1","Pray","BattleHymn","Secret Technique","Forethought","Pray","Collect","Collect"],"relics":["HolyWater","Mummified Hand","reliquary:Boomerang","MutagenicStrength","Bottled Tornado","reliquary:PrincelyHelmet","Regal Pillow"],"acts_visited":["Exordium","TheCity"],"potions_floor_usage":[11,12,13,14,18],"damage_taken":[{"damage":0,"enemies":"Jaw Worm","floor":1,"turns":2},{"damage":1,"enemies":"Small Slimes","floor":4,"turns":2},{"damage":0,"enemies":"Cultist","floor":5,"turns":2},{"damage":0,"enemies":"Gremlin Nob","floor":6,"turns":2},{"damage":0,"enemies":"Looter","floor":8,"turns":2},{"damage":0,"enemies":"2 Fungi Beasts","floor":11,"turns":2},{"damage":4,"enemies":"Exordium Wildlife","floor":12,"turns":2},{"damage":4,"enemies":"Large Slime","floor":13,"turns":2},{"damage":1,"enemies":"Lots of Slimes","floor":14,"turns":4},{"damage":20,"enemies":"The Guardian","floor":16,"turns":6},{"damage":6,"enemies":"Shell Parasite","floor":18,"turns":2},{"damage":6,"enemies":"Chosen","floor":23,"turns":3},{"damage":6,"enemies":"Sentry and Sphere","floor":25,"turns":3},{"damage":19,"enemies":"Book of Stabbing","floor":27,"turns":4},{"damage":0,"enemies":"Snake Plant","floor":28,"turns":1}],"seed_played":"-3691574061726512840","potions_obtained":[{"floor":1,"key":"DistilledChaos"},{"floor":8,"key":"Fire Potion"},{"floor":11,"key":"LiquidMemories"},{"floor":12,"key":"FairyPotion"},{"floor":13,"key":"ColorlessPotion"},{"floor":16,"key":"PowerPotion"}],"is_trial":false,"path_per_floor":["M","?","?","M","M","E","R","M","T","?","M","M","M","M","R","B",null,"M","?","$","?","?","M","T","M","T","E","M"],"character_chosen":"WATCHER","items_purchased":["BattleHymn","Secret Technique","Forethought"],"campfire_rested":0,"item_purchase_floors":[20,20,20],"current_hp_per_floor":[54,54,54,53,53,53,53,53,53,42,42,38,34,33,33,13,54,48,48,48,48,48,42,42,36,36,17,17,17],"gold":194,"neow_bonus":"","is_daily":false,"chose_seed":false,"campfire_upgraded":2,"win_rate":0.0,"timestamp":1613494213,"path_taken":["M","?","?","M","M","E","R","?","T","?","M","M","M","M","R","BOSS","M","?","$","?","?","?","?","M","T","E","M"],"items_purchased_type":["Card","Card","Card"],"build_version":"2020-12-22","purchased_purges":0,"victory":false,"max_hp_per_floor":[54,54,54,54,54,54,54,54,54,54,54,54,54,54,54,54,54,54,54,54,54,54,54,54,54,54,54,54,54],"card_choices":[{"not_picked":["EmptyFist","EmptyMind","EmptyBody"],"picked":"SKIP","floor":1},{"not_picked":["ClearTheMind","Adaptation","InnerPeace"],"picked":"SKIP","floor":4},{"not_picked":["Crescendo","Meditate","PathToVictory"],"picked":"SKIP","floor":5},{"not_picked":["Fasting2","PathToVictory"],"picked":"Blasphemy","floor":6},{"not_picked":["Vengeance","ThirdEye","FollowUp"],"picked":"SKIP","floor":8},{"not_picked":["SashWhip","Vengeance"],"picked":"Protect","floor":11},{"not_picked":["Consecrate","WheelKick"],"picked":"ReachHeaven","floor":12},{"not_picked":["Halt","Crescendo","EmptyFist"],"picked":"SKIP","floor":13},{"not_picked":["ThirdEye","Adaptation"],"picked":"Prostrate","floor":14},{"not_picked":["Omniscience","Vault"],"picked":"LessonLearned","floor":16},{"not_picked":["TalkToTheHand","PathToVictory+1"],"picked":"Pray","floor":18},{"not_picked":["FlyingSleeves","FearNoEvil"],"picked":"Collect","floor":23},{"not_picked":["Nirvana+1","DeceiveReality"],"picked":"Collect","floor":25},{"not_picked":["FollowUp","ClearTheMind","CutThroughFate"],"picked":"SKIP","floor":27}],"player_experience":75685,"relics_obtained":[{"floor":6,"key":"Mummified Hand"},{"floor":9,"key":"reliquary:Boomerang"},{"floor":24,"key":"Bottled Tornado"},{"floor":26,"key":"reliquary:PrincelyHelmet"},{"floor":27,"key":"Regal Pillow"}],"event_choices":[{"damage_healed":0,"gold_gain":0,"player_choice":"Leave","damage_taken":0,"max_hp_gain":0,"max_hp_loss":0,"event_name":"The Cleric","floor":2,"gold_loss":0},{"damage_healed":0,"gold_gain":0,"player_choice":"Ignored","damage_taken":0,"max_hp_gain":0,"max_hp_loss":0,"event_name":"Purifier","floor":3,"gold_loss":0},{"damage_healed":0,"gold_gain":75,"player_choice":"Gather Gold","damage_taken":11,"max_hp_gain":0,"max_hp_loss":0,"event_name":"World of Goop","floor":10,"gold_loss":0},{"damage_healed":0,"gold_gain":0,"player_choice":"Ignored","damage_taken":0,"max_hp_gain":0,"max_hp_loss":0,"event_name":"Vampires","floor":19,"gold_loss":0},{"damage_healed":0,"gold_gain":0,"player_choice":"Inject Mutagens","damage_taken":0,"relics_obtained":["MutagenicStrength"],"max_hp_gain":0,"max_hp_loss":0,"event_name":"Drug Dealer","floor":21,"gold_loss":0},{"damage_healed":0,"gold_gain":0,"player_choice":"Copied","damage_taken":0,"max_hp_gain":0,"max_hp_loss":0,"event_name":"Duplicator","floor":22,"gold_loss":0,"cards_obtained":["Pray"]}],"is_beta":false,"boss_relics":[{"not_picked":["Velvet Choker","Runic Dome"],"picked":"HolyWater"}],"items_purged_floors":[],"is_endless":false,"potions_floor_spawned":[1,8,11,12,13,16],"killed_by":"Snake Plant","ascension_level":0}}