{"host":"nlbr7nnijupf3yfg","time":1613497161,"event":{"mods":["AchievementEnabler","BaseMod","BetterRewards","Card Forge","Colored Powertips","DeckTracker","Downfall","Hubris","Infinite Spire","Minty Spire (QoL Compilation)","Quick Restart","Relic Stats","Replay The Spire","Shop Mod","StSLib","SuperFastMode"],"gold_per_floor":[112,123,123,134,134,165,165,165,191,191,218,218,234,245,245,320,320,332,332,257,257,280,280,308,308,308,308,308,308],"floor_reached":28,"language":"ENG","playtime":527,"items_purged":["downfall:Bewildered"],"score":688,"play_id":"6b73e15d-96e3-4d29-8224-377bff821a7c","local_time":"20210216123921","is_ascension_mode":true,"campfire_choices":[{"data":"Metallicize","floor":8,"key":"SMITH"},{"data":"Fire Breathing","floor":10,"key":"SMITH"},{"data":"Sentinel","floor":15,"key":"SMITH"},{"data":"hubris:InfiniteBlow+4","floor":23,"key":"SMITH"},{"data":"hubris:InfiniteBlow+5","floor":25,"key":"SMITH"}],"circlet_count":0,"master_deck":["AscendersBane","Defend_R+1","Defend_R+1","Defend_R+1","Defend_R+1","Bash+1","Feel No Pain+1","Corruption+1","Barricade+1","Body Slam+1","Entrench+1","Metallicize+1","Fire Breathing+1","Immolate+1","Juggernaut+1","Sentinel+1","Fire Breathing","hubris:Wrath","Writhe","hubris:InfiniteBlow+6","Pot Of Greed","Pot Of Greed","Power Through","AbeCurse"],"relics":["m_BronzeBlood","Hammer of Thor","Seething Fire","Anvil of the Gods","infinitespire:Lychee Nut","Replay:Rubber Ducky","infinitespire:PuzzleCube","Nunchaku","ReplayTheSpireMod:TigerMarble","hubris:TenFootPole","bronze:DecasWashers","infinitespire:Cubic Diamond","Ring of Chaos","sneckomod:BabySnecko","Grinning Jar","Art of War","hexamod:BolsterEngine","Bottled Lightning","Abe\u0027s Treasure"],"acts_visited":["Exordium","TheCity"],"potions_floor_usage":[6],"damage_taken":[{"damage":0,"enemies":"Jaw Worm","floor":1,"turns":3},{"damage":0,"enemies":"Cultist","floor":2,"turns":3},{"damage":0,"enemies":"2 Louse","floor":4,"turns":3},{"damage":0,"enemies":"3 Sentries","floor":6,"turns":4},{"damage":3,"enemies":"Replay:BlueRogue","floor":11,"turns":5},{"damage":7,"enemies":"Exordium Thugs","floor":13,"turns":3},{"damage":0,"enemies":"3 Louse","floor":14,"turns":2},{"damage":13,"enemies":"Hexaghost","floor":16,"turns":6},{"damage":0,"enemies":"Shell Parasite","floor":18,"turns":3},{"damage":0,"enemies":"Book of Stabbing","floor":24,"turns":4},{"damage":63,"enemies":"Nightmare","floor":28,"turns":6}],"seed_played":"-4291518199896278233","potions_obtained":[{"floor":2,"key":"ColorlessPotion"},{"floor":4,"key":"SneckoOil"},{"floor":11,"key":"Block Potion"},{"floor":16,"key":"champ:CounterPotion"}],"is_trial":false,"path_per_floor":["M","M","?","M","?","E","?","R","T","R","E","?","M","M","R","B",null,"M","?","$","?","T","R","E","R","T","AVR","NM"],"character_chosen":"IRONCLAD","items_purchased":["Replay:Rubber Ducky","infinitespire:PuzzleCube"],"campfire_rested":0,"item_purchase_floors":[0,0],"current_hp_per_floor":[60,60,60,60,60,60,60,60,60,60,60,60,60,60,60,54,59,60,60,60,60,60,60,60,60,60,60,0,0],"gold":308,"neow_bonus":"","is_daily":false,"chose_seed":false,"campfire_upgraded":5,"win_rate":0.0,"timestamp":1613497161,"path_taken":["M","M","?","?","?","E","?","R","T","R","E","?","M","M","R","BOSS","M","?","$","?","?","R","E","R","T","AVR","NM"],"items_purchased_type":["Relic","Relic"],"build_version":"2020-12-22","purchased_purges":1,"victory":false,"max_hp_per_floor":[60,60,60,60,60,60,60,60,60,60,60,60,60,60,60,60,60,60,60,60,60,60,60,60,60,60,60,60,60],"relic_stats":{"Nunchaku":[6],"counters":[35,157],"Art of War":[1],"obtain_stats":[{"Calipers":42,"Hammer of Thor":0,"infinitespire:Cubic Diamond":12,"expansioncontent:StudyCardRelic":17,"Replay:Multitool":37,"Burning Blood":0,"Replay:Rubber Ducky":0,"Replay:Ringing Soul":10,"Replay:Bandana":41,"Nunchaku":44,"Matryoshka":29,"DollysMirror":4,"Replay:Bronze Core":34,"Philosopher\u0027s Stone":37,"Red Mask":19,"Gremlin Food":5,"Potion Belt":47,"NeowsBlessing":0,"Guide Book":22,"bronze:DecasWashers":11,"Pen Nib":9,"Replay:WaspNest":22,"Ring of Chaos":17,"Seething Fire":0,"bronze:BronzeIdol":41,"sneckomod:BabySnecko":19,"Anchor":43,"Anvil of the Gods":0,"Shuriken":6,"infinitespire:Lychee Nut":0,"Bronze Scales":26,"Garlic":23,"ReplayTheSpireMod:TigerMarble":6,"hubris:TenFootPole":9,"m_BronzeBlood":12,"Art of War":24,"Bottled Lightning":27,"Grinning Jar":22,"hexamod:BolsterEngine":26,"hubris:Potato":39,"infinitespire:PuzzleCube":0,"Abe\u0027s Treasure":27},{"Calipers":21,"Hammer of Thor":0,"infinitespire:Cubic Diamond":29,"expansioncontent:StudyCardRelic":8,"Replay:Multitool":18,"Burning Blood":0,"Replay:Rubber Ducky":24,"Replay:Ringing Soul":5,"Replay:Bandana":20,"Nunchaku":22,"Matryoshka":14,"DollysMirror":2,"Replay:Bronze Core":16,"Philosopher\u0027s Stone":18,"Red Mask":10,"Gremlin Food":2,"Potion Belt":22,"NeowsBlessing":0,"Guide Book":11,"bronze:DecasWashers":29,"Pen Nib":4,"Replay:WaspNest":11,"Ring of Chaos":32,"Seething Fire":0,"bronze:BronzeIdol":20,"sneckomod:BabySnecko":33,"Anchor":21,"Anvil of the Gods":0,"Shuriken":3,"infinitespire:Lychee Nut":24,"Bronze Scales":12,"Garlic":12,"ReplayTheSpireMod:TigerMarble":28,"hubris:TenFootPole":28,"m_BronzeBlood":29,"Art of War":34,"Bottled Lightning":34,"Grinning Jar":33,"hexamod:BolsterEngine":34,"hubris:Potato":20,"infinitespire:PuzzleCube":24,"Abe\u0027s Treasure":34},{"Calipers":95,"Hammer of Thor":0,"infinitespire:Cubic Diamond":133,"expansioncontent:StudyCardRelic":28,"Replay:Multitool":75,"Burning Blood":0,"Replay:Rubber Ducky":115,"Replay:Ringing Soul":11,"Replay:Bandana":88,"Nunchaku":99,"Matryoshka":56,"DollysMirror":3,"Replay:Bronze Core":67,"Philosopher\u0027s Stone":75,"Red Mask":37,"Gremlin Food":3,"Potion Belt":99,"NeowsBlessing":0,"Guide Book":42,"bronze:DecasWashers":133,"Pen Nib":7,"Replay:WaspNest":42,"Ring of Chaos":144,"Seething Fire":0,"bronze:BronzeIdol":88,"sneckomod:BabySnecko":147,"Anchor":95,"Anvil of the Gods":0,"Shuriken":4,"infinitespire:Lychee Nut":115,"Bronze Scales":45,"Garlic":45,"ReplayTheSpireMod:TigerMarble":128,"hubris:TenFootPole":128,"m_BronzeBlood":133,"Art of War":151,"Bottled Lightning":151,"Grinning Jar":147,"hexamod:BolsterEngine":151,"hubris:Potato":88,"infinitespire:PuzzleCube":115,"Abe\u0027s Treasure":151}]},"card_choices":[{"not_picked":["Run Through","Massacre"],"picked":"Entrench","floor":1},{"not_picked":["Iron Wave","Disarm"],"picked":"Metallicize","floor":2},{"not_picked":["Clothesline","Sword Boomerang","Heavy Blade"],"picked":"SKIP","floor":4},{"not_picked":["Intimidate","Fiend Fire"],"picked":"Fire Breathing","floor":6},{"not_picked":["Shrug It Off","Searing Blow","Run Through"],"picked":"SKIP","floor":11},{"not_picked":["Clothesline","Burning Pact"],"picked":"Sentinel","floor":13},{"not_picked":["Power Through","Headbutt","Clash"],"picked":"SKIP","floor":14},{"not_picked":["Armaments+1","Clash"],"picked":"Fire Breathing","floor":18},{"not_picked":["infinitespire:SevenWalls","hubris:Rewind"],"picked":"hubris:InfiniteBlow+4","floor":21},{"not_picked":["Warcry","Twin Strike"],"picked":"Power Through","floor":24}],"player_experience":85070,"relics_obtained":[{"floor":6,"key":"ReplayTheSpireMod:TigerMarble"},{"floor":9,"key":"hubris:TenFootPole"},{"floor":11,"key":"bronze:DecasWashers"},{"floor":22,"key":"Grinning Jar"},{"floor":24,"key":"Art of War"},{"floor":26,"key":"hexamod:BolsterEngine"}],"event_choices":[{"damage_healed":0,"gold_gain":0,"player_choice":"Gave Potion","damage_taken":0,"relics_obtained":["Nunchaku"],"max_hp_gain":0,"max_hp_loss":0,"event_name":"WeMeetAgain","floor":3,"gold_loss":0},{"damage_healed":0,"gold_gain":0,"player_choice":"Leave","damage_taken":0,"max_hp_gain":0,"max_hp_loss":0,"event_name":"The Cleric","floor":5,"gold_loss":0}],"is_beta":false,"boss_relics":[{"not_picked":["Runic Dome","hubris:Stopwatch"],"picked":"Ring of Chaos"}],"items_purged_floors":[20],"is_endless":false,"potions_floor_spawned":[2,4,11,16,24],"killed_by":"Nightmare","ascension_level":13}}