{"host":"1avr1135to2copjv","time":1613469205,"event":{"mods":["BaseMod","Colored Map","Colored Powertips","Filter the Spire","Minty Spire (QoL Compilation)","Relic Stats","StSLib","The Servant 0.9.4"],"gold_per_floor":[110,110,110,127,137,137,137],"floor_reached":6,"language":"ENG","playtime":205,"items_purged":[],"score":72,"play_id":"59642b54-1ddd-455e-aba5-cd068fc77b8f","local_time":"20210216125325","is_ascension_mode":true,"campfire_choices":[],"circlet_count":0,"master_deck":["AscendersBane","Strike_B","Strike_B+1","Strike_B","Strike_B","Defend_B","Defend_B","Defend_B","Defend_B+1","Zap","Dualcast","Undo","Darkness","Go for the Eyes"],"relics":["SlaversCollar","Dream Catcher"],"acts_visited":["Exordium"],"potions_floor_usage":[],"damage_taken":[{"damage":0,"enemies":"2 Louse","floor":1,"turns":4},{"damage":12,"enemies":"Jaw Worm","floor":4,"turns":4},{"damage":0,"enemies":"Cultist","floor":5,"turns":4},{"damage":7,"enemies":"Lagavulin","floor":6,"turns":4}],"seed_played":"8102949013941525359","potions_obtained":[{"floor":5,"key":"Strength Potion"}],"is_trial":false,"path_per_floor":["M","?","?","M","M","E"],"character_chosen":"DEFECT","items_purchased":[],"campfire_rested":0,"item_purchase_floors":[],"current_hp_per_floor":[64,43,17,5,5,0,0],"gold":137,"neow_bonus":"BOSS_RELIC","is_daily":false,"chose_seed":false,"campfire_upgraded":0,"win_rate":0.0,"timestamp":1613469205,"path_taken":["M","?","?","M","M","E"],"items_purchased_type":[],"build_version":"2020-12-22","purchased_purges":0,"victory":false,"max_hp_per_floor":[71,71,71,71,71,71,71],"relic_stats":{"Dream Catcher":0,"counters":[4,16],"obtain_stats":[{"SlaversCollar":0,"Dream Catcher":3,"Cracked Core":0},{"SlaversCollar":0,"Dream Catcher":1,"Cracked Core":0},{"SlaversCollar":0,"Dream Catcher":4,"Cracked Core":0}]},"card_choices":[{"not_picked":["Coolheaded","Steam"],"picked":"Undo","floor":1},{"not_picked":["Fusion","Tempest"],"picked":"Darkness","floor":4},{"not_picked":["Streamline","Beam Cell"],"picked":"Go for the Eyes","floor":5}],"player_experience":1046498,"relics_obtained":[],"event_choices":[{"damage_healed":0,"gold_gain":0,"player_choice":"Entered Light","damage_taken":21,"max_hp_gain":0,"max_hp_loss":0,"event_name":"Shining Light","floor":2,"gold_loss":0,"cards_upgraded":["Strike_B","Defend_B"]},{"damage_healed":0,"gold_gain":0,"player_choice":"Success","damage_taken":26,"relics_obtained":["Dream Catcher"],"max_hp_gain":0,"max_hp_loss":0,"event_name":"Scrap Ooze","floor":3,"gold_loss":0}],"is_beta":false,"boss_relics":[],"items_purged_floors":[],"is_endless":false,"potions_floor_spawned":[5],"killed_by":"Lagavulin","ascension_level":20}}