{"host":"bplbr8uekuotory4","time":1613484982,"event":{"mods":["Act Like it!","BaseMod","GungeonMod","Hermit","KinomotoSakuraMod(木之本樱)","Marisa（F雨　魔理沙）","Minty Spire (QoL Compilation)","Prisma Mod","Quick Restart","Reimu（博丽灵梦）","SOS（斯巴达之子）","Spicy Shops","StSLib","TestMod","The Blackbeard","The Cursed","The Mystic","The Saiyan","The Senshi","The Servant 0.9.4","Yuri Mod","[IsaacMod]以撒尖塔"],"gold_per_floor":[113,38,50,50,63,63,98,20,20,47,61,61,79,104,104,181,181,200,200,200,600,600,629,629,642,669,594,594,612,243,259,259,335,335,360,381,231,327,351,351,380,421,497,535,588,588,609,189,189,201,201,201,64,100,114],"floor_reached":56,"language":"ZHS","playtime":1609,"items_purged":["blackbeard:BlackbeardStrike","blackbeard:BlackbeardDefend","blackbeard:BlackbeardStrike","blackbeard:Cutlass","blackbeard:BlackbeardStrike","blackbeard:BlackbeardDefend","blackbeard:BlackbeardStrike","blackbeard:BlackbeardDefend","blackbeard:IntimidatingStrike+1"],"score":2732,"play_id":"01001c9c-6d54-4ff2-90d8-05a8cc3641fe","local_time":"20210216221622","is_ascension_mode":true,"campfire_choices":[{"data":"blackbeard:IntimidatingStrike","floor":6.0,"key":"SMITH"},{"data":"blackbeard:CaptainsHat","floor":15.0,"key":"SMITH"},{"data":"blackbeard:Intoxication","floor":24.0,"key":"SMITH"},{"data":"blackbeard:Toast","floor":28.0,"key":"SMITH"},{"floor":32.0,"key":"RECALL"},{"floor":40.0,"key":"REST"},{"data":"Panacea","floor":49.0,"key":"SMITH"},{"floor":52.0,"key":"REST"}],"circlet_count":0,"master_deck":["AscendersBane","blackbeard:CannonballSupply+1","blackbeard:Toast+1","blackbeard:CaptainsHat+1","blackbeard:Intoxication+1","blackbeard:CannonBarrage+1","Panacea+1"],"relics":["blackbeard:LoadTheCannons","testmod-TestBox","HushsDoor","HowToJump","testmod-ThousandKnives","SatanicBible","DemoMod:WhiteGuonStone","BookOfRevelations","Letter Opener","DemoMod:WaxWing","BelialBook","DemoMod:GlassGuonStoneRelic","MutagenicStrength","Singing Bowl","blackbeard:CannonballsOfSteel","Strange Spoon","testmod-DeterminationOfClimber","GuppysTail","StrikeDummy","Art of War","MoneyPower","Membership Card","TungstenRod","blackbeard:HipFlask"],"acts_visited":["Exordium","TheCity","TheBeyond","TheEnding"],"potions_floor_usage":[55],"damage_taken":[{"damage":0.0,"enemies":"Cultist","floor":1.0,"turns":1.0},{"damage":0.0,"enemies":"2 Louse","floor":3.0,"turns":2.0},{"damage":0.0,"enemies":"Small Slimes","floor":5.0,"turns":1.0},{"damage":0.0,"enemies":"3 Sentries","floor":7.0,"turns":1.0},{"damage":0.0,"enemies":"Gremlin Nob","floor":10.0,"turns":3.0},{"damage":0.0,"enemies":"Exordium Thugs","floor":11.0,"turns":3.0},{"damage":0.0,"enemies":"Blue Slaver","floor":13.0,"turns":3.0},{"damage":0.0,"enemies":"Lagavulin","floor":14.0,"turns":3.0},{"damage":0.0,"enemies":"Hexaghost","floor":16.0,"turns":7.0},{"damage":0.0,"enemies":"Chosen","floor":18.0,"turns":3.0},{"damage":0.0,"enemies":"Book of Stabbing","floor":23.0,"turns":4.0},{"damage":0.0,"enemies":"3 Byrds","floor":25.0,"turns":3.0},{"damage":0.0,"enemies":"3 Cultists","floor":29.0,"turns":3.0},{"damage":0.0,"enemies":"Snecko","floor":31.0,"turns":3.0},{"damage":0.0,"enemies":"Champ","floor":33.0,"turns":5.0},{"damage":0.0,"enemies":"3 Shapes","floor":35.0,"turns":1.0},{"damage":0.0,"enemies":"Orb Walker","floor":36.0,"turns":1.0},{"damage":0.0,"enemies":"Spire Growth","floor":39.0,"turns":1.0},{"damage":0.0,"enemies":"4 Shapes","floor":41.0,"turns":1.0},{"damage":0.0,"enemies":"Reptomancer","floor":42.0,"turns":1.0},{"damage":0.0,"enemies":"Giant Head","floor":44.0,"turns":2.0},{"damage":0.0,"enemies":"2 Orb Walkers","floor":45.0,"turns":1.0},{"damage":0.0,"enemies":"3 Darklings","floor":47.0,"turns":1.0},{"damage":0.0,"enemies":"Awakened One","floor":50.0,"turns":3.0},{"damage":0.0,"enemies":"Shield and Spear","floor":54.0,"turns":1.0},{"damage":2,"enemies":"The Heart","floor":55,"turns":4}],"seed_played":"-4120667581442921291","potions_obtained":[{"floor":1.0,"key":"ZuzhouPotion:ReiMu"},{"floor":16.0,"key":"DistilledChaos"},{"floor":33.0,"key":"LiquidBronze"},{"floor":45.0,"key":"DemoMod:LeadSkinPotion"}],"is_trial":false,"path_per_floor":["M","$","M","?","M","R","E","$","T","E","M","$","M","E","R","B",null,"M","?","?","?","?","E","R","M","T","?","R","M","$","M","R","B",null,"M","M","$","?","M","R","M","E","T","E","?","?","M","$","R","B",null,"R","$","E","B",null],"character_chosen":"BLACKBEARD_CLASS","items_purchased":["DemoMod:WhiteGuonStone","BelialBook","Strange Spoon","GuppysTail","Membership Card","TungstenRod","Panacea","ColorlessPotion"],"campfire_rested":2,"item_purchase_floors":[8,17,30,34,48,48,48,53],"current_hp_per_floor":[64,64,64,69,69,69,69,69,69,69,69,69,69,69,69,69,61,61,61,61,61,61,61,61,63,63,63,63,65,65,67,67,69,52,54,56,56,41,51,58,60,62,62,64,66,68,70,70,70,70,70,70,70,72,72],"gold":114,"neow_bonus":"THREE_ENEMY_KILL","is_daily":false,"chose_seed":false,"campfire_upgraded":5,"win_rate":0.0,"timestamp":1613484982,"path_taken":["M","$","M","?","M","R","E","?","T","E","M","$","M","E","R","BOSS","M","?","?","?","?","E","R","?","T","?","R","M","$","M","R","BOSS","M","M","$","?","M","R","M","E","T","E","?","?","M","$","R","BOSS","R","$","E","BOSS"],"items_purchased_type":["Relic","Relic","Relic","Relic","Relic","Relic","Card","Potion"],"build_version":"2020-12-22","purchased_purges":9,"victory":true,"max_hp_per_floor":[71,71,71,76,76,76,76,76,76,76,76,76,76,76,76,76,61,61,61,61,61,61,61,61,63,63,63,63,65,65,67,67,69,52,54,56,56,56,58,58,60,62,62,64,66,68,70,70,70,70,70,70,70,72,72],"card_choices":[{"not_picked":["blackbeard:Murder","blackbeard:CloakAndCannonball"],"picked":"Bomb","floor":1.0},{"not_picked":["blackbeard:Dagger","blackbeard:RearmingStrike"],"picked":"Bomb","floor":3.0},{"not_picked":["blackbeard:PirateHook","blackbeard:Sword","blackbeard:PiratesWill"],"picked":"SKIP","floor":5.0},{"not_picked":["blackbeard:FieryDefense","blackbeard:TacticalRetreat"],"picked":"blackbeard:CannonballSupply","floor":7.0},{"not_picked":["blackbeard:WiseDefense","blackbeard:CloakAndCannonball"],"picked":"blackbeard:Toast","floor":10.0},{"not_picked":["blackbeard:WiseDefense","blackbeard:Shrapnel"],"picked":"blackbeard:CaptainsHat","floor":11.0},{"not_picked":["blackbeard:SwordDance","blackbeard:BlindAttacks","blackbeard:DelayedPain"],"picked":"SKIP","floor":13.0},{"not_picked":["blackbeard:Anchor","blackbeard:Scrap","blackbeard:Sharpening"],"picked":"SKIP","floor":14.0},{"not_picked":["blackbeard:ReapersScythe","blackbeard:WeaponMastery"],"picked":"blackbeard:Intoxication","floor":16.0},{"not_picked":["blackbeard:SwordDance+1","blackbeard:ChaoticDefense","blackbeard:BlindAttacks"],"picked":"SKIP","floor":18.0},{"not_picked":["blackbeard:WeaponProficiency","blackbeard:WiseDefense"],"picked":"blackbeard:CannonBarrage+1","floor":23.0},{"not_picked":["blackbeard:WiseDefense","blackbeard:Upgrade","blackbeard:Revenge"],"picked":"Singing Bowl","floor":25.0},{"not_picked":["blackbeard:BlindAttacks","blackbeard:Eyepatch","blackbeard:Fencing"],"picked":"Singing Bowl","floor":29.0},{"not_picked":["blackbeard:CloakAndCannonball","blackbeard:BrownPants","blackbeard:Shrapnel"],"picked":"Singing Bowl","floor":31.0},{"not_picked":["blackbeard:HumongousCannonball","blackbeard:Murder","blackbeard:Intoxication"],"picked":"Singing Bowl","floor":33.0},{"not_picked":["blackbeard:DangerousBlow","blackbeard:GhostInTheRum","blackbeard:TerrorOfTheSeas"],"picked":"Singing Bowl","floor":35.0},{"not_picked":["blackbeard:WiseDefense","blackbeard:SwordDance","blackbeard:BlindAttacks"],"picked":"Singing Bowl","floor":36.0},{"not_picked":["blackbeard:Dagger","blackbeard:TacticalRetreat","blackbeard:VengefulSpirit"],"picked":"Singing Bowl","floor":39.0},{"not_picked":["blackbeard:Bandana","blackbeard:DeadlyArsenal+1","blackbeard:SwordDance"],"picked":"Singing Bowl","floor":41.0},{"not_picked":["blackbeard:PiratesWill","blackbeard:Toast","blackbeard:ChaoticDefense"],"picked":"Singing Bowl","floor":42.0},{"not_picked":["blackbeard:PiratesWill","blackbeard:Sword","blackbeard:Eyepatch"],"picked":"Singing Bowl","floor":44.0},{"not_picked":["blackbeard:RearmingStrike+1","blackbeard:Halberd","blackbeard:Dagger"],"picked":"Singing Bowl","floor":45.0},{"not_picked":["testmod-Recap","testmod-EternalityOfKhronos","Madness"],"picked":"Singing Bowl","floor":46.0},{"not_picked":["blackbeard:CloakAndCannonball","blackbeard:WiseDefense","blackbeard:GoldenDefense"],"picked":"Singing Bowl","floor":47.0},{"not_picked":["blackbeard:UndeadForm","blackbeard:Fencing","blackbeard:Revenge+1"],"picked":"Singing Bowl","floor":54.0}],"player_experience":1145820,"relics_obtained":[{"floor":7.0,"key":"SatanicBible"},{"floor":10.0,"key":"BookOfRevelations"},{"floor":14.0,"key":"Letter Opener"},{"floor":23.0,"key":"Singing Bowl"},{"floor":26.0,"key":"DemoMod:WeirdEgg"},{"floor":43.0,"key":"StrikeDummy"},{"floor":44.0,"key":"Art of War"},{"floor":45.0,"key":"MoneyPower"},{"floor":54.0,"key":"blackbeard:HipFlask"}],"event_choices":[{"damage_healed":0.0,"max_hp_gain":5.0,"max_hp_loss":0.0,"gold_gain":0.0,"event_name":"Big Fish","player_choice":"Donut","floor":4.0,"gold_loss":0.0,"damage_taken":0.0},{"damage_healed":0.0,"max_hp_gain":0.0,"max_hp_loss":0.0,"gold_gain":0.0,"event_name":"Accursed Blacksmith","player_choice":"Forge","floor":19.0,"gold_loss":0.0,"damage_taken":0.0,"cards_upgraded":["blackbeard:CannonballSupply"]},{"damage_healed":0.0,"max_hp_gain":0.0,"max_hp_loss":0.0,"gold_gain":0.0,"event_name":"Drug Dealer","player_choice":"Inject Mutagens","floor":20.0,"gold_loss":0.0,"damage_taken":0.0,"relics_obtained":["MutagenicStrength"]},{"damage_healed":0.0,"max_hp_gain":0.0,"max_hp_loss":0.0,"gold_gain":400.0,"event_name":"恩洛斯的盘子","player_choice":"Sell","floor":21.0,"relics_lost":["NeowsBlessing"],"gold_loss":0.0,"damage_taken":0.0},{"cards_removed":["blackbeard:BlackbeardDefend"],"damage_healed":0.0,"max_hp_gain":0.0,"max_hp_loss":0.0,"gold_gain":0.0,"event_name":"Beggar","player_choice":"Gave Gold","floor":27.0,"gold_loss":75.0,"damage_taken":0.0},{"damage_healed":0.0,"max_hp_gain":0.0,"max_hp_loss":0.0,"gold_gain":0.0,"event_name":"Mysterious Sphere","player_choice":"Fight","floor":45.0,"gold_loss":0.0,"damage_taken":0.0},{"damage_healed":0.0,"max_hp_gain":0.0,"max_hp_loss":0.0,"gold_gain":0.0,"event_name":"SensoryStone","player_choice":"Memory 1","floor":46.0,"gold_loss":0.0,"damage_taken":0.0}],"is_beta":false,"boss_relics":[{"not_picked":["Velvet Choker","Philosopher\u0027s Stone"],"picked":"DemoMod:WaxWing"},{"not_picked":[]},{"not_picked":["theSenshi:MoonKaleidoScopeRelic","Tiny House"],"picked":"testmod-DeterminationOfClimber"},{"not_picked":[]}],"items_purged_floors":[2,17,30,30,34,37,48,48,53],"is_endless":false,"potions_floor_spawned":[1,10,14,16,18,29,33,36,41,45,47],"ascension_level":15}}