{"host":"test","time":1613448886,"event":{"mods":["BaseMod","Colored Map","Colored Powertips","Minty Spire (QoL Compilation)","Relic Stats","Slay the Relics Exporter","SpireBot","StSLib","ojb\u0027s Better Paths Mod","ojb\u0027s Info Mod"],"gold_per_floor":[116,116,133,151,76,76,76,102,102,102,102],"floor_reached":10,"language":"JPN","playtime":343,"items_purged":[],"score":132,"play_id":"7ca24cf7-ca9e-4e66-a0bf-b125dbf4a805","local_time":"20210216131446","is_ascension_mode":true,"campfire_choices":[{"data":"A Thousand Cuts","floor":6.0,"key":"SMITH"}],"circlet_count":0,"master_deck":["AscendersBane","Strike_G","Strike_G","Strike_G","Strike_G","Defend_G","Defend_G","Defend_G","Defend_G","Survivor","Neutralize","A Thousand Cuts","Footwork","A Thousand Cuts+1","Cloak And Dagger","Blade Dance"],"relics":["Ring of the Snake","Singing Bowl","Blue Candle","InkBottle"],"acts_visited":["Exordium"],"potions_floor_usage":[10],"damage_taken":[{"damage":2.0,"enemies":"2 Louse","floor":1.0,"turns":4.0},{"damage":0.0,"enemies":"Cultist","floor":3.0,"turns":5.0},{"damage":3.0,"enemies":"Jaw Worm","floor":4.0,"turns":6.0},{"damage":5.0,"enemies":"Lagavulin","floor":8.0,"turns":8.0},{"damage":52,"enemies":"Gremlin Nob","floor":10,"turns":4}],"seed_played":"-7788487669075032369","potions_obtained":[{"floor":1.0,"key":"Regen Potion"}],"is_trial":false,"path_per_floor":["M","?","M","M","?","R","T","E","T","E"],"character_chosen":"THE_SILENT","items_purchased":[],"campfire_rested":0,"item_purchase_floors":[],"current_hp_per_floor":[42,42,42,39,39,39,39,34,34,0,0],"gold":102,"neow_bonus":"THREE_RARE_CARDS","is_daily":false,"chose_seed":true,"campfire_upgraded":1,"win_rate":0.0,"timestamp":1613448886,"path_taken":["M","?","?","M","?","R","?","E","T","E"],"items_purchased_type":[],"build_version":"2020-12-18","purchased_purges":0,"victory":false,"max_hp_per_floor":[66,66,66,66,66,66,66,66,66,66,66],"relic_stats":{"Singing Bowl":0,"counters":[5,27],"Blue Candle":[0],"obtain_stats":[{"Singing Bowl":7,"Blue Candle":8,"InkBottle":9,"Ring of the Snake":0},{"Singing Bowl":3,"Blue Candle":4,"InkBottle":4,"Ring of the Snake":0},{"Singing Bowl":15,"Blue Candle":23,"InkBottle":23,"Ring of the Snake":0}],"InkBottle":[1],"Ring of the Snake":[10]},"card_choices":[{"not_picked":["Night Terror","Bullet Time"],"picked":"A Thousand Cuts","floor":0.0},{"not_picked":["Cloak And Dagger","Slice"],"picked":"Footwork","floor":1.0},{"not_picked":["Bane","Dagger Spray"],"picked":"A Thousand Cuts","floor":3.0},{"not_picked":["Caltrops","Catalyst"],"picked":"Cloak And Dagger","floor":4.0},{"not_picked":["Setup","Bullet Time"],"picked":"Blade Dance","floor":8.0}],"player_experience":2052071,"relics_obtained":[{"floor":7.0,"key":"Singing Bowl"},{"floor":8.0,"key":"Blue Candle"},{"floor":9.0,"key":"InkBottle"}],"event_choices":[{"cards_removed":["Strike_G"],"damage_healed":0.0,"max_hp_gain":0.0,"max_hp_loss":0.0,"gold_gain":0.0,"event_name":"Bonfire Elementals","player_choice":"Offered Basic","floor":2.0,"gold_loss":0.0,"damage_taken":0.0},{"cards_removed":["Defend_G"],"damage_healed":0.0,"max_hp_gain":0.0,"max_hp_loss":0.0,"gold_gain":0.0,"event_name":"The Cleric","player_choice":"Card Removal","floor":5.0,"gold_loss":75.0,"damage_taken":0.0}],"is_beta":true,"boss_relics":[],"items_purged_floors":[],"is_endless":false,"potions_floor_spawned":[1],"killed_by":"Gremlin Nob","ascension_level":20}}