{"host":"uceopoba4zvqsgiy","time":1613483778,"event":{"mods":["2.2 Compatiblity","Act Like it!","BaseMod","Better Skull","Better Third Choice","Elementarium","Evolution","GifTheSpireLib","Hermit","Humility","Infinite Spire","Jorbs\u0027s Wanderer Trilogy","Marked Mod","Minty Spire (QoL Compilation)","Potionbrewer","Reliquary","Replay The Spire","Robot Space Explorer","Shade Mod","Spicy Shops","StS++","StSLib","Stuff the Spire","The Blue Laboratory","The Caster","The Cursed","The Dragon Tamer","The Dragonkin","The Hierophant","The Judge","The Jungle","TheSurvivalist","Wandering Minibosses"],"gold_per_floor":[109,123,134,32,45,45,45],"floor_reached":6,"language":"ENG","playtime":267,"items_purged":[],"score":38,"play_id":"5cf010e9-50ab-43f3-ac6a-a7d239c88ea7","local_time":"20210217002618","is_ascension_mode":false,"campfire_choices":[],"circlet_count":0,"master_deck":["hierophant:Strike_Hierophant","hierophant:Strike_Hierophant","hierophant:Strike_Hierophant","hierophant:Strike_Hierophant","hierophant:Punish","hierophant:Defend_Hierophant","hierophant:Defend_Hierophant","hierophant:Defend_Hierophant","hierophant:Defend_Hierophant","hierophant:ChurchCoffers","hierophant:Anathema","Injury","hierophant:HolyVerse","hierophant:Repentance"],"relics":["hierophant:PropheticMaskRelic","EVO:Axolotl","NeowsBlessing","Replay:Wax Seal"],"acts_visited":["Exordium"],"potions_floor_usage":[],"damage_taken":[{"damage":0,"enemies":"Cultist","floor":1,"turns":1},{"damage":0,"enemies":"Small Slimes","floor":2,"turns":1},{"damage":0,"enemies":"2 Louse","floor":3,"turns":1},{"damage":0,"enemies":"Lots of Slimes","floor":5,"turns":1},{"damage":75,"enemies":"Lagavulin","floor":6,"turns":7}],"seed_played":"-7225494530730867250","potions_obtained":[{"floor":3,"key":"blueLaboratory:LouseDecoction"},{"floor":5,"key":"CultistPotion"}],"is_trial":false,"path_per_floor":["M","M","M","$","M","E"],"character_chosen":"HIEROPHANT","items_purchased":["Replay:Wax Seal","hierophant:HolyVerse"],"campfire_rested":0,"item_purchase_floors":[4,4],"current_hp_per_floor":[75,75,75,75,75,0,0],"gold":45,"neow_bonus":"THREE_ENEMY_KILL","is_daily":false,"chose_seed":false,"campfire_upgraded":0,"win_rate":0.0,"timestamp":1613483778,"path_taken":["M","M","M","$","M","E"],"items_purchased_type":["Relic","Card"],"build_version":"2020-12-22","purchased_purges":0,"victory":false,"max_hp_per_floor":[75,75,75,75,75,75,75],"card_choices":[{"not_picked":["hierophant:Encroach","hierophant:Bribe","hierophant:HammerAndAnvil"],"picked":"SKIP","floor":1},{"not_picked":["hierophant:FieryStrike","hierophant:Alms"],"picked":"hierophant:Anathema","floor":2},{"not_picked":["hierophant:AuricBeam","hierophant:PassingBell","hierophant:RustyCrate"],"picked":"SKIP","floor":3},{"not_picked":["hierophant:DisplayOfPower","hierophant:Remorse"],"picked":"hierophant:Repentance","floor":5}],"player_experience":1835721,"relics_obtained":[],"event_choices":[],"is_beta":false,"boss_relics":[],"items_purged_floors":[],"is_endless":false,"potions_floor_spawned":[3,5],"killed_by":"Lagavulin","ascension_level":0,"is_humility":true}}