{"host":"yn1175etg9ni8l0q","time":1613486706,"event":{"mods":["AchievementEnabler","BaseMod","Colored Map","Colored Powertips","DeckTracker","Minty Spire (QoL Compilation)","Rare Cards Sparkle","Relic Stats","SuperFastMode","everything is the same but u backflip on backflip"],"gold_per_floor":[118,118,118,138,151,185,244,321,347,347,347,347,364,380,380,451,451,465,481,481,498,498,498],"floor_reached":22,"language":"KOR","playtime":504,"items_purged":[],"score":316,"play_id":"dd3c7d07-4e7c-42ef-875a-1c62b6d06123","local_time":"20210216234506","is_ascension_mode":true,"campfire_choices":[{"floor":12,"key":"REST"},{"data":"Armaments","floor":15,"key":"SMITH"}],"circlet_count":0,"master_deck":["AscendersBane","Strike_R","Strike_R","Strike_R","Strike_R","Strike_R","Defend_R","Defend_R","Defend_R","Defend_R","Bash","Demon Form+1","Whirlwind+1","Fire Breathing","Reaper","Carnage","Armaments+1","Uppercut","Offering","Seeing Red"],"relics":["Burning Blood","Akabeko","Dream Catcher","Oddly Smooth Stone","TungstenRod","StrikeDummy","Runic Cube","Nilry\u0027s Codex"],"acts_visited":["Exordium","TheCity"],"potions_floor_usage":[6,6,22],"damage_taken":[{"damage":5.0,"enemies":"2 Louse","floor":1.0,"turns":4.0},{"damage":6.0,"enemies":"Jaw Worm","floor":4.0,"turns":5.0},{"damage":6.0,"enemies":"Cultist","floor":5.0,"turns":3.0},{"damage":35,"enemies":"Gremlin Nob","floor":6,"turns":4},{"damage":16,"enemies":"Gremlin Nob","floor":7,"turns":3},{"damage":0,"enemies":"Large Slime","floor":13,"turns":4},{"damage":2,"enemies":"2 Fungi Beasts","floor":14,"turns":3},{"damage":29,"enemies":"Hexaghost","floor":16,"turns":8},{"damage":15,"enemies":"Chosen","floor":18,"turns":4},{"damage":20,"enemies":"2 Thieves","floor":19,"turns":3},{"damage":34,"enemies":"Centurion and Healer","floor":21,"turns":6},{"damage":33,"enemies":"Shelled Parasite and Fungi","floor":22,"turns":3}],"seed_played":"-4184894256524500670","potions_obtained":[{"floor":1.0,"key":"PowerPotion"},{"floor":3.0,"key":"Swift Potion"},{"floor":6,"key":"Ancient Potion"},{"floor":18,"key":"DuplicationPotion"},{"floor":21,"key":"Energy Potion"}],"is_trial":false,"path_per_floor":["M","?","?","M","M","E","?","?","T","?","T","R","M","M","R","B",null,"M","M","?","M","M"],"character_chosen":"IRONCLAD","items_purchased":[],"campfire_rested":1,"item_purchase_floors":[],"current_hp_per_floor":[68,54,54,54,54,25,15,15,15,8,8,28,34,38,38,39,61,63,49,37,33,0,0],"gold":498,"neow_bonus":"THREE_RARE_CARDS","is_daily":false,"chose_seed":false,"campfire_upgraded":1,"win_rate":0.0,"timestamp":1613486706,"path_taken":["M","?","?","M","?","E","?","?","T","?","?","R","?","M","R","BOSS","M","M","?","M","M"],"items_purchased_type":[],"build_version":"2020-12-22","purchased_purges":0,"victory":false,"max_hp_per_floor":[68,68,68,68,68,68,68,68,68,68,68,68,68,68,68,68,68,68,68,68,68,68,68],"relic_stats":{"Dream Catcher":1,"counters":[12,50],"obtain_stats":[{"Dream Catcher":7,"Nilry\u0027s Codex":20,"Oddly Smooth Stone":9,"StrikeDummy":11,"Burning Blood":0,"Akabeko":6,"TungstenRod":10,"Runic Cube":17},{"Dream Catcher":5,"Nilry\u0027s Codex":10,"Oddly Smooth Stone":5,"StrikeDummy":5,"Burning Blood":0,"Akabeko":4,"TungstenRod":5,"Runic Cube":8},{"Dream Catcher":19,"Nilry\u0027s Codex":41,"Oddly Smooth Stone":19,"StrikeDummy":19,"Burning Blood":0,"Akabeko":16,"TungstenRod":19,"Runic Cube":34}],"Burning Blood":65,"TungstenRod":30,"Runic Cube":[15]},"card_choices":[{"not_picked":["Feed","Double Tap"],"picked":"Demon Form","floor":0.0},{"not_picked":["Shockwave","Heavy Blade"],"picked":"Whirlwind","floor":1.0},{"not_picked":["Headbutt","Heavy Blade","Armaments"],"picked":"SKIP","floor":4.0},{"not_picked":["Rampage","Armaments"],"picked":"Fire Breathing","floor":5.0},{"not_picked":["Thunderclap","Warcry"],"picked":"Reaper","floor":6},{"not_picked":["Evolve","Flex"],"picked":"Carnage","floor":7},{"not_picked":["Metallicize","Heavy Blade"],"picked":"Armaments","floor":12},{"not_picked":["Dual Wield","Uppercut","Thunderclap"],"picked":"SKIP","floor":13},{"not_picked":["Dual Wield","Thunderclap"],"picked":"Uppercut","floor":13},{"not_picked":["Anger","Body Slam","Hemokinesis"],"picked":"SKIP","floor":14},{"not_picked":["Exhume","Demon Form"],"picked":"Offering","floor":16},{"not_picked":["Clash","Fire Breathing","Dual Wield"],"picked":"SKIP","floor":18},{"not_picked":["Feel No Pain","Body Slam","Rampage"],"picked":"SKIP","floor":19},{"not_picked":["Dark Embrace","Armaments"],"picked":"Seeing Red","floor":21}],"player_experience":387905,"relics_obtained":[{"floor":6,"key":"Akabeko"},{"floor":7,"key":"Dream Catcher"},{"floor":9,"key":"Oddly Smooth Stone"},{"floor":11,"key":"StrikeDummy"},{"floor":20,"key":"Nilry\u0027s Codex"}],"event_choices":[{"damage_healed":0.0,"max_hp_gain":0.0,"max_hp_loss":0.0,"gold_gain":0.0,"event_name":"Shining Light","player_choice":"Entered Light","floor":2.0,"gold_loss":0.0,"damage_taken":14.0,"cards_upgraded":["Whirlwind","Demon Form"]},{"damage_healed":0.0,"max_hp_gain":0.0,"max_hp_loss":0.0,"gold_gain":0.0,"event_name":"Lab","player_choice":"Got Potions","floor":3.0,"gold_loss":0.0,"damage_taken":0.0},{"damage_healed":0,"gold_gain":0,"player_choice":"Searched \u00271\u0027 times","damage_taken":0,"max_hp_gain":0,"max_hp_loss":0,"event_name":"Dead Adventurer","floor":7,"gold_loss":0},{"damage_healed":0,"gold_gain":77,"player_choice":"Gained Gold","damage_taken":0,"max_hp_gain":0,"max_hp_loss":0,"event_name":"Golden Wing","floor":8,"gold_loss":0},{"damage_healed":0,"gold_gain":0,"player_choice":"Success","damage_taken":7,"relics_obtained":["TungstenRod"],"max_hp_gain":0,"max_hp_loss":0,"event_name":"Scrap Ooze","floor":10,"gold_loss":0},{"damage_healed":0,"gold_gain":0,"player_choice":"Obtained Book","damage_taken":16,"max_hp_gain":0,"max_hp_loss":0,"event_name":"Cursed Tome","floor":20,"gold_loss":0}],"is_beta":false,"boss_relics":[{"not_picked":["Runic Pyramid","Cursed Key"],"picked":"Runic Cube"}],"items_purged_floors":[],"is_endless":false,"potions_floor_spawned":[1,4,6,18,21],"killed_by":"Shelled Parasite and Fungi","ascension_level":14}}