{"host":"lnnm69al9x392px5","time":1613459906,"event":{"mods":["BaseMod","Downfall","Minty Spire (QoL Compilation)","Reliquary","Replay The Spire","StSLib"],"gold_per_floor":[99,115,115,25,51,61,85,105,116,116,116,127,157,171,183,282,282,282,282,282,293,308,308,381,397,413,398,398,416,434,461,475,575,575,575,592,611,661,343,343,343,343],"floor_reached":40,"language":"ENG","playtime":1581,"items_purged":["downfall:Bewildered","Slimebound:Grow"],"score":437,"play_id":"e9e05c9c-c410-4752-b401-c6959124f997","local_time":"20210215231826","is_ascension_mode":false,"campfire_choices":[{"data":"Slimebound:CorrosiveSpit","floor":1,"key":"SMITH"},{"floor":35,"key":"RECALL"}],"circlet_count":0,"master_deck":["Slimebound:Tackle+1","Slimebound:Split+1","Slimebound:CorrosiveSpit+1","Slimebound:GoopTackle+1","Slimebound:SplitAcid","Slimebound:SplitMire","Slimebound:SlimeBarrage","Slimebound:DisruptingSlam+1","Slimebound:Teamwork","Slimebound:GoopSpray","Slimebound:Gluttony","Slimebound:Overexert","Slimebound:Grow","Slimebound:PressTheAttack","Slimebound:LevelUp+1","Slimebound:Equalize+1","Slimebound:SplitBruiser+1","Slimebound:OneTwoCombo","Slimebound:Tackle+1","Slimebound:Tackle+1","Slimebound:Tackle+1","Slimebound:FinishingTackle+1","Slimebound:SplitSpecialist","Slimebound:Equalize+1","Slimebound:SplitLeeching","Slimebound:SelfFormingGoo","Slimebound:ServeAndProtect","Slimebound:Chomp","Slimebound:SpikyOuterGoop","Slimebound:SplitBruiser+1","Slimebound:SlimeBrawl","Slimebound:PressTheAttack","Slimebound:SplitBruiser","Slimebound:OozeBath"],"relics":["Slimebound:AbsorbEndCombat","War Paint","reliquary:TatteredRug","Oddly Smooth Stone","Ring of Hypnosis","Ring of Fury","Nunchaku","Snecko Eye","reliquary:PrincelyHelmet","Whetstone","Pandora\u0027s Box","WingedGreaves","Blood Vial","HornCleat"],"acts_visited":["Exordium","TheCity","TheBeyond"],"potions_floor_usage":[15,22,30,33,40],"damage_taken":[{"damage":0,"enemies":"2 Louse","floor":2,"turns":2},{"damage":4,"enemies":"downfall:FleeingMerchant","floor":4,"turns":4},{"damage":4,"enemies":"Cultist","floor":6,"turns":3},{"damage":14,"enemies":"Jaw Worm","floor":8,"turns":2},{"damage":6,"enemies":"2 Fungi Beasts","floor":9,"turns":3},{"damage":2,"enemies":"Exordium Thugs","floor":12,"turns":3},{"damage":15,"enemies":"3 Sentries","floor":13,"turns":4},{"damage":9,"enemies":"Blue Slaver","floor":14,"turns":3},{"damage":3,"enemies":"3 Louse","floor":15,"turns":2},{"damage":55,"enemies":"DF_ARCHETYPE_STREAMLINE","floor":16,"turns":8},{"damage":26,"enemies":"downfall:LooterAlt2","floor":21,"turns":3},{"damage":15,"enemies":"3 Byrds","floor":22,"turns":3},{"damage":4,"enemies":"3 Cultists","floor":25,"turns":5},{"damage":0,"enemies":"Snecko","floor":26,"turns":3},{"damage":9,"enemies":"downfall:FleeingMerchant","floor":27,"turns":4},{"damage":7,"enemies":"Cultist and Chosen","floor":29,"turns":4},{"damage":8,"enemies":"Snake Plant","floor":30,"turns":4},{"damage":42,"enemies":"Book of Stabbing","floor":31,"turns":4},{"damage":15,"enemies":"Centurion and Healer","floor":32,"turns":3},{"damage":46,"enemies":"WA_ARCHETYPE_CALM","floor":33,"turns":8},{"damage":32,"enemies":"Orb Walker","floor":36,"turns":4},{"damage":13,"enemies":"3 Shapes","floor":37,"turns":7},{"damage":9,"enemies":"3 Shapes","floor":38,"turns":2},{"damage":16,"enemies":"downfall:FleeingMerchant","floor":39,"turns":4},{"damage":12,"enemies":"Giant Head","floor":40,"turns":1}],"seed_played":"5882056242127405005","potions_obtained":[{"floor":2,"key":"Block Potion"},{"floor":9,"key":"FairyPotion"},{"floor":12,"key":"FairyPotion"},{"floor":15,"key":"Fire Potion"},{"floor":16,"key":"Weak Potion"},{"floor":20,"key":"CultistPotion"},{"floor":22,"key":"SkillPotion"},{"floor":32,"key":"Energy Potion"},{"floor":37,"key":"Slimebound:SlimyTonguePotion"}],"is_trial":false,"path_per_floor":["R","M","?","$","T","M","T","M","M","?","?","M","E","M","M","B",null,"R","?","?","M","M","?","T","M","M","$","?","M","M","E","M","B",null,"R","M","M","?","$","E"],"character_chosen":"SLIMEBOUND","items_purchased":["Blood Vial","HornCleat","Slimebound:OozeBath"],"campfire_rested":0,"item_purchase_floors":[39,39,39],"current_hp_per_floor":[65,65,65,65,65,63,63,53,49,49,49,53,44,37,34,6,65,65,54,54,32,19,19,19,23,25,28,28,35,35,28,25,11,70,70,44,33,24,10,0,0,0],"gold":343,"neow_bonus":"RANDOM_COMMON_RELIC","is_daily":false,"chose_seed":false,"campfire_upgraded":1,"win_rate":0.0,"timestamp":1613459906,"path_taken":["R","M","?","$","?","M","T","M","M","?","?","M","E","?","M","BOSS","R","?","?","?","M","?","T","M","M","$","?","M","M","E","M","BOSS","R","M","M","?","$","E"],"items_purchased_type":["Relic","Relic","Card"],"build_version":"2020-12-22","purchased_purges":2,"victory":false,"max_hp_per_floor":[65,65,65,65,65,65,65,65,65,65,65,65,65,65,65,65,65,65,70,70,70,70,70,70,70,70,70,70,70,70,70,70,70,70,70,70,70,70,70,70,70,70],"card_choices":[{"not_picked":["Slimebound:LeechEnergy","Slimebound:GoopSpray"],"picked":"Slimebound:GoopTackle","floor":2},{"not_picked":["Slimebound:LivingWall","Slimebound:ServeAndProtect"],"picked":"Slimebound:SplitAcid","floor":4},{"not_picked":["Slimebound:LeechingTouch","Slimebound:Schlurp"],"picked":"Slimebound:SplitMire","floor":6},{"not_picked":["Slimebound:DivideAndConquer","Slimebound:Nibble"],"picked":"Slimebound:SlimeBarrage","floor":8},{"not_picked":["Slimebound:GoopSpray","Slimebound:ComboTackle"],"picked":"Slimebound:DisruptingSlam","floor":9},{"not_picked":["Slimebound:SplitMire","Slimebound:PressTheAttack"],"picked":"Slimebound:Teamwork","floor":12},{"not_picked":["Slimebound:RainOfGoop","Slimebound:ItLooksTasty"],"picked":"Slimebound:GoopSpray","floor":13},{"not_picked":["Slimebound:SplitBruiser","Slimebound:BestDefense"],"picked":"Slimebound:Gluttony","floor":14},{"not_picked":["Slimebound:LeechEnergy","Slimebound:ComboTackle","Slimebound:FinishingTackle"],"picked":"SKIP","floor":15},{"not_picked":["Slimebound:Teamwork","Slimebound:DouseInSlime"],"picked":"Slimebound:Overexert","floor":16},{"not_picked":["Slimebound:FinishingTackle","Slimebound:Schlurp+1"],"picked":"Slimebound:PressTheAttack","floor":21},{"not_picked":["Slimebound:SlimeSpikes","Slimebound:SamplingLick"],"picked":"Slimebound:LevelUp+1","floor":22},{"not_picked":["Slimebound:SplitBruiser","Slimebound:SplitLeeching"],"picked":"Slimebound:Equalize","floor":25},{"not_picked":["Slimebound:PressTheAttack","Slimebound:Recollect"],"picked":"Slimebound:SplitBruiser+1","floor":26},{"not_picked":["Slimebound:GoopTackle","Slimebound:GrowthPunch+1"],"picked":"Slimebound:OneTwoCombo","floor":27},{"not_picked":["Slimebound:LeechEnergy+1","Slimebound:Nibble"],"picked":"Slimebound:FinishingTackle+1","floor":29},{"not_picked":["Slimebound:GoopSpray+1","Slimebound:MegaLick"],"picked":"Slimebound:SplitSpecialist","floor":30},{"not_picked":["Slimebound:SlimeBarrage+1","Slimebound:LeechEnergy+1"],"picked":"Slimebound:Equalize+1","floor":31},{"not_picked":["Slimebound:SlimeSpikes","Slimebound:RollThrough"],"picked":"Slimebound:SplitLeeching","floor":32},{"not_picked":["Slimebound:DouseInSlime","Slimebound:PrepareCrush"],"picked":"Slimebound:SelfFormingGoo","floor":33},{"not_picked":["Slimebound:LeadByExample+1","Slimebound:SplitMire"],"picked":"Slimebound:SplitBruiser+1","floor":36},{"not_picked":["Slimebound:DisruptingSlam","Slimebound:SplitMire"],"picked":"Slimebound:SlimeBrawl","floor":37},{"not_picked":["Slimebound:Prepare","Slimebound:SlimeSpikes+1"],"picked":"Slimebound:PressTheAttack","floor":38},{"not_picked":["Slimebound:GoopSpray","Slimebound:Grow+1"],"picked":"Slimebound:SplitBruiser","floor":39}],"player_experience":309017,"relics_obtained":[{"floor":5,"key":"reliquary:TatteredRug"},{"floor":7,"key":"Oddly Smooth Stone"},{"floor":10,"key":"Ring of Hypnosis"},{"floor":10,"key":"Ring of Fury"},{"floor":13,"key":"Nunchaku"},{"floor":24,"key":"reliquary:PrincelyHelmet"},{"floor":31,"key":"Whetstone"},{"floor":38,"key":"WingedGreaves"}],"event_choices":[],"is_beta":false,"boss_relics":[{"not_picked":["Replay:Ancient Bell","Coffee Dripper"],"picked":"Snecko Eye"},{"not_picked":["reliquary:KinkedSpring","Philosopher\u0027s Stone"],"picked":"Pandora\u0027s Box"}],"items_purged_floors":[4,39],"is_endless":false,"potions_floor_spawned":[2,9,12,15,16,22,29,32,37],"killed_by":"Giant Head","ascension_level":0}}