{"host":"c6u7e77myxvw4d0m","time":1613459192,"event":{"mods":["AchievementEnabler","BaseMod","Bestiary","Colored Map","Colored Powertips","Minty Spire (QoL Compilation)","Rare Cards Sparkle","Relic Stats","everything is the same but u backflip on backflip"],"gold_per_floor":[115,129,149,149,161,161,126,9,9,24,24,49,68,83,83,83,83],"floor_reached":16,"language":"ENG","playtime":1098,"items_purged":[],"score":208,"play_id":"40669baf-be85-4265-8ad2-c62342cfc3b0","local_time":"20210216090632","is_ascension_mode":true,"campfire_choices":[{"data":"Neutralize","floor":6,"key":"SMITH"},{"data":"Noxious Fumes","floor":11,"key":"SMITH"},{"data":"Crippling Poison","floor":15,"key":"SMITH"}],"circlet_count":0,"master_deck":["AscendersBane","Strike_G","Strike_G","Strike_G","Strike_G","Strike_G","Defend_G","Defend_G","Defend_G","Defend_G","Defend_G","Survivor","Neutralize+1","Bouncing Flask","Backstab","Noxious Fumes+1","Poisoned Stab","Calculated Gamble","Footwork","Crippling Poison+1","Deadly Poison","Caltrops","PiercingWail"],"relics":["Coffee Dripper","Question Card","Letter Opener"],"acts_visited":["Exordium"],"potions_floor_usage":[14,16],"damage_taken":[{"damage":6,"enemies":"Jaw Worm","floor":1,"turns":6},{"damage":3,"enemies":"Cultist","floor":2,"turns":4},{"damage":0,"enemies":"2 Louse","floor":3,"turns":1},{"damage":6,"enemies":"Exordium Wildlife","floor":5,"turns":5},{"damage":0,"enemies":"Gremlin Gang","floor":10,"turns":5},{"damage":10,"enemies":"3 Sentries","floor":12,"turns":6},{"damage":9,"enemies":"Lots of Slimes","floor":13,"turns":3},{"damage":2,"enemies":"Exordium Thugs","floor":14,"turns":3},{"damage":35,"enemies":"The Guardian","floor":16,"turns":5}],"seed_played":"-4969465902797050302","potions_obtained":[{"floor":2,"key":"Energy Potion"},{"floor":12,"key":"Energy Potion"},{"floor":13,"key":"Explosive Potion"}],"is_trial":false,"path_per_floor":["M","M","M","?","M","R","?","$","T","M","R","E","M","M","R","B"],"character_chosen":"THE_SILENT","items_purchased":["Calculated Gamble","Footwork"],"campfire_rested":0,"item_purchase_floors":[8,8],"current_hp_per_floor":[53,50,50,45,39,39,55,55,55,55,55,45,36,34,34,0,0],"gold":83,"neow_bonus":"BOSS_RELIC","is_daily":false,"chose_seed":false,"campfire_upgraded":3,"win_rate":0.0,"timestamp":1613459192,"path_taken":["M","M","M","?","M","R","?","$","T","M","R","E","M","M","R","BOSS"],"items_purchased_type":["Card","Card"],"build_version":"2020-12-22","purchased_purges":0,"victory":false,"max_hp_per_floor":[66,66,66,66,66,66,66,66,66,66,66,66,66,66,66,66,66],"relic_stats":{"counters":[9,38],"Letter Opener":[23],"Question Card":4,"obtain_stats":[{"Coffee Dripper":0,"Letter Opener":12,"Question Card":9,"Ring of the Snake":0},{"Coffee Dripper":0,"Letter Opener":6,"Question Card":4,"Ring of the Snake":0},{"Coffee Dripper":0,"Letter Opener":27,"Question Card":16,"Ring of the Snake":0}]},"card_choices":[{"not_picked":["Backflip","Choke"],"picked":"Bouncing Flask","floor":1},{"not_picked":["Well Laid Plans","All Out Attack"],"picked":"Backstab","floor":2},{"not_picked":["Cloak And Dagger","Bouncing Flask"],"picked":"Noxious Fumes","floor":3},{"not_picked":["Slice","Prepared"],"picked":"Poisoned Stab","floor":5},{"not_picked":["Blade Dance","Footwork","Bouncing Flask"],"picked":"Crippling Poison","floor":10},{"not_picked":["Blade Dance","Outmaneuver","Infinite Blades"],"picked":"Deadly Poison","floor":12},{"not_picked":["Quick Slash","Sucker Punch","Setup"],"picked":"Caltrops","floor":13},{"not_picked":["Masterful Stab","Sucker Punch","Blade Dance"],"picked":"PiercingWail","floor":14}],"player_experience":816570,"relics_obtained":[{"floor":9,"key":"Question Card"},{"floor":12,"key":"Letter Opener"}],"event_choices":[{"damage_healed":0,"gold_gain":0,"player_choice":"Fled","damage_taken":5,"max_hp_gain":0,"max_hp_loss":0,"event_name":"Scrap Ooze","floor":4,"gold_loss":0},{"damage_healed":16,"gold_gain":0,"player_choice":"Healed","damage_taken":0,"max_hp_gain":0,"max_hp_loss":0,"event_name":"The Cleric","floor":7,"gold_loss":35}],"is_beta":false,"boss_relics":[],"items_purged_floors":[],"is_endless":false,"potions_floor_spawned":[2,12,13],"killed_by":"The Guardian","ascension_level":20}}