{"host":"wiklm0ris9r5unvo","time":1613447529,"event":{"mods":["100% Spire Juice","Act Like it!","Alarm Clock","Arknights","BaseMod","Better Vampires","Dota2Spire","Gensokyo","KinomotoSakuraMod(Ä¾Ö®±¾Ó£)","Koishi","Luminous","Marisa£¨ìFÓê¡¡Ä§ÀíÉ³£©","Marked Mod","Minty Spire (QoL Compilation)","MostiFishMod","Prisma Mod","Railgun Mod","Reimu£¨²©ÀöÁéÃÎ£©","Remilia£¨ÀÙÃ×ÀòÑÇ£©","RumiaBox-Â¶Ã×æ«µÄÉñÃØºÐ×Ó","StSLib","Td1madao Mod","The Alterego","The Bug Knight","The Fake Hero","The Gatherer","The Servant 0.9.4","Waifu the Spire","WarShipGirlsR/Õ½½¢ÉÙÅ®R mod","Yakumo Yukari mod","Youmu£¨»êÆÇÑýÃÎ£©","Yuyuko","[IsaacMod]ÒÔÈö¼âËþ","noobMod","¡¾¹¦ÄÜMod¡¿»ìãçÖ®»·ÐÞ¸´²¹¶¡","¡¾ÒÅÎï¿¨ÅÆ¡¿REMEMod","óô»ðÖ¸ÄÏ"],"gold_per_floor":[114,122,8,8,8,38,38,38,38,68,83,83,83,113,113,213,213,228,248,248,248,263,263,293,293,318,348,363,378,420,432,444,556,568,595,147,162,162,162,192,207,222,222,92,92,92,122,122,122,122],"floor_reached":51,"language":"ZHS","playtime":1632,"items_purged":["PrismaMod:MiyuCommonDefend"],"score":1304,"play_id":"95b57714-2abf-4b0c-94af-bf20e8113092","local_time":"20210216115208","daily_mods":["Specialized","Vintage","Lethality"],"is_ascension_mode":false,"campfire_choices":[{"data":"PrismaMod:MiyuUberAOEAttack","floor":7,"key":"SMITH"},{"data":"PrismaMod:MiyuUberAOEAttack","floor":12,"key":"SMITH"},{"data":"PrismaMod:MiyuUncommonDefend","floor":15,"key":"SMITH"},{"data":"PrismaMod:MiyuUncommonDefend","floor":23,"key":"SMITH"},{"data":"PrismaMod:MiyuUncommonDefend","floor":25,"key":"SMITH"},{"data":"PrismaMod:MiyuUncommonDefend","floor":32,"key":"SMITH"},{"data":"PrismaMod:MiyuUncommonDexBuff","floor":45,"key":"SMITH"},{"data":"PrismaMod:IllyaCarnivalOrbs","floor":49,"key":"SMITH"}],"circlet_count":0,"master_deck":["PrismaMod:MiyuCommonDefend","PrismaMod:MiyuCommonDefend","PrismaMod:MiyuCommonDefend","PrismaMod:MiyuCommonDefend","PrismaMod:MiyuCommonAttack","PrismaMod:MiyuCommonAttack","PrismaMod:MiyuCommonAttack","PrismaMod:MiyuCommonAttack","PrismaMod:MiyuCommonAttack","PrismaMod:MiyuCheapChannelAttack","PrismaMod:MiyuCheapChannelDefend","PrismaMod:MiyuUncommonDefend+1","PrismaMod:MiyuUncommonDefend+1","PrismaMod:MiyuUncommonDefend","PrismaMod:MiyuUncommonDefend+1","PrismaMod:MiyuUncommonDefend+1","PrismaMod:IllyaCarnivalOrbs+1","PrismaMod:MiyuUberAOEAttack+1","PrismaMod:MiyuUncommonDexBuff+1","PrismaMod:MiyuMaid+1","Writhe","Doubt","Gensokyo:DepletedGenerator","Gensokyo:Shovel","Gensokyo:ScrapIron"],"relics":["PrismaMod:PrismaSapphire","HushsDoor","ice","DaveBox","REME_ComplimentaryCards","ExusiaiGun","MoneyPower","Bag of Preparation","SynthV:TestCard","Baka2","DoctorsRemote","HowToJump","TheBean","Blood Vial","DaCapo","Pen Nib","Happy Flower","Bronze Scales","MagicMushroom","ChaoDraw","Dota2Spire:PowerTreads","Anchor","Gensokyo:ConquerorOfFear","HollowMod:PaleOreRelic","PreservedInsect","The Courier","Mastiff:ReiMu","Dota2Spire:CrimsonGuard","Dota2Spire:Vanguard","MawBank","Art of War","REME_LowDesire","Strawberry","Akabeko","Pear","D6","Ornamental Fan","Letter Opener","Darkstone Periapt","Damocles","Bottled Flame","SharpPlug","Pantograph","Question Card","ArrowTower","PureWhite:ReiMu","MagicDraw1","Juzu Bracelet","Nunchaku"],"acts_visited":["Exordium","Gensokyo:Gensokyo","Gensokyo:Gensokyoer"],"potions_floor_usage":[],"damage_taken":[{"damage":9,"enemies":"Gensokyo:2_Kodama","floor":1,"turns":5},{"damage":0,"enemies":"Gensokyo:Gryphon","floor":2,"turns":1},{"damage":0,"enemies":"Gensokyo:Mamizou","floor":6,"turns":1},{"damage":25,"enemies":"Gensokyo:Cirno","floor":10,"turns":5},{"damage":2,"enemies":"Gensokyo:Python","floor":11,"turns":1},{"damage":0,"enemies":"Gensokyo:Aya","floor":14,"turns":2},{"damage":0,"enemies":"Gensokyo:Reimu","floor":16,"turns":2},{"damage":0,"enemies":"Gensokyo:Chomper","floor":18,"turns":2},{"damage":0,"enemies":"Gensokyo:AngelMirror","floor":19,"turns":1},{"damage":5,"enemies":"Gensokyo:Slime_Group","floor":22,"turns":3},{"damage":0,"enemies":"Gensokyo:Koishi","floor":24,"turns":2},{"damage":0,"enemies":"Gensokyo:Reisen","floor":27,"turns":2},{"damage":0,"enemies":"Gensokyo:3_Gloops","floor":28,"turns":2},{"damage":0,"enemies":"Gensokyo:Monolith_and_Dog","floor":29,"turns":2},{"damage":0,"enemies":"Gensokyo:Tenshi","floor":30,"turns":1},{"damage":0,"enemies":"Gensokyo:Eternal_Rivals","floor":33,"turns":4},{"damage":0,"enemies":"Gensokyo:3_Boulders","floor":35,"turns":1},{"damage":0,"enemies":"Gensokyo:3_Bats","floor":37,"turns":2},{"damage":0,"enemies":"Gensokyo:3_Bats","floor":39,"turns":3},{"damage":0,"enemies":"Gensokyo:Kasen","floor":40,"turns":1},{"damage":0,"enemies":"Gensokyo:3_Boulders","floor":41,"turns":1},{"damage":0,"enemies":"Gensokyo:SeedOfUnknown","floor":42,"turns":2},{"damage":0,"enemies":"Gensokyo:Marisa","floor":47,"turns":2},{"damage":0,"enemies":"Gensokyo:Yuyuko","floor":50,"turns":1}],"seed_played":"2711566965655028651","potions_obtained":[{"floor":1,"key":"Energy Potion"},{"floor":6,"key":"AttackPotion"},{"floor":11,"key":"Dota2Spire:Clarity"},{"floor":35,"key":"ZuzhouPotion:ReiMu"}],"is_trial":false,"path_per_floor":["M","M","COS","?","$","E","R","?","T","E","M","R","?","E","R","B",null,"M","M","?","T","M","R","E","R","T","E","M","M","E","?","R","B",null,"M","$","M","?","?","E","M","M","T","COS","R","?","E","?","R","B",null],"character_chosen":"MIYU","items_purchased":["Ornamental Fan","Letter Opener"],"campfire_rested":0,"item_purchase_floors":[36,36],"current_hp_per_floor":[66,66,66,66,66,66,66,66,66,41,41,41,41,43,43,45,82,82,67,67,67,65,65,68,68,68,71,74,77,79,79,79,82,98,108,108,108,65,65,67,69,90,90,90,90,90,93,93,93,93],"gold":122,"neow_bonus":"","is_daily":true,"chose_seed":false,"campfire_upgraded":8,"win_rate":0.0,"timestamp":1613447528,"path_taken":["M","M","COS","?","$","E","R","?","T","E","M","R","?","E","R","BOSS","M","?","?","?","M","R","E","R","T","E","?","M","E","?","R","BOSS","M","$","M","?","?","E","M","?","T","COS","R","?","E","?","R","BOSS"],"items_purchased_type":["Relic","Relic"],"build_version":"2020-12-22","purchased_purges":1,"victory":true,"max_hp_per_floor":[75,75,75,75,75,75,75,75,75,75,75,75,75,75,75,75,82,82,91,91,91,91,91,91,91,91,91,91,91,91,91,91,91,98,108,108,108,108,108,108,108,114,114,114,114,114,114,114,114,114],"card_choices":[{"not_picked":[],"picked":"ChaosCard","floor":0},{"not_picked":["PrismaMod:MiyuUncommonAttack","PrismaMod:MiyuEvokeBuffStr","PrismaMod:MiyuUncommonAOEAttack","PrismaMod:MiyuAttackChannelWeak"],"picked":"PrismaMod:MiyuUberAOEAttack","floor":4},{"not_picked":["PrismaMod:MiyuUncommonAttack","PrismaMod:MiyuCheapEvoke","PrismaMod:MiyuCheapDexBuff","PrismaMod:MiyuCheapChannelVul"],"picked":"PrismaMod:MiyuUberAOEAttack","floor":6},{"not_picked":["PrismaMod:MiyuCarnivalDefend","PrismaMod:MiyuUncommonAOEAttack","PrismaMod:MiyuEvokeAll","PrismaMod:MiyuCheapChannelAttack","PrismaMod:MiyuChristmas"],"picked":"SKIP","floor":10},{"not_picked":["PrismaMod:MiyuAttackChannelWeak","PrismaMod:MiyuUncommonAttack","PrismaMod:MiyuEvokeCheapDefend","PrismaMod:MiyuChannelAttackEvoke"],"picked":"PrismaMod:MiyuUncommonDexBuff","floor":14},{"not_picked":["PrismaMod:MiyuEvokeAll","PrismaMod:MiyuUberAttack","PrismaMod:MiyuCheapEvoke","PrismaMod:MiyuAttackChannelVul","PrismaMod:MiyuCommonAOEAttack"],"picked":"SKIP","floor":24},{"not_picked":["PrismaMod:MiyuCheapChannelHeal","PrismaMod:MiyuCheapAttack2","PrismaMod:MiyuEvokeBuffStr","PrismaMod:MiyuAttackChannelWeak"],"picked":"PrismaMod:MiyuMaid+1","floor":27},{"not_picked":["PrismaMod:MiyuUberDefend","PrismaMod:MiyuEvokeCheapDefend","PrismaMod:MiyuCheapChannelVul","PrismaMod:MiyuUberAOEAttack+1","PrismaMod:MiyuCheapEvoke"],"picked":"SKIP","floor":30},{"not_picked":["PrismaMod:MiyuCheapChannelAttack","PrismaMod:MiyuCheapDefend1","PrismaMod:MiyuDefendChannelDefend","PrismaMod:MiyuDevil","PrismaMod:MiyuDefenseRemoval+1","Trip+1"],"picked":"SKIP","floor":40},{"not_picked":["PrismaMod:MiyuCheapChannelWeak","PrismaMod:MiyuCheapChannelVul+1","PrismaMod:MiyuCheapChannelDefend+1","PrismaMod:MiyuCheapChannelHeal+1","PrismaMod:MiyuAttackChannelWeak","PrismaMod:MiyuEvokeAll+1","Chrysalis"],"picked":"SKIP","floor":47}],"player_experience":113836,"relics_obtained":[{"floor":1,"key":"Bag of Preparation"},{"floor":1,"key":"SynthV:TestCard"},{"floor":1,"key":"Baka"},{"floor":2,"key":"Baka2"},{"floor":2,"key":"DoctorsRemote"},{"floor":6,"key":"HowToJump"},{"floor":9,"key":"TheBean"},{"floor":10,"key":"DaCapo"},{"floor":11,"key":"Pen Nib"},{"floor":14,"key":"Bronze Scales"},{"floor":18,"key":"Dota2Spire:PowerTreads"},{"floor":19,"key":"Anchor"},{"floor":21,"key":"HollowMod:PaleOreRelic"},{"floor":22,"key":"Gensokyo:ConquerorOfFear"},{"floor":22,"key":"PreservedInsect"},{"floor":24,"key":"The Courier"},{"floor":26,"key":"Mastiff:ReiMu"},{"floor":27,"key":"Dota2Spire:CrimsonGuard"},{"floor":28,"key":"Dota2Spire:Vanguard"},{"floor":29,"key":"MawBank"},{"floor":30,"key":"Art of War"},{"floor":34,"key":"Strawberry"},{"floor":34,"key":"Akabeko"},{"floor":35,"key":"Pear"},{"floor":35,"key":"D6"},{"floor":37,"key":"Darkstone Periapt"},{"floor":40,"key":"Bottled Flame"},{"floor":40,"key":"SharpPlug"},{"floor":41,"key":"Pantograph"},{"floor":41,"key":"Question Card"},{"floor":42,"key":"ArrowTower"},{"floor":42,"key":"PureWhite:ReiMu"},{"floor":43,"key":"MagicDraw1"},{"floor":47,"key":"Juzu Bracelet"},{"floor":47,"key":"Nunchaku"}],"event_choices":[],"is_beta":false,"boss_relics":[{"not_picked":["Astrolabe","Coffee Dripper"],"picked":"MagicMushroom"},{"not_picked":[]},{"not_picked":["JellyFishMachine","FixedStarFall"],"picked":"REME_LowDesire"},{"not_picked":[]}],"items_purged_floors":[36],"is_endless":false,"potions_floor_spawned":[1,6,11,24,29,33,35,47],"ascension_level":0}}