{"host":"leop","time":1613495097,"event":{"mods":["ATMod(°¢èªMod)","Act Like it!","BaseMod","Conspire","GifTheSpireLib","Luminous","Minty Spire (QoL Compilation)","MostiFishMod","Quick Restart","Reliquary","Shop Mod","Spicy Shops","StSLib","TestMod","[IsaacMod]ÒÔÈö¼âËþ","noobMod","¡¾ÒÅÎï¿¨ÅÆ¡¿REMEMod"],"gold_per_floor":[119,194,221,221,221,265,296,345,345,395,242,284,331,354,354,456,456,486,536,579,588,612,612,604,642,642,666,700,740,796,796,796,911,928,941,950,950,950,975,1011,1060,1060,1060,1073,1073,1104,1140,1185,1185,1185,1192,1192,1192,146,185,185,185],"floor_reached":56,"language":"ZHS","playtime":2936,"items_purged":["Halt+1","InnerPeace","SuicideKing","Evaluate+1"],"score":3108,"play_id":"c1ad890a-07e0-480a-b32a-cdeb2a1bbaef","local_time":"20210217010457","daily_mods":["SealedDeck","Heirloom","Time Dilation","Flight","DeadlyEvents","Lethality"],"is_ascension_mode":true,"campfire_choices":[{"floor":15.0,"key":"RECALL"},{"data":"Tantrum","floor":23.0,"key":"SMITH"},{"floor":32.0,"key":"REST"},{"data":"Fasting2","floor":42,"key":"SMITH"},{"data":"Fasting2+1","floor":49,"key":"SMITH"},{"data":"Fasting2+2","floor":53,"key":"SMITH"}],"circlet_count":0,"master_deck":["AscendersBane","Collect+1","FearNoEvil+1","ClearTheMind+1","TalkToTheHand+1","TalkToTheHand+1","AT_PowerWithin+1","Establishment+1","DeusExMachina+1","LessonLearned+1","InnerPeace+1","Tantrum+1","TalkToTheHand+1","FlurryOfBlows+1","Scrawl+1","Fasting2+3","Madness+1","Madness+1","Wallop+1","AT_ChampionStep"],"relics":["PureWater","AT_ATBox","DaveBox","testmod-TestBox","HushsDoor","ice","REME_ComplimentaryCards","Dead Branch","SharpPlug","Medical Kit","SynthV:TestCard","PreservedInsect","Golden Idol","reliquary:Stiletto","CeramicFish","Happy Flower","UnicornStump","AT_Kusabimaru","Unceasing Top","testmod-NegativeEmotionEnhancer","DiscerningMonocle","MerchantsRug","testmod-BouquetWithThorns","Lantern","Molten Egg 2","Shuriken","Technique","reliquary:BoilingFlask","TheBean","TheBible","conspire:Dentures","TheAbacus","Art of War","Bag of Marbles","reliquary:RedPaperclip","reliquary:Bookmark","Question Card","testmod-LifeArmor","Toy Ornithopter","Melange","conspire:InfiniteJournal","ClockworkSouvenir","reliquary:IvoryTrinket","Pen Nib","conspire:GlowingRock","testmod-BalancedPeriapt","testmod-Justice","AT_ArchangelStaff","Civilization","Damaru","Damocles","Regal Pillow","AT_ForceNature","DeathBook","AT_BellDemon","reliquary:Sod","Nunchaku","Blood Vial","SynthV:MejaisSoulstealer","conspire:TopHat","Mummified Hand","reliquary:IridiumChain"],"acts_visited":["Exordium","TheCity","TheBeyond","TheEnding"],"potions_floor_usage":[40,40],"damage_taken":[{"damage":5.0,"enemies":"Jaw Worm","floor":1.0,"turns":2.0},{"damage":0.0,"enemies":"conspire:MimicChest","floor":3.0,"turns":2.0},{"damage":11.0,"enemies":"3 Sentries","floor":6.0,"turns":2.0},{"damage":0.0,"enemies":"Gremlin Nob","floor":7.0,"turns":2.0},{"damage":0.0,"enemies":"Lagavulin","floor":8.0,"turns":2.0},{"damage":0.0,"enemies":"Gremlin Nob","floor":10.0,"turns":2.0},{"damage":0.0,"enemies":"3 Sentries","floor":12.0,"turns":2.0},{"damage":0.0,"enemies":"Lagavulin","floor":13.0,"turns":5.0},{"damage":0.0,"enemies":"2 Louse","floor":14.0,"turns":1.0},{"damage":28.0,"enemies":"Hexaghost","floor":16.0,"turns":5.0},{"damage":5.0,"enemies":"Chosen","floor":18.0,"turns":2.0},{"damage":0.0,"enemies":"Gremlin Leader","floor":20.0,"turns":1.0},{"damage":0.0,"enemies":"3 Byrds","floor":22.0,"turns":3.0},{"damage":2.0,"enemies":"Slavers","floor":25.0,"turns":2.0},{"damage":0.0,"enemies":"Snecko","floor":27.0,"turns":2.0},{"damage":0.0,"enemies":"Gremlin Leader","floor":29.0,"turns":2.0},{"damage":0.0,"enemies":"Slavers","floor":30.0,"turns":2.0},{"damage":0.0,"enemies":"conspire:MysteriousRune","floor":33.0,"turns":5.0},{"damage":0,"enemies":"3 Darklings","floor":35,"turns":1},{"damage":0,"enemies":"Reptomancer","floor":40,"turns":1},{"damage":7,"enemies":"Nemesis","floor":41,"turns":3},{"damage":0,"enemies":"Orb Walker","floor":44,"turns":3},{"damage":0,"enemies":"Mind Bloom Boss Battle","floor":46,"turns":1},{"damage":0,"enemies":"Giant Head","floor":47,"turns":2},{"damage":0,"enemies":"Nemesis","floor":48,"turns":1},{"damage":0,"enemies":"conspire:OrnateMirror","floor":50,"turns":1},{"damage":22,"enemies":"Time Eater","floor":51,"turns":2},{"damage":0,"enemies":"Shield and Spear","floor":55,"turns":2},{"damage":25,"enemies":"Delirium","floor":56,"turns":3}],"seed_played":"-7227646631240625685","potions_obtained":[{"floor":1.0,"key":"PowerPotion"},{"floor":10.0,"key":"SpeedPotion"},{"floor":41,"key":"Weak Potion"},{"floor":48,"key":"SteroidPotion"}],"is_trial":true,"path_per_floor":["M","?","?","?","?","E","E","E","T","E","$","E","E","M","R","B",null,"M","?","E","?","M","R","$","E","T","M","$","E","E","$","R","B",null,"M","$","?","$","?","E","E","R","T","M","$","?","E","E","R","B","B",null,"R","$","E","B"],"character_chosen":"WATCHER","items_purchased":["LessonLearned","DiscerningMonocle","MerchantsRug","Oddly Smooth Stone","testmod-BouquetWithThorns","Lantern","TuHaoJin","BFFS","DistilledChaos","ColorlessPotion","Technique","reliquary:BoilingFlask","TheBean","TheBible","DollysMirror","BottledMiracle","TheAbacus","Art of War","Bag of Marbles","FairyPotion","reliquary:Bookmark","Question Card","testmod-LifeArmor","Toy Ornithopter","Melange","conspire:InfiniteJournal","Fasting2","ClockworkSouvenir","reliquary:IvoryTrinket","Pen Nib","testmod-Justice","AT_ArchangelStaff","Civilization","Damaru","Orrery","AT_BellDemon","reliquary:Sod","Nunchaku","Blood Vial","SynthV:MejaisSoulstealer","EntropicBrew"],"campfire_rested":1,"item_purchase_floors":[11,24,24,24,24,24,24,24,24,24,28,28,28,28,28,28,31,31,31,34,36,36,36,36,36,36,36,38,38,38,45,45,45,45,45,54,54,54,54,54,54],"current_hp_per_floor":[56,45,45,45,45,34,34,34,34,34,34,34,68,68,68,40,68,65,58,62,62,66,66,66,68,68,70,70,74,78,78,84,85,81,82,82,82,82,67,81,76,76,76,80,80,84,84,84,84,84,81,83,83,83,84,0,0],"gold":185,"neow_bonus":"","is_daily":false,"chose_seed":false,"campfire_upgraded":4,"win_rate":0.0,"timestamp":1613495097,"path_taken":["M","?","?","?","?","E","E","?","T","E","?","E","E","M","R","BOSS","M","?","?","?","M","R","$","E","T","?","$","E","E","$","R","BOSS","M","$","?","$","?","E","E","R","T","?","$","?","?","E","R","BOSS","BOSS","R","$","E","BOSS"],"items_purchased_type":["Card","Relic","Relic","Relic","Relic","Relic","Relic","Relic","Potion","Potion","Relic","Relic","Relic","Relic","Relic","Potion","Relic","Relic","Relic","Potion","Relic","Relic","Relic","Relic","Relic","Relic","Card","Relic","Relic","Relic","Relic","Relic","Relic","Relic","Relic","Relic","Relic","Relic","Relic","Relic","Potion"],"build_version":"2020-12-18","purchased_purges":4,"victory":false,"max_hp_per_floor":[68,68,68,68,68,68,68,68,68,68,68,68,68,68,68,77,77,78,78,79,79,80,80,80,81,81,82,82,83,84,84,84,85,81,82,82,82,82,82,83,84,84,84,84,84,84,84,84,84,84,84,84,84,84,84,84,84],"card_choices":[{"not_picked":[],"picked":"SuicideKing","floor":0.0},{"not_picked":["SashWhip","Bomb"],"picked":"ClearTheMind","floor":1.0},{"not_picked":["EmptyBody","JustLucky","CutThroughFate","REME_Repentance"],"picked":"Establishment","floor":3.0},{"not_picked":["ReachHeaven","AT_OneInchPunch","Protect","Vengeance","Crescendo"],"picked":"SKIP","floor":6.0},{"not_picked":["ReachHeaven","AT_OneInchPunch","Protect","Vengeance"],"picked":"Crescendo","floor":6.0},{"not_picked":["Protect","MostiFishMod:ScryFuture","Bomb","Worship"],"picked":"DeusExMachina","floor":7.0},{"not_picked":["CrushJoints","FlurryOfBlows","EmptyBody","Crescendo"],"picked":"Evaluate","floor":8.0},{"not_picked":["Protect","ThirdEye","TalkToTheHand","InnerPeace"],"picked":"Study","floor":10.0},{"not_picked":["ThirdEye","FollowUp","InnerPeace","Swivel"],"picked":"MostiFishMod:StarLaLaLa","floor":12.0},{"not_picked":["Consecrate","FlyingSleeves","SashWhip","Halt"],"picked":"InnerPeace","floor":13.0},{"not_picked":["MostiFishMod:Speedup","SashWhip","Consecrate","FlyingSleeves"],"picked":"CutThroughFate","floor":14.0},{"not_picked":["AT_RealColorLess","Judgement","AT_IrregularMenstruation","MostiFishMod:OutWit"],"picked":"MostiFishMod:StarOceanP","floor":16.0},{"not_picked":["FollowUp","EmptyBody","AT_ChampionStep","Protect"],"picked":"Tantrum","floor":18.0},{"not_picked":["AT_RealColorLess","REME_Repentance","Worship","FlyingSleeves"],"picked":"Crescendo","floor":20.0},{"not_picked":["Protect+1","WindmillStrike","ThirdEye","FlyingSleeves"],"picked":"Halt+1","floor":22.0},{"not_picked":["Prostrate","ClearTheMind","FlyingSleeves+1","EmptyBody","SignatureMove+1"],"picked":"SKIP","floor":25.0},{"not_picked":["Crescendo","Evaluate","REME_Repentance","Indignation","CutThroughFate+1"],"picked":"SKIP","floor":27.0},{"not_picked":["Conclude+1","ClearTheMind","InnerPeace","DeceiveReality","JustLucky+1"],"picked":"SKIP","floor":29.0},{"not_picked":["Conclude+1","ClearTheMind","DeceiveReality","JustLucky+1"],"picked":"InnerPeace","floor":29.0},{"not_picked":["JustLucky+1","Weave+1","InnerPeace","AT_ChampionStep"],"picked":"FlurryOfBlows+1","floor":30.0},{"not_picked":["Omniscience","LessonLearned+1","Blasphemy","AT_ChampionKick+1"],"picked":"Scrawl","floor":33.0},{"not_picked":["MostiFishMod:Nomercy","ClearTheMind+1","AT_OneInchPunch+1","Wireheading","JustLucky+1"],"picked":"SKIP","floor":35},{"not_picked":["Collect","Crescendo","ForeignInfluence","EmptyMind","AT_IrregularMenstruation","Weave+1"],"picked":"SKIP","floor":40},{"not_picked":["Fasting2","Crescendo+1","EmptyMind","CrushJoints+1","DevaForm"],"picked":"Wallop+1","floor":41},{"not_picked":["FollowUp+1","Conclude+1","MostiFishMod:Speedup+1","Wallop+1","Consecrate+1","BowlingBash+1"],"picked":"SKIP","floor":44},{"not_picked":["WindmillStrike+1","InnerPeace","ForeignInfluence","Indignation","FollowUp+1","ThirdEye"],"picked":"SKIP","floor":47},{"not_picked":["CarveReality+1","MostiFishMod:ScryFuture","Protect","Crescendo","PathToVictory+1"],"picked":"AT_ChampionStep","floor":48},{"not_picked":["Nirvana","WindmillStrike+1","SashWhip+1","REME_Repentance+1","EmptyBody","CutThroughFate+1"],"picked":"SKIP","floor":55}],"player_experience":1221077,"relics_obtained":[{"floor":1.0,"key":"SynthV:TestCard"},{"floor":3.0,"key":"testmod-Motorcycle"},{"floor":7.0,"key":"reliquary:Stiletto"},{"floor":8.0,"key":"CeramicFish"},{"floor":9.0,"key":"Happy Flower"},{"floor":10.0,"key":"UnicornStump"},{"floor":12.0,"key":"AT_Kusabimaru"},{"floor":13.0,"key":"Unceasing Top"},{"floor":20.0,"key":"Bottled Lightning"},{"floor":25.0,"key":"Molten Egg 2"},{"floor":26.0,"key":"Shuriken"},{"floor":29.0,"key":"testmod-TurbochargingSystem"},{"floor":30.0,"key":"conspire:Dentures"},{"floor":40,"key":"conspire:GlowingRock"},{"floor":41,"key":"testmod-BalancedPeriapt"},{"floor":46,"key":"Damocles"},{"floor":47,"key":"reliquary:NewFriend"},{"floor":47,"key":"Regal Pillow"},{"floor":48,"key":"AT_ForceNature"},{"floor":48,"key":"DeathBook"},{"floor":55,"key":"conspire:TopHat"},{"floor":55,"key":"Mummified Hand"},{"floor":55,"key":"reliquary:IridiumChain"}],"event_choices":[{"damage_healed":0.0,"max_hp_gain":0.0,"max_hp_loss":0.0,"gold_gain":75.0,"event_name":"World of Goop","player_choice":"Gather Gold","floor":2.0,"gold_loss":0.0,"damage_taken":11.0},{"damage_healed":0.0,"max_hp_gain":0.0,"max_hp_loss":0.0,"gold_gain":0.0,"event_name":"Big Fish","player_choice":"Box","floor":4.0,"gold_loss":0.0,"damage_taken":0.0,"relics_obtained":["PreservedInsect"],"cards_obtained":["Regret"]},{"damage_healed":0.0,"max_hp_gain":0.0,"max_hp_loss":0.0,"gold_gain":0.0,"event_name":"Golden Idol","player_choice":"Take Wound","floor":5.0,"gold_loss":0.0,"damage_taken":0.0,"relics_obtained":["Golden Idol"],"cards_obtained":["Injury"]},{"damage_healed":0.0,"max_hp_gain":0.0,"max_hp_loss":0.0,"gold_gain":50.0,"event_name":"FaceTrader","player_choice":"Touch","floor":19.0,"gold_loss":0.0,"damage_taken":7.0},{"damage_healed":0.0,"max_hp_gain":0.0,"max_hp_loss":0.0,"gold_gain":0.0,"event_name":"The Mausoleum","player_choice":"Opened","floor":21.0,"gold_loss":0.0,"damage_taken":0.0,"relics_obtained":["SalivaCoin"],"cards_obtained":["Writhe"]},{"damage_healed":0,"gold_gain":0,"player_choice":"Ignored","damage_taken":0,"max_hp_gain":0,"max_hp_loss":0,"event_name":"Tomb of Lord Red Mask","floor":37,"gold_loss":0},{"damage_healed":0,"gold_gain":0,"player_choice":"Embrace Madness","damage_taken":15,"max_hp_gain":0,"max_hp_loss":0,"event_name":"Winding Halls","floor":39,"gold_loss":0,"cards_obtained":["Madness","Madness"]},{"damage_healed":0,"gold_gain":0,"player_choice":"Fight","damage_taken":0,"max_hp_gain":0,"max_hp_loss":0,"event_name":"MindBloom","floor":46,"gold_loss":0}],"is_beta":true,"boss_relics":[{"not_picked":["Velvet Choker","Coffee Dripper"],"picked":"testmod-NegativeEmotionEnhancer"},{"not_picked":[]},{"not_picked":["testmod-Recursion","conspire:SlowCooker"],"picked":"reliquary:RedPaperclip"},{"not_picked":[]}],"items_purged_floors":[24,31,36,45],"is_endless":false,"potions_floor_spawned":[1,10,13,14,16,20,25,27,35,41,44,48,55],"killed_by":"Delirium","ascension_level":20}}