{"host":"17xjy7b7ubl548g2","time":1613462134,"event":{"mods":["2.2 Compatiblity","Act Like it!","Aspiration","Astrologer","Bard","BaseMod","Challenge The Spire","ChefMod","Colored Map","Colored Powertips","Conspire","Elementarium","Energized Spire","Gensokyo","GifTheSpireLib","Halation","Hallownest","Hermit","Hubris","Infinite Spire","Jedi Mod","Jorbs\u0027s Wanderer Trilogy","Marisa（霧雨　魔理沙）","Marked Mod","Menagerie","Minty Spire (QoL Compilation)","Permanent Neow","Reliquary","Replay The Spire","Robot Space Explorer","Ruina","Spicy Shops","Spire Arcade","StSLib","Stuff the Spire","The Blue Laboratory","The Bug Knight","The Construct","The Disciple","The Hayseed","The Hierophant","The Marked","The Runesmith","The Sage","TheFirefly"],"gold_per_floor":[116,116,191,36,54,54,67,96,96,126,126,126,85,35,35,132,132,150,150,150,150,175,209,209,237,260,260,273,273,283,308,308,405,405,421,435,483,483,483,483,508,97,97,97,112,122,152,171,171,171,171,171,19,50,50],"floor_reached":56,"language":"ENG","playtime":5521,"items_purged":["hubris:Lust","chefmod:Strike","chefmod:Strike"],"score":1488,"play_id":"df0d2115-2443-40b7-8589-ebb76dc56c3f","local_time":"20210216025534","is_ascension_mode":true,"campfire_choices":[{"data":"Discovery","floor":6.0,"key":"SMITH"},{"data":"chefmod:FullBurn","floor":11.0,"key":"SMITH"},{"data":"chefmod:QuickThaw","floor":15.0,"key":"SMITH"},{"data":"infinitespire:Menacing","floor":24,"key":"SMITH"},{"data":"chefmod:FrozenTuna","floor":27,"key":"SMITH"},{"data":"chefmod:DinoKale","floor":32,"key":"SMITH"},{"data":"infinitespire:Gouge","floor":40,"key":"SMITH"},{"floor":44,"key":"RECALL"},{"data":"chefmod:DimSum","floor":49,"key":"SMITH"},{"data":"RobotSpaceExplorer:Counterblock","floor":52,"key":"SMITH"}],"circlet_count":0,"master_deck":["chefmod:Strike","chefmod:Strike","chefmod:QuickThaw+1","chefmod:Defend+1","chefmod:Defend+1","chefmod:Defend+1","chefmod:Defend+1","chefmod:TodaysSpecial+1","Discovery+1","chefmod:ColdSteel","chefmod:CayenneCloud+1","chefmod:FireUp","chefmod:FullBurn+1","chefmod:DimSum+1","chefmod:FrozenTuna+1","chefmod:FullBurn+1","infinitespire:Menacing+1","chefmod:IcePick+1","chefmod:DinoKale+1","chefmod:FireUp","chefmod:Flambe+1","chefmod:DeathByChocolate","chefmod:FryPan+1","chefmod:ZaruSoba+1","chefmod:AllYouCanEat+1","infinitespire:Gouge+1","RobotSpaceExplorer:Counterblock+1","RobotSpaceExplorer:FranticSearch","chefmod:QuickChop+1","chefmod:BaoBuns","RobotSpaceExplorer:StunGrenade"],"relics":["chefmod:TrustyPot","Gambling Chip","aspiration:Lifesprig","Lizard Tail","ReplayTheSpireMod:CursedCoin","Turnip","hubris:GrandSneckoEye","hubris:Icosahedron","hubris:Backtick","jedi:heavyjacket","Replay:WaspNest","reliquary:Knoch","InkBottle","halation:SwordOfLegend","reliquary:Boomerang","reliquary:WeakTea","construct:ClawGrip","CatCart","ReplayTheSpireMod:Lightbulb","Happy Flower","Kunai","Replay:Baseball","hubris:DisguiseKit","Replay:Bottled Eggs","StuffTheSpire:OldFever","Replay:Wax Seal","jedi:gremlinknob"],"acts_visited":["Exordium","Exordium","TheBeyond","TheEnding"],"potions_floor_usage":[55],"damage_taken":[{"damage":1.0,"enemies":"Small Slimes","floor":1.0,"turns":5.0},{"damage":3.0,"enemies":"conspire:RoseBush","floor":5.0,"turns":2.0},{"damage":1.0,"enemies":"2 Louse","floor":7.0,"turns":2.0},{"damage":7.0,"enemies":"Replay:BlueRogue","floor":8.0,"turns":5.0},{"damage":16.0,"enemies":"Gremlin Nob","floor":10.0,"turns":3.0},{"damage":0.0,"enemies":"Slime Boss","floor":16.0,"turns":7.0},{"damage":0,"enemies":"ruina:2_Scarecrows","floor":18,"turns":2},{"damage":0,"enemies":"ruina:RoadHome","floor":23,"turns":3},{"damage":0,"enemies":"ruina:ServantOfWrath","floor":25,"turns":3},{"damage":0,"enemies":"ruina:Nosferatu","floor":28,"turns":2},{"damage":0,"enemies":"ruina:QueenOfHate","floor":30,"turns":4},{"damage":0,"enemies":"ruina:Mountain","floor":31,"turns":4},{"damage":0,"enemies":"ruina:Ozma","floor":33,"turns":7},{"damage":0,"enemies":"3 Darklings","floor":35,"turns":1},{"damage":0,"enemies":"3 Shapes","floor":36,"turns":2},{"damage":6,"enemies":"Orin","floor":37,"turns":7},{"damage":0,"enemies":"R_Hoarder","floor":41,"turns":4},{"damage":0,"enemies":"3 Darklings","floor":45,"turns":1},{"damage":0,"enemies":"Spire Growth","floor":46,"turns":2},{"damage":0,"enemies":"Reptomancer","floor":47,"turns":3},{"damage":0,"enemies":"Sphere and 2 Shapes","floor":48,"turns":2},{"damage":12,"enemies":"Donu and Deca","floor":50,"turns":4},{"damage":0,"enemies":"Shield and Spear","floor":54,"turns":3},{"damage":3,"enemies":"The Heart","floor":55,"turns":9}],"seed_played":"-5046683563564288094","potions_obtained":[{"floor":8.0,"key":"blueLaboratory:FruitPreserves"},{"floor":10.0,"key":"jedi:holywater"}],"is_trial":false,"path_per_floor":["M","?","?","$","M","R","M","E","T","E","R","?","$","?","R","B",null,"M","?","?","AVR","T","E","R","E","T","R","M","T","M","E","R","B",null,"M","M","?","?","AVR","R","E","$","T","R","M","M","E","M","R","B",null,"R","$","E","B",null],"character_chosen":"THE_CHEF","items_purchased":["chefmod:CayenneCloud","Gambling Chip","ReplayTheSpireMod:CursedCoin","Turnip","Kunai","Replay:Baseball","StuffTheSpire:OldFever","Replay:Wax Seal"],"campfire_rested":0,"item_purchase_floors":[4,4,13,13,42,42,53,53],"current_hp_per_floor":[75,75,64,64,61,61,60,53,53,37,37,37,37,37,37,37,66,66,66,47,47,47,47,47,47,47,46,46,46,46,50,53,53,70,70,70,68,68,68,74,74,74,74,76,76,76,76,76,76,64,73,76,76,76,73],"gold":50,"neow_bonus":"RANDOM_COLORLESS","is_daily":false,"chose_seed":false,"campfire_upgraded":9,"win_rate":0.0,"timestamp":1613462134,"path_taken":["M","?","?","?","M","R","?","E","T","E","R","?","?","?","R","BOSS","M","?","?","AVR","?","E","R","E","T","R","?","?","?","E","R","BOSS","M","?","?","?","AVR","R","E","$","T","R","M","?","E","M","R","BOSS","R","$","E","BOSS"],"items_purchased_type":["Card","Relic","Relic","Relic","Relic","Relic","Relic","Relic"],"build_version":"2020-12-22","purchased_purges":3,"victory":true,"max_hp_per_floor":[76,76,76,76,76,76,76,76,76,76,76,76,76,76,76,76,76,76,76,76,76,76,76,76,76,76,76,76,76,76,76,76,76,76,76,76,76,76,76,76,76,76,76,76,76,76,76,76,76,76,76,76,76,76,76],"card_choices":[{"not_picked":["Replay:Sssssssssstrike","hubris:Insight"],"picked":"Discovery","floor":0.0},{"not_picked":["chefmod:SliceAndDice","chefmod:GroceryDelivery"],"picked":"chefmod:ColdSteel","floor":1.0},{"not_picked":["chefmod:Sorbet","chefmod:SpaghettiCarbonara","chefmod:Defrost"],"picked":"SKIP","floor":5.0},{"not_picked":["chefmod:Flambe","chefmod:IcePick"],"picked":"chefmod:FireUp","floor":7.0},{"not_picked":["chefmod:AlooGobi","chefmod:FreezeSolid"],"picked":"chefmod:FullBurn","floor":8.0},{"not_picked":["chefmod:RaidPantry","chefmod:ColdSteel"],"picked":"chefmod:DimSum","floor":10.0},{"not_picked":["chefmod:Tenderizer","chefmod:SushiPlatter"],"picked":"chefmod:FrozenTuna","floor":16.0},{"not_picked":["chefmod:Omelette","chefmod:Cleavers+1"],"picked":"chefmod:FullBurn+1","floor":18},{"not_picked":["hubris:InfiniteBlow","infinitespire:Punishment"],"picked":"infinitespire:Menacing","floor":20},{"not_picked":["chefmod:Omelette","chefmod:FireUp"],"picked":"chefmod:IcePick+1","floor":23},{"not_picked":["chefmod:ZaruSoba","chefmod:Cleavers"],"picked":"chefmod:DinoKale","floor":25},{"not_picked":["chefmod:Chop","chefmod:CuttingBoard+1"],"picked":"chefmod:FireUp","floor":28},{"not_picked":["chefmod:Granita","chefmod:Gelato","chefmod:HotSoup"],"picked":"SKIP","floor":30},{"not_picked":["chefmod:Sorbet","chefmod:Escargot"],"picked":"chefmod:Flambe+1","floor":31},{"not_picked":["chefmod:CandyBowl","chefmod:OrderUp"],"picked":"chefmod:DeathByChocolate","floor":33},{"not_picked":["chefmod:FryPan+1","chefmod:Defrost","chefmod:SliceAndDice"],"picked":"SKIP","floor":35},{"not_picked":["chefmod:Defrost","chefmod:SliceAndDice"],"picked":"chefmod:FryPan+1","floor":35},{"not_picked":["chefmod:FryPan+1","chefmod:Flambe"],"picked":"chefmod:ZaruSoba+1","floor":36},{"not_picked":["chefmod:SliceAndDice","chefmod:GroceryDelivery+1"],"picked":"chefmod:AllYouCanEat+1","floor":37},{"not_picked":["chefmod:CayenneCloud","chefmod:DeathByChocolate","chefmod:ColdSteel"],"picked":"SKIP","floor":41},{"not_picked":["chefmod:SpaghettiCarbonara","chefmod:ZaruSoba","chefmod:Cleavers"],"picked":"RobotSpaceExplorer:Counterblock","floor":45},{"not_picked":["chefmod:DinoKale","chefmod:Cleavers","chefmod:IcePick"],"picked":"RobotSpaceExplorer:FranticSearch","floor":46},{"not_picked":["chefmod:CapreseSalad","chefmod:SaveForLater+1","RobotSpaceExplorer:FrostMissile"],"picked":"chefmod:QuickChop+1","floor":47},{"not_picked":["chefmod:Granita+1","chefmod:Fillet+1","RobotSpaceExplorer:SurgingStrike"],"picked":"chefmod:BaoBuns","floor":48},{"not_picked":["chefmod:FryPan","chefmod:Granita","chefmod:NoSoupForYou+1"],"picked":"RobotSpaceExplorer:StunGrenade","floor":54}],"player_experience":2198503,"relics_obtained":[{"floor":8.0,"key":"aspiration:Lifesprig"},{"floor":10.0,"key":"Lizard Tail"},{"floor":22,"key":"reliquary:Knoch"},{"floor":23,"key":"InkBottle"},{"floor":25,"key":"halation:SwordOfLegend"},{"floor":26,"key":"reliquary:Boomerang"},{"floor":31,"key":"reliquary:WeakTea"},{"floor":37,"key":"CatCart"},{"floor":38,"key":"ReplayTheSpireMod:Lightbulb"},{"floor":41,"key":"Happy Flower"},{"floor":43,"key":"hubris:DisguiseKit"},{"floor":47,"key":"Replay:Bottled Eggs"},{"floor":54,"key":"jedi:gremlinknob"}],"event_choices":[{"damage_healed":0.0,"max_hp_gain":0.0,"max_hp_loss":0.0,"gold_gain":75.0,"event_name":"World of Goop","player_choice":"Gather Gold","floor":3.0,"gold_loss":0.0,"damage_taken":11.0},{"cards_removed":["Shame"],"damage_healed":0.0,"max_hp_gain":0.0,"max_hp_loss":0.0,"gold_gain":0.0,"event_name":"The Cleric","player_choice":"Card Removal","floor":14.0,"gold_loss":50.0,"damage_taken":0.0},{"damage_healed":0,"gold_gain":0,"player_choice":"Fight","damage_taken":0,"max_hp_gain":0,"max_hp_loss":0,"event_name":"OrinTheCat","floor":37,"gold_loss":0},{"damage_healed":0,"gold_gain":0,"player_choice":"Relic","damage_taken":0,"max_hp_gain":0,"max_hp_loss":0,"event_name":"Wheel of Change","floor":38,"gold_loss":0}],"is_beta":false,"boss_relics":[{"not_picked":["halation:PinkAlligatorPlush","StuffTheSpire:Kangaroo"],"picked":"hubris:GrandSneckoEye"},{"not_picked":["aspiration:RunesmithSkillbook","Honey Jar"],"picked":"construct:ClawGrip"}],"items_purged_floors":[13,21,39],"is_endless":false,"potions_floor_spawned":[8,10,18,25,28,31,41,45,46,54],"ascension_level":5}}