{"host":"rw1trt79hfpl7pom","time":1613508181,"event":{"mods":["BaseMod","Bestiary","Colored Map","Jorbs\u0027s Wanderer Trilogy","Minty Spire (QoL Compilation)","Relic Stats","StSLib","SuperFastMode"],"gold_per_floor":[116,116,129,109,119,149,169,197,197,232,232,260,260,286,286,286,286],"floor_reached":16,"language":"ENG","playtime":831,"items_purged":[],"score":276,"play_id":"3e338338-e6cb-43ba-bd7b-41952aa177ba","local_time":"20210216124301","is_ascension_mode":true,"campfire_choices":[{"floor":11.0,"key":"REST"},{"data":"Blood for Blood","floor":13.0,"key":"SMITH"},{"data":"Ghostly Armor","floor":15.0,"key":"SMITH"}],"circlet_count":0,"master_deck":["AscendersBane","Strike_R","Strike_R","Strike_R","Strike_R","Defend_R+1","Defend_R","Defend_R","Bash","Anger+1","Ghostly Armor+1","Flame Barrier+1","Blood for Blood+1","Spot Weakness"],"relics":["Empty Cage","Eternal Feather","Pen Nib","Sundial","WingedGreaves","War Paint","StrikeDummy"],"acts_visited":["Exordium"],"potions_floor_usage":[],"damage_taken":[{"damage":1.0,"enemies":"2 Louse","floor":1.0,"turns":3.0},{"damage":0.0,"enemies":"Cultist","floor":3.0,"turns":2.0},{"damage":0.0,"enemies":"Small Slimes","floor":5.0,"turns":2.0},{"damage":15.0,"enemies":"3 Sentries","floor":6.0,"turns":4.0},{"damage":7.0,"enemies":"Looter","floor":7.0,"turns":3.0},{"damage":20.0,"enemies":"Lagavulin","floor":8.0,"turns":7.0},{"damage":8.0,"enemies":"Gremlin Nob","floor":10.0,"turns":3.0},{"damage":25.0,"enemies":"Lagavulin","floor":12.0,"turns":6.0},{"damage":6.0,"enemies":"3 Sentries","floor":14.0,"turns":9.0},{"damage":30,"enemies":"The Guardian","floor":16,"turns":6}],"seed_played":"2160114606796553616","potions_obtained":[{"floor":1.0,"key":"PowerPotion"},{"floor":3.0,"key":"SmokeBomb"},{"floor":4.0,"key":"ColorlessPotion"},{"floor":6.0,"key":"PowerPotion"},{"floor":8.0,"key":"AttackPotion"}],"is_trial":false,"path_per_floor":["M","?","M","?","M","E","M","E","T","E","R","E","R","E","R","B"],"character_chosen":"IRONCLAD","items_purchased":[],"campfire_rested":1,"item_purchase_floors":[],"current_hp_per_floor":[67,67,67,67,67,52,45,25,25,17,45,20,26,20,26,0,0],"gold":286,"neow_bonus":"BOSS_RELIC","is_daily":false,"chose_seed":false,"campfire_upgraded":2,"win_rate":0.0,"timestamp":1613508181,"path_taken":["M","?","?","?","M","E","M","E","T","E","R","E","R","E","R","BOSS"],"items_purchased_type":[],"build_version":"2020-12-22","purchased_purges":0,"victory":false,"max_hp_per_floor":[75,75,75,75,75,75,75,75,75,75,75,75,75,75,75,75,75],"relic_stats":{"counters":[10,45],"Sundial":[4],"Eternal Feather":18,"Pen Nib":[4],"War Paint":["Flame Barrier","Defend_R"],"obtain_stats":[{"Sundial":9,"Eternal Feather":6,"Pen Nib":8,"WingedGreaves":10,"War Paint":12,"Empty Cage":0,"StrikeDummy":14,"Burning Blood":0},{"Sundial":6,"Eternal Feather":4,"Pen Nib":6,"WingedGreaves":7,"War Paint":8,"Empty Cage":0,"StrikeDummy":9,"Burning Blood":0},{"Sundial":21,"Eternal Feather":11,"Pen Nib":21,"WingedGreaves":24,"War Paint":30,"Empty Cage":0,"StrikeDummy":39,"Burning Blood":0}]},"card_choices":[{"not_picked":["Burning Pact","Hemokinesis"],"picked":"Anger","floor":1.0},{"not_picked":["Anger","Twin Strike","Sword Boomerang"],"picked":"SKIP","floor":3.0},{"not_picked":["Pommel Strike","Reckless Charge","Wild Strike"],"picked":"SKIP","floor":5.0},{"not_picked":["Wild Strike","Body Slam","Perfected Strike"],"picked":"SKIP","floor":6.0},{"not_picked":["Intimidate","Pommel Strike"],"picked":"Ghostly Armor","floor":7.0},{"not_picked":["Heavy Blade","Whirlwind"],"picked":"Flame Barrier","floor":8.0},{"not_picked":["Juggernaut","Wild Strike","Iron Wave"],"picked":"SKIP","floor":10.0},{"not_picked":["Clash","Seeing Red"],"picked":"Blood for Blood","floor":12.0},{"not_picked":["Entrench","Bloodletting"],"picked":"Spot Weakness","floor":14.0}],"player_experience":2763175,"relics_obtained":[{"floor":6.0,"key":"Eternal Feather"},{"floor":8.0,"key":"Pen Nib"},{"floor":9.0,"key":"Sundial"},{"floor":10.0,"key":"WingedGreaves"},{"floor":12.0,"key":"War Paint"},{"floor":14.0,"key":"StrikeDummy"}],"event_choices":[{"damage_healed":0.0,"max_hp_gain":0.0,"max_hp_loss":0.0,"gold_gain":0.0,"event_name":"Upgrade Shrine","player_choice":"Upgraded","floor":2.0,"gold_loss":0.0,"damage_taken":0.0,"cards_upgraded":["Anger"]},{"damage_healed":0.0,"max_hp_gain":0.0,"max_hp_loss":0.0,"gold_gain":0.0,"event_name":"The Woman in Blue","player_choice":"Bought 1 Potion","floor":4.0,"gold_loss":0.0,"damage_taken":0.0}],"is_beta":false,"boss_relics":[],"items_purged_floors":[],"is_endless":false,"potions_floor_spawned":[1,3,6,8],"killed_by":"The Guardian","ascension_level":20}}