{"host":"sf9jac3ppl7h88gj","time":1613493388,"event":{"mods":["AchievementEnabler","Ascension Unlocker","BaseMod","Colored Map","Custom Start","Force Act Four","Minty Spire (QoL Compilation)","Replay The Spire","StSLib"],"gold_per_floor":[116,116,116,128,143,143,156,156,156,156,15,32,49,67,67,140,140,160,160,160,170,3,3,20,20,20],"floor_reached":25,"language":"ENG","playtime":2045,"items_purged":[],"score":390,"play_id":"92e43603-8806-4232-89b9-5ff6d5a2da64","local_time":"20210216113628","is_ascension_mode":true,"campfire_choices":[{"data":"Replay:ManipulateFuture","floor":6,"key":"SMITH"},{"data":"PathToVictory","floor":8,"key":"SMITH"},{"data":"Replay:AtTheReady","floor":10,"key":"SMITH"},{"floor":15,"key":"REST"},{"floor":23,"key":"RECALL"}],"circlet_count":0,"master_deck":["AscendersBane","Strike_P","Strike_P","Strike_P","Strike_P","Defend_P","Defend_P","Defend_P","Defend_P","Eruption","Vigilance","Crescendo+1","Replay:ManipulateFuture+1","PathToVictory+1","Replay:AtTheReady+1","Apotheosis","Discovery","Chrysalis","EmptyFist","Halt","ClearTheMind","Replay:LoomingThreat","FollowUp","DeceiveReality","Replay:BluntJabs"],"relics":["PureWater","NeowsBlessing","Mirror","ReplayTheSpireMod:ShopPack","Fusion Hammer","Lee\u0027s Waffle"],"acts_visited":["Exordium","TheCity"],"potions_floor_usage":[7,12,13,16,25],"damage_taken":[{"damage":0,"enemies":"2 Louse","floor":1,"turns":1},{"damage":0,"enemies":"Small Slimes","floor":4,"turns":2},{"damage":0,"enemies":"Cultist","floor":5,"turns":1},{"damage":12,"enemies":"Large Slime","floor":7,"turns":3},{"damage":3,"enemies":"Looter","floor":12,"turns":3},{"damage":24,"enemies":"Exordium Thugs","floor":13,"turns":4},{"damage":1,"enemies":"Red Slaver","floor":14,"turns":4},{"damage":37,"enemies":"The Guardian","floor":16,"turns":9},{"damage":23,"enemies":"Shell Parasite","floor":18,"turns":5},{"damage":0,"enemies":"Spheric Guardian","floor":21,"turns":3},{"damage":11,"enemies":"Centurion and Healer","floor":24,"turns":5},{"damage":79,"enemies":"Book of Stabbing","floor":25,"turns":4}],"seed_played":"-5871226674968025027","potions_obtained":[{"floor":4,"key":"PowerPotion"},{"floor":7,"key":"Fire Potion"},{"floor":12,"key":"Fruit Juice"},{"floor":13,"key":"FearPotion"},{"floor":18,"key":"Explosive Potion"},{"floor":24,"key":"Reflective Coating"}],"is_trial":false,"path_per_floor":["M","?","?","M","M","R","M","R","T","R","$","M","M","M","R","B",null,"M","?","?","M","$","R","M","E"],"character_chosen":"WATCHER","items_purchased":["ReplayTheSpireMod:ShopPack","Lee\u0027s Waffle"],"campfire_rested":1,"item_purchase_floors":[11,22],"current_hp_per_floor":[61,66,66,66,66,66,54,54,54,54,54,56,32,31,54,17,63,40,40,40,40,85,85,74,0,0],"gold":20,"neow_bonus":"THREE_ENEMY_KILL","is_daily":false,"chose_seed":false,"campfire_upgraded":3,"win_rate":0.0,"timestamp":1613493388,"path_taken":["M","?","?","M","M","R","M","R","T","R","$","?","M","M","R","BOSS","M","?","?","M","$","R","?","E"],"items_purchased_type":["Relic","Relic"],"build_version":"2020-12-22","purchased_purges":0,"victory":false,"max_hp_per_floor":[68,73,73,73,73,73,73,73,73,73,73,78,78,78,78,78,78,78,78,78,78,85,85,85,85,85],"card_choices":[{"not_picked":["ThirdEye","Wireheading"],"picked":"Crescendo","floor":1},{"not_picked":["Perseverance","Halt"],"picked":"Replay:ManipulateFuture","floor":4},{"not_picked":["WindmillStrike","DeceiveReality"],"picked":"PathToVictory","floor":5},{"not_picked":["Pray","SashWhip"],"picked":"Replay:AtTheReady","floor":7},{"not_picked":["Panache","Metamorphosis"],"picked":"Apotheosis","floor":11},{"not_picked":["Poisoned Strike","Mayhem"],"picked":"Discovery","floor":11},{"not_picked":["Replay:BasicMightCard","Purity"],"picked":"Chrysalis","floor":11},{"not_picked":["BowlingBash","Consecrate"],"picked":"EmptyFist","floor":12},{"not_picked":["LikeWater","Replay:Anticipation"],"picked":"Halt","floor":13},{"not_picked":["ThirdEye","Fasting2"],"picked":"ClearTheMind","floor":14},{"not_picked":["Replay:AllIn","Wish"],"picked":"Replay:LoomingThreat","floor":16},{"not_picked":["ThirdEye","WheelKick"],"picked":"FollowUp","floor":18},{"not_picked":["JustLucky","BowlingBash"],"picked":"DeceiveReality","floor":21},{"not_picked":["EmptyFist+1","Halt"],"picked":"Replay:BluntJabs","floor":24}],"player_experience":1300860,"relics_obtained":[{"floor":9,"key":"Mirror"}],"event_choices":[{"damage_healed":0,"gold_gain":0,"player_choice":"Donut","damage_taken":0,"max_hp_gain":5,"max_hp_loss":0,"event_name":"Big Fish","floor":2,"gold_loss":0},{"damage_healed":0,"gold_gain":0,"player_choice":"Forge","damage_taken":0,"max_hp_gain":0,"max_hp_loss":0,"event_name":"Accursed Blacksmith","floor":3,"gold_loss":0,"cards_upgraded":["Crescendo"]},{"damage_healed":0,"gold_gain":0,"player_choice":"Leave","damage_taken":0,"max_hp_gain":0,"max_hp_loss":0,"event_name":"FaceTrader","floor":20,"gold_loss":0}],"is_beta":false,"boss_relics":[{"not_picked":["Busted Crown","Replay:Grab Bag"],"picked":"Fusion Hammer"}],"items_purged_floors":[],"is_endless":false,"potions_floor_spawned":[4,7,12,13,18,24],"killed_by":"Book of Stabbing","ascension_level":20}}