{"host":"eu6p4n7vldm4bcry","time":1613511075,"event":{"mods":["AchievementEnabler","BaseMod","Highlight Path","Minty Spire (QoL Compilation)","Relic Stats","StSLib","ojb\u0027s Info Mod"],"gold_per_floor":[111,124,174,184,2,37,53,88,88,88,114,114,130,158,158,233,233,246,259,277,45,61,61,90,90,114,147,147,175,185,6,6,82,82,97,107,107,107,107,107,141,153,226,226,226],"floor_reached":44,"language":"ENG","playtime":3520,"items_purged":[],"score":1277,"play_id":"49bd9d0b-e291-4021-8dde-71ee2023d0d8","local_time":"20210216163115","is_ascension_mode":true,"campfire_choices":[{"floor":10.0,"key":"REST"},{"floor":15.0,"key":"REST"},{"data":"BattleHymn","floor":23.0,"key":"SMITH"},{"floor":25.0,"key":"REST"},{"floor":28,"key":"REST"},{"floor":32,"key":"REST"},{"floor":40,"key":"REST"}],"circlet_count":0,"master_deck":["AscendersBane","Strike_P+1","Strike_P+1","Defend_P","Defend_P+1","Defend_P","Eruption+1","Vigilance","EmptyFist","BowlingBash+1","Apotheosis+1","SandsOfTime","FlyingSleeves+1","LessonLearned+1","DeceiveReality","Judgement+1","CurseOfTheBell","Adaptation+1","EmptyBody","Ragnarok","BattleHymn+1","Evaluate","Crescendo","Worship","Devotion","Devotion","DevaForm+1","Judgement+1","CrushJoints+1","EmptyFist+1","Panacea","Flash of Steel","Finesse","WaveOfTheHand","ThirdEye"],"relics":["Busted Crown","PreservedInsect","Art of War","Gremlin Horn","Damaru","Calling Bell","Boot","Yang","TungstenRod","Strawberry","Regal Pillow","Pen Nib","Astrolabe","Bronze Scales","Question Card"],"acts_visited":["Exordium","TheCity","TheBeyond"],"potions_floor_usage":[29,35],"damage_taken":[{"damage":0.0,"enemies":"2 Louse","floor":1.0,"turns":3.0},{"damage":0.0,"enemies":"Cultist","floor":2.0,"turns":2.0},{"damage":11.0,"enemies":"Small Slimes","floor":4.0,"turns":3.0},{"damage":16.0,"enemies":"Lagavulin","floor":6.0,"turns":6.0},{"damage":13.0,"enemies":"Exordium Thugs","floor":7.0,"turns":4.0},{"damage":9.0,"enemies":"3 Sentries","floor":8.0,"turns":5.0},{"damage":0.0,"enemies":"Gremlin Nob","floor":11.0,"turns":2.0},{"damage":0.0,"enemies":"2 Fungi Beasts","floor":13.0,"turns":2.0},{"damage":3.0,"enemies":"3 Sentries","floor":14.0,"turns":3.0},{"damage":0.0,"enemies":"The Guardian","floor":16.0,"turns":8.0},{"damage":0.0,"enemies":"2 Thieves","floor":18.0,"turns":1.0},{"damage":4.0,"enemies":"3 Byrds","floor":19.0,"turns":4.0},{"damage":7.0,"enemies":"Centurion and Healer","floor":20.0,"turns":4.0},{"damage":0.0,"enemies":"Sentry and Sphere","floor":22.0,"turns":8.0},{"damage":31.0,"enemies":"Slavers","floor":24.0,"turns":2.0},{"damage":24,"enemies":"Gremlin Leader","floor":27,"turns":5},{"damage":20,"enemies":"Slavers","floor":29,"turns":3},{"damage":0,"enemies":"Snecko","floor":30,"turns":2},{"damage":19,"enemies":"Champ","floor":33,"turns":10},{"damage":19,"enemies":"3 Darklings","floor":35,"turns":4},{"damage":13,"enemies":"Orb Walker","floor":36,"turns":3},{"damage":8,"enemies":"Nemesis","floor":41,"turns":3},{"damage":43,"enemies":"Spire Growth","floor":42,"turns":4},{"damage":25,"enemies":"Giant Head","floor":44,"turns":4}],"seed_played":"-9203335253013233400","potions_obtained":[{"floor":6.0,"key":"Ancient Potion"},{"floor":8.0,"key":"Energy Potion"},{"floor":11.0,"key":"Ambrosia"},{"floor":13.0,"key":"GamblersBrew"},{"floor":14.0,"key":"Weak Potion"},{"floor":18.0,"key":"Ancient Potion"},{"floor":24.0,"key":"EssenceOfSteel"},{"floor":27,"key":"Weak Potion"},{"floor":30,"key":"Strength Potion"},{"floor":36,"key":"Strength Potion"}],"is_trial":false,"path_per_floor":["M","M","?","M","$","E","M","E","T","R","E","?","M","E","R","B",null,"M","M","M","$","M","R","E","R","T","E","R","E","M","$","R","B",null,"M","M","?","?","?","R","E","M","T","E"],"character_chosen":"WATCHER","items_purchased":["Apotheosis","EmptyBody","Ragnarok","Devotion"],"campfire_rested":6,"item_purchase_floors":[5,21,21,31],"current_hp_per_floor":[61,61,55,44,44,28,15,6,6,26,26,26,26,23,43,43,62,62,58,51,51,51,51,27,49,49,25,62,42,42,42,75,56,70,51,38,38,29,29,65,57,14,14,0,0],"gold":226,"neow_bonus":"BOSS_RELIC","is_daily":false,"chose_seed":false,"campfire_upgraded":1,"win_rate":0.0,"timestamp":1613511075,"path_taken":["M","M","?","?","$","E","M","E","T","R","E","?","M","E","R","BOSS","M","M","M","$","M","R","E","R","T","E","R","E","M","$","R","BOSS","M","M","?","?","?","R","E","M","T","E"],"items_purchased_type":["Card","Card","Card","Card"],"build_version":"2020-12-22","purchased_purges":0,"victory":false,"max_hp_per_floor":[68,68,68,68,68,68,68,68,68,68,68,68,68,68,68,68,68,68,68,68,68,68,68,75,75,75,75,75,75,75,75,75,75,75,75,75,71,71,71,71,71,71,71,71,71],"relic_stats":{"Regal Pillow":41,"Gremlin Horn":[18,18],"counters":[24,95],"Astrolabe":["DevaForm","Judgement","CrushJoints"],"Yang":[110],"PreservedInsect":395,"Pen Nib":[6],"Boot":[35],"Question Card":0,"Busted Crown":54,"Bronze Scales":[9],"Art of War":[13],"obtain_stats":[{"Regal Pillow":26,"Gremlin Horn":11,"Astrolabe":34,"Damaru":14,"Yang":17,"PreservedInsect":6,"Pen Nib":27,"Boot":17,"Question Card":43,"Calling Bell":17,"Busted Crown":0,"Strawberry":24,"Bronze Scales":41,"Art of War":8,"PureWater":0,"TungstenRod":17},{"Regal Pillow":15,"Gremlin Horn":7,"Astrolabe":19,"Damaru":9,"Yang":10,"PreservedInsect":4,"Pen Nib":16,"Boot":10,"Question Card":23,"Calling Bell":10,"Busted Crown":0,"Strawberry":15,"Bronze Scales":22,"Art of War":6,"PureWater":0,"TungstenRod":10},{"Regal Pillow":57,"Gremlin Horn":25,"Astrolabe":77,"Damaru":30,"Yang":38,"PreservedInsect":14,"Pen Nib":62,"Boot":38,"Question Card":91,"Calling Bell":38,"Busted Crown":0,"Strawberry":57,"Bronze Scales":87,"Art of War":23,"PureWater":0,"TungstenRod":38}],"TungstenRod":37},"card_choices":[{"not_picked":[],"picked":"EmptyFist","floor":1.0},{"not_picked":[],"picked":"BowlingBash","floor":2.0},{"not_picked":["WreathOfFlame"],"picked":"SKIP","floor":4.0},{"not_picked":[],"picked":"SandsOfTime","floor":6.0},{"not_picked":[],"picked":"FlyingSleeves","floor":7.0},{"not_picked":[],"picked":"LessonLearned","floor":8.0},{"not_picked":["Halt"],"picked":"SKIP","floor":11.0},{"not_picked":[],"picked":"DeceiveReality","floor":13.0},{"not_picked":["FlurryOfBlows"],"picked":"SKIP","floor":14.0},{"not_picked":[],"picked":"Judgement","floor":16.0},{"not_picked":["PathToVictory+1"],"picked":"SKIP","floor":18.0},{"not_picked":[],"picked":"Adaptation","floor":19.0},{"not_picked":["Halt+1"],"picked":"SKIP","floor":20.0},{"not_picked":[],"picked":"BattleHymn","floor":22.0},{"not_picked":["JustLucky"],"picked":"SKIP","floor":24.0},{"not_picked":[],"picked":"Evaluate","floor":27},{"not_picked":[],"picked":"Crescendo","floor":29},{"not_picked":[],"picked":"Worship","floor":30},{"not_picked":[],"picked":"Devotion","floor":33},{"not_picked":["FlurryOfBlows"],"picked":"SKIP","floor":35},{"not_picked":[],"picked":"EmptyFist+1","floor":36},{"not_picked":[],"picked":"Panacea","floor":38},{"not_picked":[],"picked":"Flash of Steel","floor":38},{"not_picked":[],"picked":"Finesse","floor":38},{"not_picked":[],"picked":"ThirdEye","floor":41},{"not_picked":["FlyingSleeves+1"],"picked":"SKIP","floor":42}],"player_experience":1901186,"relics_obtained":[{"floor":6.0,"key":"PreservedInsect"},{"floor":8.0,"key":"Art of War"},{"floor":11.0,"key":"Gremlin Horn"},{"floor":14.0,"key":"Damaru"},{"floor":17.0,"key":"Boot"},{"floor":17.0,"key":"Yang"},{"floor":17.0,"key":"TungstenRod"},{"floor":24.0,"key":"Strawberry"},{"floor":26.0,"key":"Regal Pillow"},{"floor":27,"key":"Pen Nib"},{"floor":41,"key":"Bronze Scales"},{"floor":43,"key":"Question Card"}],"event_choices":[{"damage_healed":0.0,"max_hp_gain":0.0,"max_hp_loss":0.0,"gold_gain":50.0,"event_name":"FaceTrader","player_choice":"Touch","floor":3.0,"gold_loss":0.0,"damage_taken":6.0},{"damage_healed":0.0,"max_hp_gain":0.0,"max_hp_loss":0.0,"gold_gain":0.0,"event_name":"Accursed Blacksmith","player_choice":"Forge","floor":12.0,"gold_loss":0.0,"damage_taken":0.0,"cards_upgraded":["Apotheosis"]},{"damage_healed":0,"gold_gain":0,"player_choice":"Max HP","damage_taken":0,"max_hp_gain":0,"max_hp_loss":4,"event_name":"Winding Halls","floor":37,"gold_loss":0},{"damage_healed":0,"gold_gain":0,"player_choice":"Memory 3","damage_taken":10,"max_hp_gain":0,"max_hp_loss":0,"event_name":"SensoryStone","floor":38,"gold_loss":0},{"damage_healed":0,"gold_gain":0,"player_choice":"1 cards matched","damage_taken":0,"max_hp_gain":0,"max_hp_loss":0,"event_name":"Match and Keep!","floor":39,"gold_loss":0,"cards_obtained":["WaveOfTheHand"]}],"is_beta":false,"boss_relics":[{"not_picked":["Velvet Choker","VioletLotus"],"picked":"Calling Bell"},{"not_picked":["SacredBark","Snecko Eye"],"picked":"Astrolabe"}],"items_purged_floors":[],"is_endless":false,"potions_floor_spawned":[6,8,11,13,14,18,24,27,30,36,41,42],"killed_by":"Giant Head","ascension_level":20}}