{"host":"e1dlxrn9xf91lno8","time":1613497716,"event":{"mods":["AchievementEnabler","Aspiration","Bard","BaseMod","Beaked The Cultist","Bestiary","Better Altar","Better Sensory Stone","Better Third Choice","BetterRewards","Bossed Relics","Colored Map","Colored Powertips","Energized Spire","Filter the Spire","GungeonMod","Hermit","Highlight Path","Hubris","Infinite Spire","Mimic Mod","Minty Spire (QoL Compilation)","Morshu Shopkeeper","Morshu Shopkeeper - ENHANCED","Quick Restart","Rare Cards Sparkle","Reliquary","Replay The Spire","Shop Mod","Smile Girya","Somnambulant","StSLib","The Blue Laboratory","The Cursed","The Disciple","The Runesmith","Together in Spire","Uncapped","everything is the same but u backflip on backflip","slay the spire mod where everything is the same but ironclad has a cowboy hat"],"gold_per_floor":[114,114,129,129,144,144,76,76,151,151,181,181,181,7,7,107,107,122,137,137,137,152,152,152,152],"floor_reached":24,"language":"ENG","playtime":808,"items_purged":[],"score":192,"play_id":"efbd32df-f1a8-4b9b-beaf-72efdce4887b","local_time":"20210216124836","is_ascension_mode":false,"campfire_choices":[{"data":"Runesmith:Fortify","floor":6,"key":"SMITH"},{"data":"Runesmith:Firestorm","floor":8,"key":"SMITH"},{"data":"Runesmith:CraftFirestone","floor":10,"key":"SMITH"},{"data":"Runesmith:ArcReactor","floor":13,"key":"SMITH"},{"data":"Runesmith:EnergizedChisel","floor":15,"key":"SMITH"},{"data":"hubris:InfiniteBlow","floor":23,"key":"SMITH"}],"circlet_count":0,"master_deck":["Runesmith:Strike_RS","Runesmith:Strike_RS","Runesmith:Strike_RS","Runesmith:Strike_RS","Runesmith:Defend_RS","Runesmith:Defend_RS","Runesmith:Defend_RS","Runesmith:Defend_RS","Runesmith:CraftFirestone+1","Runesmith:Fortify+1","Runesmith:Refine+1","Runesmith:HeatedChisel","Runesmith:HammerThrow","Runesmith:Firestorm+1","Runesmith:ArcReactor+1","Runesmith:EnergizedChisel+1","Runesmith:CraftMedicinae","Languid","beaked:Ceremony","Runesmith:Duplicate","Enlightenment","infinitespire:FinalStrike","Runesmith:HeatedChisel","Runesmith:Grindstone+1","hubris:InfiniteBlow+1","Runesmith:Superposition"],"relics":["Runesmith:BrokenRuby","DemoMod:SerJunkan","DemoMod:Junk","Membership Card","ReplayTheSpireMod:SealedPack","Singing Bowl"],"acts_visited":["Exordium","TheCity"],"potions_floor_usage":[],"damage_taken":[{"damage":0,"enemies":"Small Slimes","floor":1,"turns":4},{"damage":0,"enemies":"Jaw Worm","floor":3,"turns":3},{"damage":0,"enemies":"2 Louse","floor":5,"turns":3},{"damage":10,"enemies":"3 Sentries","floor":11,"turns":8},{"damage":1,"enemies":"Slime Boss","floor":16,"turns":10},{"damage":22,"enemies":"Spheric Guardian","floor":18,"turns":4},{"damage":15,"enemies":"Shell Parasite","floor":19,"turns":5},{"damage":32,"enemies":"Snake Plant","floor":22,"turns":5},{"damage":0,"enemies":"Shelled Parasite and Fungi","floor":24,"turns":1}],"seed_played":"-4743233026465759150","potions_obtained":[{"floor":1,"key":"DemoMod:LeadSkinPotion"},{"floor":5,"key":"blueLaboratory:BottleOfRum"},{"floor":18,"key":"blueLaboratory:NullPotion"}],"is_trial":false,"path_per_floor":["M","?","M","?","M","R","$","R","T","R","E","?","R","$","R","B",null,"M","M","?","AVR","M","R","M"],"character_chosen":"RUNESMITH_CLASS","items_purchased":["Runesmith:Firestorm","Membership Card","Runesmith:EnergizedChisel"],"campfire_rested":0,"item_purchase_floors":[7,14,14],"current_hp_per_floor":[70,70,70,70,70,70,70,70,70,70,60,60,60,60,60,59,70,48,33,33,33,1,1,1,1],"gold":152,"neow_bonus":"","is_daily":true,"chose_seed":false,"campfire_upgraded":6,"win_rate":0.0,"timestamp":1613497716,"path_taken":["M","?","M","?","M","R","$","R","T","R","E","?","R","$","R","BOSS","M","M","?","AVR","M","R","?"],"items_purchased_type":["Card","Relic","Card"],"build_version":"2020-12-22","purchased_purges":0,"victory":false,"max_hp_per_floor":[70,70,70,70,70,70,70,70,70,70,70,70,70,70,70,70,70,70,70,70,70,70,70,70,70],"card_choices":[{"not_picked":["Runesmith:EnergizedChisel","Runesmith:Repurpose"],"picked":"Runesmith:CraftObretio","floor":1},{"not_picked":["Runesmith:OneForEveryone","Runesmith:HeatExchange"],"picked":"Runesmith:HeatedChisel","floor":3},{"not_picked":["Runesmith:NanitesCloud","Runesmith:Empowerment"],"picked":"Runesmith:HammerThrow","floor":5},{"not_picked":["Runesmith:Repurpose","Runesmith:Firestorm"],"picked":"Runesmith:ArcReactor","floor":11},{"not_picked":["Runesmith:CraftIndustria","Runesmith:ReplicatingBarrier"],"picked":"Runesmith:CraftMedicinae","floor":16},{"not_picked":["hermit:Snapshot","DemoMod:Roll"],"picked":"beaked:Ceremony","floor":17},{"not_picked":["Runesmith:CraftPrismatica","Runesmith:Supernova"],"picked":"Runesmith:Duplicate","floor":17},{"not_picked":["Replay:Bootleg Shield Generator","ReplayTheSpireMod:Uncanny Aura"],"picked":"Enlightenment","floor":17},{"not_picked":["hubris:Fate","infinitespire:Gouge"],"picked":"infinitespire:FinalStrike","floor":17},{"not_picked":["Runesmith:EarthShield","Runesmith:Overpower"],"picked":"Runesmith:HeatedChisel","floor":18},{"not_picked":["Runesmith:BackupBattery+1","Runesmith:Empowerment+1"],"picked":"Runesmith:Grindstone+1","floor":19},{"not_picked":["Runesmith:HeatExchange","Runesmith:UnstableHammer"],"picked":"Runesmith:Superposition","floor":22}],"player_experience":25306,"relics_obtained":[{"floor":9,"key":"DemoMod:SerJunkan"},{"floor":11,"key":"DemoMod:Junk"}],"event_choices":[{"damage_healed":0,"gold_gain":0,"player_choice":"Ignored","damage_taken":0,"max_hp_gain":0,"max_hp_loss":0,"event_name":"Golden Wing","floor":12,"gold_loss":0},{"damage_healed":0,"gold_gain":0,"player_choice":"Ignored","damage_taken":0,"max_hp_gain":0,"max_hp_loss":0,"event_name":"Transmorgrifier","floor":20,"gold_loss":0}],"is_beta":false,"boss_relics":[{"not_picked":["Painkiller Herb","reliquary:WritOfMandamus"],"picked":"ReplayTheSpireMod:SealedPack"}],"items_purged_floors":[],"is_endless":false,"potions_floor_spawned":[1,5,18],"killed_by":"Shelled Parasite and Fungi","ascension_level":0}}