{"host":"f76wcztdlwlduum6","time":1613439297,"event":{"mods":["BaseMod","BetterRewards","Colored Powertips","Minty Spire (QoL Compilation)","Quick Restart","Rare Cards Sparkle","Relic Stats","StSLib","SuperFastMode","everything is the same but u backflip on backflip"],"gold_per_floor":[117,117,117,42,42,73,85,115,115,115,115,138,177,200,200,289,289,270,286,286,21,34,72,87,105,132,153,153,78,78,78,78],"floor_reached":31,"language":"ENG","playtime":1115,"items_purged":["Strike_B","Strike_B"],"score":600,"play_id":"350e862a-585f-4586-a24b-840ee485f920","local_time":"20210215193457","is_ascension_mode":true,"campfire_choices":[{"data":"Beam Cell","floor":11,"key":"SMITH"},{"data":"Go for the Eyes","floor":15,"key":"SMITH"},{"floor":30,"key":"REST"}],"circlet_count":0,"master_deck":["AscendersBane","Strike_B+1","Defend_B","Defend_B","Defend_B","Defend_B","Zap+1","Dualcast+1","Ball Lightning","Undo","Beam Cell+1","Cold Snap","Go for the Eyes+1","Coolheaded","Echo Form","Defragment","Scrape+1","Conserve Battery","Skim+1","Scrape"],"relics":["Cracked Core","NeowsBlessing","Emotion Chip","Thread and Needle","InkBottle","Golden Idol","Torii","Nuclear Battery","Membership Card","Toy Ornithopter","Bag of Preparation"],"acts_visited":["Exordium","TheCity"],"potions_floor_usage":[8,16,19,27],"damage_taken":[{"damage":0,"enemies":"2 Louse","floor":1,"turns":1},{"damage":0,"enemies":"3 Sentries","floor":6,"turns":1},{"damage":0,"enemies":"Small Slimes","floor":7,"turns":1},{"damage":7,"enemies":"Lagavulin","floor":8,"turns":4},{"damage":0,"enemies":"Cultist","floor":12,"turns":3},{"damage":10,"enemies":"Gremlin Nob","floor":13,"turns":4},{"damage":1,"enemies":"Blue Slaver","floor":14,"turns":2},{"damage":2,"enemies":"Hexaghost","floor":16,"turns":8},{"damage":7,"enemies":"2 Thieves","floor":18,"turns":4},{"damage":12,"enemies":"Spheric Guardian","floor":19,"turns":4},{"damage":60,"enemies":"Cultist and Chosen","floor":22,"turns":8},{"damage":10,"enemies":"Book of Stabbing","floor":23,"turns":7},{"damage":22,"enemies":"Snake Plant","floor":24,"turns":4},{"damage":1,"enemies":"Centurion and Healer","floor":25,"turns":6},{"damage":0,"enemies":"Shelled Parasite and Fungi","floor":27,"turns":4},{"damage":55,"enemies":"Slavers","floor":31,"turns":3}],"seed_played":"-335267342789845350","potions_obtained":[{"floor":6,"key":"FearPotion"},{"floor":7,"key":"FairyPotion"},{"floor":8,"key":"PotionOfCapacity"},{"floor":18,"key":"Fruit Juice"},{"floor":19,"key":"Dexterity Potion"},{"floor":25,"key":"BlessingOfTheForge"}],"is_trial":false,"path_per_floor":["M","?","?","$","?","E","M","E","T","?","R","M","E","M","R","B",null,"M","M","?","$","M","E","M","M","T","M","?","?","R","E"],"character_chosen":"DEFECT","items_purchased":["Membership Card","FairyPotion"],"campfire_rested":1,"item_purchase_floors":[21,21],"current_hp_per_floor":[64,43,48,48,48,48,48,41,41,41,41,41,31,30,30,28,59,52,45,45,45,22,12,15,14,14,19,19,19,41,0,0],"gold":78,"neow_bonus":"THREE_ENEMY_KILL","is_daily":false,"chose_seed":false,"campfire_upgraded":2,"win_rate":0.0,"timestamp":1613439297,"path_taken":["M","?","?","$","?","E","?","E","T","?","R","M","E","M","R","BOSS","M","M","?","$","M","E","M","?","T","M","?","?","R","E"],"items_purchased_type":["Relic","Potion"],"build_version":"2020-12-22","purchased_purges":2,"victory":false,"max_hp_per_floor":[71,71,76,76,76,76,76,76,76,69,69,69,69,69,69,69,69,69,74,74,74,74,74,74,74,74,74,74,74,74,74,74],"relic_stats":{"Emotion Chip":[50,25,15,0,10],"Torii":25,"counters":[16,64],"Golden Idol":65,"Bag of Preparation":[4],"obtain_stats":[{"Emotion Chip":6,"NeowsBlessing":0,"Torii":13,"Golden Idol":10,"Thread and Needle":8,"Bag of Preparation":26,"Membership Card":21,"Cracked Core":0,"InkBottle":9,"Toy Ornithopter":23,"Nuclear Battery":17},{"Emotion Chip":2,"NeowsBlessing":0,"Torii":6,"Golden Idol":4,"Thread and Needle":4,"Bag of Preparation":14,"Membership Card":10,"Cracked Core":0,"InkBottle":4,"Toy Ornithopter":12,"Nuclear Battery":8},{"Emotion Chip":2,"NeowsBlessing":0,"Torii":14,"Golden Idol":7,"Thread and Needle":7,"Bag of Preparation":57,"Membership Card":32,"Cracked Core":0,"InkBottle":7,"Toy Ornithopter":47,"Nuclear Battery":24}],"InkBottle":[24],"Toy Ornithopter":5},"card_choices":[{"not_picked":["Double Energy","Aggregate"],"picked":"Ball Lightning","floor":1},{"not_picked":["Rebound","Stack"],"picked":"Undo","floor":6},{"not_picked":["Rebound","Double Energy"],"picked":"Beam Cell","floor":7},{"not_picked":["Rebound","Static Discharge"],"picked":"Cold Snap","floor":8},{"not_picked":["Reprogram","Sweeping Beam"],"picked":"Go for the Eyes","floor":12},{"not_picked":["Reprogram","Undo","Chaos"],"picked":"SKIP","floor":13},{"not_picked":["Thunder Strike","Gash"],"picked":"Coolheaded","floor":14},{"not_picked":["Rainbow","Multi-Cast"],"picked":"Echo Form","floor":16},{"not_picked":["Chaos","Redo"],"picked":"Defragment","floor":18},{"not_picked":["Cold Snap","Blizzard"],"picked":"Scrape","floor":19},{"not_picked":["Redo","Cold Snap+1"],"picked":"Conserve Battery","floor":22},{"not_picked":["Consume+1","Lockon+1","Stack"],"picked":"SKIP","floor":23},{"not_picked":["Rebound+1","Streamline"],"picked":"Skim+1","floor":24},{"not_picked":["Sweeping Beam","Undo","Gash"],"picked":"SKIP","floor":25},{"not_picked":["Cold Snap","Turbo","Sweeping Beam"],"picked":"SKIP","floor":27}],"player_experience":331513,"relics_obtained":[{"floor":6,"key":"Emotion Chip"},{"floor":8,"key":"Thread and Needle"},{"floor":9,"key":"InkBottle"},{"floor":13,"key":"Torii"},{"floor":23,"key":"Toy Ornithopter"},{"floor":26,"key":"Bag of Preparation"}],"event_choices":[{"damage_healed":0,"gold_gain":0,"player_choice":"Entered Light","damage_taken":21,"max_hp_gain":0,"max_hp_loss":0,"event_name":"Shining Light","floor":2,"gold_loss":0,"cards_upgraded":["Strike_B","Dualcast"]},{"damage_healed":0,"gold_gain":0,"player_choice":"Donut","damage_taken":0,"max_hp_gain":5,"max_hp_loss":0,"event_name":"Big Fish","floor":3,"gold_loss":0},{"damage_healed":0,"gold_gain":0,"player_choice":"Upgraded","damage_taken":0,"max_hp_gain":0,"max_hp_loss":0,"event_name":"Upgrade Shrine","floor":5,"gold_loss":0,"cards_upgraded":["Zap"]},{"damage_healed":0,"gold_gain":0,"player_choice":"Lose Max HP","damage_taken":0,"relics_obtained":["Golden Idol"],"max_hp_gain":0,"max_hp_loss":7,"event_name":"Golden Idol","floor":10,"gold_loss":0},{"damage_healed":0,"gold_gain":0,"player_choice":"Upgraded","damage_taken":0,"max_hp_gain":0,"max_hp_loss":0,"event_name":"Upgrade Shrine","floor":20,"gold_loss":0,"cards_upgraded":["Scrape"]},{"damage_healed":0,"gold_gain":0,"player_choice":"Read","damage_taken":0,"max_hp_gain":0,"max_hp_loss":0,"event_name":"The Library","floor":28,"gold_loss":0,"cards_obtained":["Scrape"]},{"cards_removed":["Strike_B"],"damage_healed":0,"gold_gain":0,"player_choice":"Gave Gold","damage_taken":0,"max_hp_gain":0,"max_hp_loss":0,"event_name":"Beggar","floor":29,"gold_loss":75}],"is_beta":false,"boss_relics":[{"not_picked":["Black Star","SlaversCollar"],"picked":"Nuclear Battery"}],"items_purged_floors":[4,21],"is_endless":false,"potions_floor_spawned":[6,7,8,13,14,18,19,25],"killed_by":"Slavers","ascension_level":20}}