{"host":"ueur771it0nnharr","time":1613445456,"event":{"mods":["AchievementEnabler","BaseMod","Colored Map","Colored Powertips","Highlight Path","Hubris","Minty Spire (QoL Compilation)","StSLib"],"gold_per_floor":[16,84,84,97,109,109,140,80,80,95,125,125,125,156,156,156,156],"floor_reached":16,"language":"ENG","playtime":670,"items_purged":["Strike_P"],"score":124,"play_id":"13778607-b1ff-4c2e-b209-08a4d7a7ab28","local_time":"20210215221736","is_ascension_mode":true,"campfire_choices":[{"data":"Eruption","floor":6,"key":"SMITH"},{"floor":13,"key":"REST"},{"floor":15,"key":"REST"}],"circlet_count":0,"master_deck":["Strike_P","Strike_P","Strike_P","Defend_P","Defend_P","Defend_P","Defend_P","Eruption+1","Vigilance","ReachHeaven","SashWhip","MasterReality","Injury","Consecrate"],"relics":["PureWater","The Courier","Toy Ornithopter","Yang","Golden Idol","hubris:SlimyHat"],"acts_visited":["Exordium"],"potions_floor_usage":[14],"damage_taken":[{"damage":2,"enemies":"2 Louse","floor":1,"turns":3},{"damage":0,"enemies":"Small Slimes","floor":4,"turns":3},{"damage":2,"enemies":"Jaw Worm","floor":5,"turns":3},{"damage":29,"enemies":"3 Sentries","floor":7,"turns":10},{"damage":7,"enemies":"Large Slime","floor":10,"turns":4},{"damage":18,"enemies":"Gremlin Nob","floor":14,"turns":5},{"damage":82,"enemies":"Hexaghost","floor":16,"turns":13}],"seed_played":"-8169973625819020774","potions_obtained":[{"floor":4,"key":"SpeedPotion"},{"floor":14,"key":"EssenceOfSteel"}],"is_trial":false,"path_per_floor":["M","?","?","M","M","R","E","$","T","M","?","?","R","E","R","B"],"character_chosen":"WATCHER","items_purchased":[],"campfire_rested":2,"item_purchase_floors":[],"current_hp_per_floor":[84,84,81,81,79,79,50,50,50,43,43,43,68,55,80,0,0],"gold":156,"neow_bonus":"TWENTY_PERCENT_HP_BONUS","is_daily":false,"chose_seed":false,"campfire_upgraded":1,"win_rate":0.0,"timestamp":1613445456,"path_taken":["M","?","?","M","M","R","E","$","T","M","?","?","R","E","R","BOSS"],"items_purchased_type":[],"build_version":"2020-12-22","purchased_purges":1,"victory":false,"max_hp_per_floor":[86,86,86,86,86,86,86,86,86,86,86,86,86,86,86,86,86],"card_choices":[{"not_picked":["Prostrate","Halt"],"picked":"ReachHeaven","floor":1},{"not_picked":["BowlingBash","Collect"],"picked":"SashWhip","floor":4},{"not_picked":["Adaptation","FlyingSleeves","SignatureMove"],"picked":"SKIP","floor":5},{"not_picked":["CarveReality","Prostrate"],"picked":"MasterReality","floor":7},{"not_picked":["TalkToTheHand","Fasting2","BowlingBash"],"picked":"SKIP","floor":10},{"not_picked":["FlurryOfBlows","Weave"],"picked":"Consecrate","floor":14}],"player_experience":795122,"relics_obtained":[{"floor":7,"key":"Toy Ornithopter"},{"floor":9,"key":"Yang"},{"floor":14,"key":"hubris:SlimyHat"}],"event_choices":[{"damage_healed":0,"gold_gain":68,"player_choice":"Gained Gold","damage_taken":0,"max_hp_gain":0,"max_hp_loss":0,"event_name":"Golden Wing","floor":2,"gold_loss":0},{"damage_healed":0,"gold_gain":0,"player_choice":"Success","damage_taken":3,"relics_obtained":["The Courier"],"max_hp_gain":0,"max_hp_loss":0,"event_name":"Scrap Ooze","floor":3,"gold_loss":0},{"damage_healed":0,"gold_gain":30,"player_choice":"Searched \u00271\u0027 times","damage_taken":0,"max_hp_gain":0,"max_hp_loss":0,"event_name":"Dead Adventurer","floor":11,"gold_loss":0},{"damage_healed":0,"gold_gain":0,"player_choice":"Take Wound","damage_taken":0,"relics_obtained":["Golden Idol"],"max_hp_gain":0,"max_hp_loss":0,"event_name":"Golden Idol","floor":12,"gold_loss":0,"cards_obtained":["Injury"]}],"is_beta":false,"boss_relics":[],"items_purged_floors":[8],"is_endless":false,"potions_floor_spawned":[4,14],"killed_by":"Hexaghost","ascension_level":3}}