{"host":"u4tznopnj1dsdkte","time":1613497195,"event":{"mods":["AchievementEnabler","BaseMod","Colored Map","Colored Powertips","DeckTracker","Highlight Path","Minty Spire (QoL Compilation)","Relic Stats"],"gold_per_floor":[116,136,61,61,72,106,126,126,150,150,201,212,212,11,11,11,11],"floor_reached":16,"language":"ENG","playtime":959,"items_purged":["Strike_G"],"score":220,"play_id":"33b62324-2ec1-4161-b402-e2d0e3bf4466","local_time":"20210216183955","is_ascension_mode":true,"campfire_choices":[{"floor":8,"key":"REST"},{"data":"Prepared","floor":10,"key":"SMITH"},{"floor":13,"key":"REST"},{"data":"Secret Weapon","floor":15,"key":"SMITH"}],"circlet_count":0,"master_deck":["AscendersBane","Strike_G","Strike_G","Strike_G","Strike_G","Defend_G","Defend_G","Defend_G","Defend_G","Defend_G","Survivor","Neutralize","Master of Strategy","Well Laid Plans","Doubt","Endless Agony","Masterful Stab","Prepared+1","Prepared","Secret Weapon+1"],"relics":["Ring of the Snake","Regal Pillow","Oddly Smooth Stone","Happy Flower"],"acts_visited":["Exordium"],"potions_floor_usage":[6,6,11,11],"damage_taken":[{"damage":2,"enemies":"Cultist","floor":1,"turns":5},{"damage":2,"enemies":"Small Slimes","floor":2,"turns":4},{"damage":0,"enemies":"2 Louse","floor":5,"turns":4},{"damage":28,"enemies":"Gremlin Nob","floor":6,"turns":5},{"damage":4,"enemies":"Looter","floor":7,"turns":4},{"damage":43,"enemies":"Lagavulin","floor":11,"turns":11},{"damage":0,"enemies":"2 Fungi Beasts","floor":12,"turns":4},{"damage":62,"enemies":"Slime Boss","floor":16,"turns":9}],"seed_played":"1976329211428457982","potions_obtained":[{"floor":1,"key":"Swift Potion"},{"floor":2,"key":"BlessingOfTheForge"},{"floor":6,"key":"ColorlessPotion"},{"floor":7,"key":"CunningPotion"}],"is_trial":false,"path_per_floor":["M","M","$","?","M","E","M","R","T","R","E","M","R","$","R","B"],"character_chosen":"THE_SILENT","items_purchased":["Secret Weapon"],"campfire_rested":2,"item_purchase_floors":[14],"current_hp_per_floor":[57,55,55,55,55,27,23,56,56,56,13,13,46,46,46,0,0],"gold":11,"neow_bonus":"RANDOM_COLORLESS_2","is_daily":false,"chose_seed":false,"campfire_upgraded":2,"win_rate":0.0,"timestamp":1613497195,"path_taken":["M","M","?","?","M","E","M","R","T","R","E","?","R","$","R","BOSS"],"items_purchased_type":["Card"],"build_version":"2020-12-22","purchased_purges":1,"victory":false,"max_hp_per_floor":[60,60,60,60,60,60,60,60,60,60,60,60,60,60,60,60,60],"relic_stats":{"Regal Pillow":30,"Happy Flower":[4],"counters":[8,46],"obtain_stats":[{"Regal Pillow":6,"Happy Flower":11,"Oddly Smooth Stone":9,"Ring of the Snake":0},{"Regal Pillow":4,"Happy Flower":6,"Oddly Smooth Stone":5,"Ring of the Snake":0},{"Regal Pillow":18,"Happy Flower":33,"Oddly Smooth Stone":22,"Ring of the Snake":0}],"Ring of the Snake":[17]},"card_choices":[{"not_picked":["Chrysalis","Apotheosis"],"picked":"Master of Strategy","floor":0},{"not_picked":["All Out Attack","Backflip","Sucker Punch"],"picked":"SKIP","floor":1},{"not_picked":["Choke","Slice"],"picked":"Well Laid Plans","floor":2},{"not_picked":["Escape Plan","Poisoned Stab","Distraction"],"picked":"SKIP","floor":5},{"not_picked":["Outmaneuver","Blade Dance"],"picked":"Masterful Stab","floor":6},{"not_picked":["Underhanded Strike","Backflip"],"picked":"Prepared","floor":7},{"not_picked":["Dagger Throw","Distraction","Accuracy"],"picked":"SKIP","floor":11},{"not_picked":["Bane","Dodge and Roll"],"picked":"Prepared","floor":12}],"player_experience":1250865,"relics_obtained":[{"floor":6,"key":"Regal Pillow"},{"floor":9,"key":"Oddly Smooth Stone"},{"floor":11,"key":"Happy Flower"}],"event_choices":[{"damage_healed":0,"gold_gain":0,"player_choice":"2 cards matched","damage_taken":0,"max_hp_gain":0,"max_hp_loss":0,"event_name":"Match and Keep!","floor":4,"gold_loss":0,"cards_obtained":["Doubt","Endless Agony"]}],"is_beta":false,"boss_relics":[],"items_purged_floors":[3],"is_endless":false,"potions_floor_spawned":[1,2,6,7],"killed_by":"Slime Boss","ascension_level":20}}