{"host":"o88u0awh8mkwl1l8","time":1613441417,"event":{"mods":["BaseMod","Colored Map","Highlight Path","Minty Spire (QoL Compilation)","Relic Sorter"],"gold_per_floor":[119,44,55,55,74,74,94,94,166,166,198,210,225,150,150,224,224,242,253,266,285,300,300,300],"floor_reached":23,"language":"JPN","playtime":6173,"items_purged":["Defend_B"],"score":394,"play_id":"1a4cdde9-2a74-4e03-bec6-4dd95e263c25","local_time":"20210216111017","is_ascension_mode":true,"campfire_choices":[{"data":"Sweeping Beam","floor":6.0,"key":"SMITH"},{"data":"Conserve Battery","floor":10.0,"key":"SMITH"},{"data":"Streamline","floor":15.0,"key":"SMITH"}],"circlet_count":0,"master_deck":["AscendersBane","Strike_B","Strike_B","Strike_B","Defend_B","Defend_B","Defend_B","Zap+1","Dualcast","Conserve Battery+1","Sweeping Beam+1","Coolheaded","BootSequence","Glacier","Ball Lightning","Chill","Streamline+1","Creative AI","Barrage","Hologram","Darkness"],"relics":["Inserter","Pen Nib","Cables","Cursed Key"],"acts_visited":["Exordium","TheCity"],"potions_floor_usage":[20,23],"damage_taken":[{"damage":1.0,"enemies":"Small Slimes","floor":1.0,"turns":4.0},{"damage":1.0,"enemies":"Cultist","floor":3.0,"turns":4.0},{"damage":0.0,"enemies":"Jaw Worm","floor":5.0,"turns":4.0},{"damage":1.0,"enemies":"Exordium Thugs","floor":7.0,"turns":5.0},{"damage":3.0,"enemies":"Lagavulin","floor":11.0,"turns":11.0},{"damage":0.0,"enemies":"3 Louse","floor":12.0,"turns":4.0},{"damage":0.0,"enemies":"Blue Slaver","floor":13.0,"turns":4.0},{"damage":34.0,"enemies":"Slime Boss","floor":16.0,"turns":13.0},{"damage":1.0,"enemies":"Shell Parasite","floor":18.0,"turns":5.0},{"damage":3.0,"enemies":"Chosen","floor":19.0,"turns":4.0},{"damage":17,"enemies":"Shelled Parasite and Fungi","floor":20,"turns":6},{"damage":25,"enemies":"Snecko","floor":21,"turns":6},{"damage":2,"enemies":"Centurion and Healer","floor":22,"turns":7},{"damage":11,"enemies":"Slavers","floor":23,"turns":1}],"seed_played":"982755445134215171","potions_obtained":[{"floor":1.0,"key":"SmokeBomb"},{"floor":3.0,"key":"DuplicationPotion"},{"floor":7.0,"key":"Block Potion"},{"floor":18.0,"key":"DuplicationPotion"},{"floor":22,"key":"Explosive Potion"}],"is_trial":false,"path_per_floor":["M","?","M","?","M","R","M","?","T","R","E","M","M","$","R","B",null,"M","M","M","M","M","E"],"character_chosen":"DEFECT","items_purchased":[],"campfire_rested":0,"item_purchase_floors":[],"current_hp_per_floor":[63,63,62,62,62,62,61,61,61,61,58,58,58,58,58,24,59,58,55,38,13,11,0,0],"gold":300,"neow_bonus":"BOSS_RELIC","is_daily":false,"chose_seed":false,"campfire_upgraded":3,"win_rate":0.0,"timestamp":1613441417,"path_taken":["M","?","M","?","M","R","?","?","T","R","E","M","M","$","R","BOSS","M","M","?","M","M","E"],"items_purchased_type":[],"build_version":"2020-12-22","purchased_purges":1,"victory":false,"max_hp_per_floor":[71,71,71,71,71,71,71,71,71,71,71,71,71,71,71,71,71,71,71,71,71,71,71,71],"card_choices":[{"not_picked":["Force Field","Steam"],"picked":"Conserve Battery","floor":1.0},{"not_picked":["Leap","Coolheaded"],"picked":"Sweeping Beam","floor":3.0},{"not_picked":["Turbo","Coolheaded"],"picked":"Glacier","floor":5.0},{"not_picked":["Cold Snap","Coolheaded","Stack"],"picked":"SKIP","floor":7.0},{"not_picked":["Lockon","Turbo"],"picked":"Ball Lightning","floor":11.0},{"not_picked":["Cold Snap","Stack"],"picked":"Chill","floor":12.0},{"not_picked":["Fusion","Steam"],"picked":"Streamline","floor":13.0},{"not_picked":["Fission","Reboot"],"picked":"Creative AI","floor":16.0},{"not_picked":["Compile Driver","Leap"],"picked":"Barrage","floor":18.0},{"not_picked":["BootSequence","Leap"],"picked":"Hologram","floor":19.0},{"not_picked":["Static Discharge","Turbo"],"picked":"Darkness","floor":21},{"not_picked":["Compile Driver","Turbo+1","Melter+1"],"picked":"SKIP","floor":22}],"player_experience":1258972,"relics_obtained":[{"floor":9.0,"key":"Cables"},{"floor":11.0,"key":"Pen Nib"}],"event_choices":[{"cards_removed":["Strike_B"],"damage_healed":0.0,"max_hp_gain":0.0,"max_hp_loss":0.0,"gold_gain":0.0,"event_name":"The Cleric","player_choice":"Card Removal","floor":2.0,"gold_loss":75.0,"damage_taken":0.0},{"damage_healed":0.0,"max_hp_gain":0.0,"max_hp_loss":0.0,"gold_gain":0.0,"event_name":"Match and Keep!","player_choice":"2 cards matched","floor":4.0,"gold_loss":0.0,"damage_taken":0.0,"cards_obtained":["Coolheaded","BootSequence"]},{"damage_healed":0.0,"max_hp_gain":0.0,"max_hp_loss":0.0,"gold_gain":0.0,"event_name":"Accursed Blacksmith","player_choice":"Forge","floor":8.0,"gold_loss":0.0,"damage_taken":0.0,"cards_upgraded":["Zap"]}],"is_beta":false,"boss_relics":[{"not_picked":["Empty Cage","SlaversCollar"],"picked":"Cursed Key"}],"items_purged_floors":[14],"is_endless":false,"potions_floor_spawned":[1,3,7,18,19,22],"killed_by":"Slavers","ascension_level":20}}