{"host":"8t5dkgm85abdp22d","time":1613477687,"event":{"mods":["Act Like it!","BaseMod","Colored Powertips","Downfall","Gensokyo","Hallownest","Luminous","Marisa£®ÏF”Í°°ƒß¿Ì…≥£©","Minty Spire (QoL Compilation)","Prisma Mod","Reimu£®≤©¿ˆ¡È√Œ£©","Reliquary","Ryuuou¡˙Õı","SIMod","StSLib","The Bug Knight","TheWitcher","UnlockEverythingMod","Waifu the Spire","Yakumo Yukari mod","°æ“≈ŒÔø®≈∆°øREMEMod"],"gold_per_floor":[119,137,151,151,170,180,180,215,215,215,231,248,279,298,298,401,401,374,386,121,220,236,262,262,262],"floor_reached":24,"language":"ZHS","playtime":1573,"items_purged":["Defend_Lin:ReiMu"],"score":257,"play_id":"693dff43-77ae-4df4-9406-2c123b20a235","local_time":"20210216201447","is_ascension_mode":false,"campfire_choices":[{"data":"CardOfSanctity:ReiMu","floor":7,"key":"SMITH"},{"data":"Stagnation:ReiMu","floor":10,"key":"SMITH"},{"data":"CeremonyResonance:ReiMu","floor":15,"key":"SMITH"}],"circlet_count":0,"master_deck":["Strike_Lin:ReiMu","Strike_Lin:ReiMu","Strike_Lin:ReiMu","Strike_Lin:ReiMu","Defend_Lin:ReiMu","Defend_Lin:ReiMu","Defend_Lin:ReiMu","NB:ReiMu+1","Stagnation:ReiMu+1","CardOfSanctity:ReiMu+1","CeremonyResonance:ReiMu+1","PrayRite:ReiMu","RainPray2:ReiMu","Authority:ReiMu"],"relics":["FlyPower:ReiMu","REME_ComplimentaryCards","NeowsBlessing","Eternal Feather","Ancient Tea Set","reliquary:Stiletto","RedLine:ReiMu","Lee\u0027s Waffle","reliquary:IridiumChain"],"acts_visited":["Exordium","TheCity"],"potions_floor_usage":[16,16,23],"damage_taken":[{"damage":0,"enemies":"Cultist","floor":1,"turns":1},{"damage":0,"enemies":"Small Slimes","floor":2,"turns":1},{"damage":0,"enemies":"2 Louse","floor":3,"turns":1},{"damage":8,"enemies":"Large Slime","floor":5,"turns":10},{"damage":13,"enemies":"Blue Slaver","floor":6,"turns":5},{"damage":16,"enemies":"HollowMod:MossKnight","floor":8,"turns":11},{"damage":4,"enemies":"Red Slaver","floor":11,"turns":6},{"damage":0,"enemies":"3 Louse","floor":12,"turns":3},{"damage":0,"enemies":"Lagavulin","floor":13,"turns":7},{"damage":10,"enemies":"Lots of Slimes","floor":14,"turns":6},{"damage":9,"enemies":"Hexaghost","floor":16,"turns":14},{"damage":22,"enemies":"2 Thieves","floor":18,"turns":5},{"damage":19,"enemies":"Sentry and Sphere","floor":19,"turns":10},{"damage":0,"enemies":"Snake Plant","floor":22,"turns":4},{"damage":60,"enemies":"REME_1_Revenger","floor":23,"turns":10},{"damage":14,"enemies":"3 Cultists","floor":24,"turns":4}],"seed_played":"6823962780358193996","potions_obtained":[{"floor":1,"key":"AttackPotion"},{"floor":5,"key":"LiquidMemories"},{"floor":6,"key":"ZuzhouPotion:ReiMu"},{"floor":19,"key":"SpeedPotion"},{"floor":22,"key":"Fire Potion"}],"is_trial":false,"path_per_floor":["M","M","M","?","M","M","R","E","T","R","M","M","E","M","R","B",null,"M","M","$","?","M","E","M"],"character_chosen":"REIMU","items_purchased":["RainPray2:ReiMu","Lee\u0027s Waffle"],"campfire_rested":0,"item_purchase_floors":[20,20],"current_hp_per_floor":[65,65,65,65,57,44,44,28,28,34,30,30,30,20,26,17,65,43,24,72,72,72,12,0,0],"gold":262,"neow_bonus":"THREE_ENEMY_KILL","is_daily":false,"chose_seed":false,"campfire_upgraded":3,"win_rate":0.0,"timestamp":1613477687,"path_taken":["M","M","?","?","M","M","R","E","T","R","?","M","E","?","R","BOSS","M","M","$","?","M","E","M"],"items_purchased_type":["Card","Relic"],"build_version":"2020-12-22","purchased_purges":1,"victory":false,"max_hp_per_floor":[65,65,65,65,65,65,65,65,65,65,65,65,65,65,65,65,65,65,65,72,72,72,72,72,72],"card_choices":[{"not_picked":["PayForSelf:ReiMu","KamiSacrifice:ReiMu","SubcavityInstant:ReiMu"],"picked":"SKIP","floor":1},{"not_picked":["SubAcupoint:ReiMu","AlertArray:ReiMu","WonderfulDomain:ReiMu"],"picked":"SKIP","floor":2},{"not_picked":["UpKicking:ReiMu","AirStrike:ReiMu","OrbThrow:ReiMu"],"picked":"SKIP","floor":3},{"not_picked":["Amulet:ReiMu","KamiSacrifice:ReiMu"],"picked":"CardOfSanctity:ReiMu","floor":5},{"not_picked":["Crusade:ReiMu","SpringWay:ReiMu","SafetyPray:ReiMu"],"picked":"SKIP","floor":6},{"not_picked":["FantasyBorder:ReiMu","YinYangSange:ReiMu"],"picked":"CeremonyResonance:ReiMu","floor":8},{"not_picked":["TakeOff:ReiMu","Conquer:ReiMu","SubcavityInstant:ReiMu"],"picked":"SKIP","floor":11},{"not_picked":["SpringWay:ReiMu","TightArray:ReiMu","SubAcupoint:ReiMu"],"picked":"SKIP","floor":12},{"not_picked":["SpringWay:ReiMu","Meditation:ReiMu","WonderfulDomain:ReiMu"],"picked":"SKIP","floor":13},{"not_picked":["SpreadBorder2:ReiMu","SafetyPray:ReiMu","OctopathBindingBorder2:ReiMu"],"picked":"SKIP","floor":14},{"not_picked":["Dreaming:ReiMu","HakureiPhantom:ReiMu"],"picked":"PrayRite:ReiMu","floor":16},{"not_picked":["Amulet:ReiMu","EmergencyTakeOff:ReiMu","AirStrike:ReiMu"],"picked":"SKIP","floor":18},{"not_picked":["TakeOff:ReiMu","TightArray:ReiMu","Dreaming2:ReiMu"],"picked":"SKIP","floor":19},{"not_picked":["SafetyPray:ReiMu","SealNeedle:ReiMu","Mountainwind:ReiMu"],"picked":"SKIP","floor":22},{"not_picked":["AirStrike:ReiMu+1","FoulBorder2:ReiMu"],"picked":"Authority:ReiMu","floor":23}],"player_experience":145465,"relics_obtained":[{"floor":8,"key":"Eternal Feather"},{"floor":9,"key":"Ancient Tea Set"},{"floor":13,"key":"reliquary:Stiletto"},{"floor":23,"key":"reliquary:IridiumChain"}],"event_choices":[{"damage_healed":0,"gold_gain":0,"player_choice":"Forge","damage_taken":0,"max_hp_gain":0,"max_hp_loss":0,"event_name":"Accursed Blacksmith","floor":4,"gold_loss":0,"cards_upgraded":["NB:ReiMu"]},{"damage_healed":0,"gold_gain":99,"player_choice":"Stole From Cult","damage_taken":0,"max_hp_gain":0,"max_hp_loss":0,"event_name":"Nest","floor":21,"gold_loss":0}],"is_beta":false,"boss_relics":[{"not_picked":["bronze:MakeshiftBattery","reliquary:KinkedSpring"],"picked":"RedLine:ReiMu"}],"items_purged_floors":[20],"is_endless":false,"potions_floor_spawned":[1,5,6,11,14,19,22],"killed_by":"3 Cultists","ascension_level":0}}