{"host":"zk2wr01vh49shv6l","time":1613498185,"event":{"mods":["BaseMod","Hermit","Minty Spire (QoL Compilation)","Replay The Spire","StSLib","The Bug Knight"],"gold_per_floor":[116,136,136,136,153,186,186,212,292,308,320,320,330,2,2,106,106,125,125,224,46,96,126,126,69,93,93,17,49,49,63,63,158,208,223,9,27,46,46,46],"floor_reached":39,"language":"PTB","playtime":2437,"items_purged":["Hemogenesis+1","Intimidate"],"score":473,"play_id":"4a7e1dca-7a02-48ab-bb0a-b519b6a9fd98","local_time":"20210216155625","is_ascension_mode":true,"campfire_choices":[{"floor":7,"key":"REST"},{"floor":12,"key":"REST"},{"floor":15,"key":"REST"},{"floor":27,"key":"REST"},{"floor":30,"key":"REST"}],"circlet_count":0,"master_deck":["Strike_R","Strike_R","Strike_R","Strike_R","Strike_R","Defend_R","Defend_R","Defend_R","Defend_R","Fiend Fire","Flex","ReplayTheSpireMod:Strike From Hell","Carnage+1","Metallicize","Pummel+1","Flex","ReplayTheSpireMod:Strike From Hell+1","Life Link+1","Impervious","Havoc","Metallicize+1","Flash of Steel+1","Havoc","Amnesia","Feel No Pain+1","Infernal Blade","ReplayTheSpireMod:LeadingStrike+1","ReplayTheSpireMod:Strike From Hell+1","Sickly","Reaper+1","Normality","Run Through+1","Apotheosis","Offering","Uppercut+1","Defy Death"],"relics":["Burning Blood","Molten Egg 2","Peace Pipe","Matryoshka","Boot","HornCleat","Toy Ornithopter","Velvet Choker","Lantern","Ring of Greed","Ring of Hypnosis","Membership Card","MealTicket","Regal Pillow","Nilry\u0027s Codex","Smiling Mask","Bag of Marbles","Anchor","Singing Bowl","Tiny House"],"acts_visited":["TheCity","TheBeyond"],"potions_floor_usage":[5,13,18,33,33,33,35,35],"damage_taken":[{"damage":1,"enemies":"Cultist","floor":1,"turns":3},{"damage":5,"enemies":"2 Louse","floor":2,"turns":3},{"damage":10,"enemies":"Small Slimes","floor":5,"turns":3},{"damage":57,"enemies":"3 Sentries","floor":6,"turns":10},{"damage":30,"enemies":"Gremlin Nob","floor":8,"turns":4},{"damage":12,"enemies":"Exordium Wildlife","floor":10,"turns":3},{"damage":0,"enemies":"2 Fungi Beasts","floor":11,"turns":2},{"damage":0,"enemies":"Looter","floor":13,"turns":1},{"damage":60,"enemies":"Hexaghost","floor":16,"turns":11},{"damage":0,"enemies":"Spheric Guardian","floor":18,"turns":3},{"damage":44,"enemies":"Book of Stabbing","floor":23,"turns":5},{"damage":20,"enemies":"Gremlin Leader","floor":29,"turns":8},{"damage":0,"enemies":"2 Thieves","floor":31,"turns":3},{"damage":42,"enemies":"Champ","floor":33,"turns":11},{"damage":0,"enemies":"Orb Walker","floor":35,"turns":2},{"damage":19,"enemies":"3 Shapes","floor":37,"turns":3},{"damage":70,"enemies":"Maw","floor":38,"turns":9},{"damage":31,"enemies":"Writhing Mass","floor":39,"turns":3}],"seed_played":"7095995328626399104","potions_obtained":[{"floor":2,"key":"BlessingOfTheForge"},{"floor":11,"key":"Swift Potion"},{"floor":16,"key":"Strength Potion"},{"floor":29,"key":"Energy Potion"},{"floor":32,"key":"CultistPotion"},{"floor":32,"key":"ElixirPotion"},{"floor":33,"key":"LiquidMemories"},{"floor":34,"key":"DistilledChaos"},{"floor":37,"key":"Energy Potion"}],"is_trial":false,"path_per_floor":["M","M","T","?","M","E","R","E","T","M","M","R","M","$","R","B",null,"M","?","?","$","?","E","?","?","T","R","$","E","R","M","R","B",null,"M","$","M","M","M"],"character_chosen":"IRONCLAD","items_purchased":["ReplayTheSpireMod:Strike From Hell+1","Life Link+1","Toy Ornithopter","Metallicize","Flash of Steel+1","Havoc","Infernal Blade","ReplayTheSpireMod:LeadingStrike+1","Apotheosis","Offering"],"campfire_rested":5,"item_purchase_floors":[14,14,14,21,21,21,28,28,36,36],"current_hp_per_floor":[72,72,72,72,68,25,46,22,22,16,22,43,49,49,70,16,72,72,72,72,72,72,34,18,18,18,54,69,55,72,74,74,43,81,81,81,74,15,0,0],"gold":46,"neow_bonus":"THREE_RARE_CARDS","is_daily":false,"chose_seed":false,"campfire_upgraded":0,"win_rate":0.0,"timestamp":1613498185,"path_taken":["M","M","?","?","M","E","R","E","T","M","?","R","M","$","R","BOSS","M","?","?","$","?","E","?","?","T","R","$","E","R","M","R","BOSS","M","?","M","M","?"],"items_purchased_type":["Card","Card","Relic","Card","Card","Card","Card","Card","Card","Card"],"build_version":"2020-12-22","purchased_purges":2,"victory":false,"max_hp_per_floor":[72,72,72,72,72,72,72,72,72,72,72,72,72,72,72,72,72,72,72,72,72,72,72,72,72,72,72,72,72,72,74,74,74,81,81,81,81,81,81,81],"card_choices":[{"not_picked":["Offering","Berserk"],"picked":"Fiend Fire","floor":0.0},{"not_picked":["Pommel Strike","Perfected Strike"],"picked":"Flex","floor":1},{"not_picked":["Battle Trance","Twin Strike"],"picked":"ReplayTheSpireMod:Strike From Hell","floor":2},{"not_picked":["Clash+1","Clothesline+1"],"picked":"Hemogenesis+1","floor":5},{"not_picked":["Twin Strike+1","True Grit"],"picked":"Carnage+1","floor":6},{"not_picked":["Warcry","Twin Strike+1"],"picked":"Metallicize","floor":8},{"not_picked":["Rampage+1","Double Tap"],"picked":"Intimidate","floor":10},{"not_picked":["Combust","Body Slam+1"],"picked":"Pummel+1","floor":11},{"not_picked":["Rage","Clothesline+1"],"picked":"Flex","floor":13},{"not_picked":["Bludgeon+1","Barricade"],"picked":"Impervious","floor":16},{"not_picked":["Uppercut+1","Seeing Red"],"picked":"Havoc","floor":18},{"not_picked":["Thunderclap+1","Brutality"],"picked":"Feel No Pain+1","floor":23},{"not_picked":["Cleave+1","Wild Strike+1"],"picked":"ReplayTheSpireMod:Strike From Hell+1","floor":29},{"not_picked":["Perfected Strike+1","Warcry","Anger+1"],"picked":"Singing Bowl","floor":31},{"not_picked":["Immolate+1","Barricade"],"picked":"Reaper+1","floor":33},{"not_picked":["Anger+1","Flex","Searing Blow+1"],"picked":"Singing Bowl","floor":34},{"not_picked":["Flex+1","Heavy Blade+1"],"picked":"Run Through+1","floor":35},{"not_picked":["Rage+1","Shrug It Off"],"picked":"Uppercut+1","floor":37},{"not_picked":["Headbutt+1","Cleave+1"],"picked":"Defy Death","floor":38}],"player_experience":204409,"relics_obtained":[{"floor":3,"key":"Molten Egg 2"},{"floor":6,"key":"Peace Pipe"},{"floor":8,"key":"Matryoshka"},{"floor":9,"key":"Boot"},{"floor":9,"key":"HornCleat"},{"floor":22,"key":"Ring of Greed"},{"floor":22,"key":"Ring of Hypnosis"},{"floor":22,"key":"Membership Card"},{"floor":22,"key":"MealTicket"},{"floor":23,"key":"Regal Pillow"},{"floor":24,"key":"Nilry\u0027s Codex"},{"floor":26,"key":"Bag of Marbles"},{"floor":26,"key":"Anchor"},{"floor":29,"key":"Singing Bowl"}],"event_choices":[{"cards_removed":["Bash"],"damage_healed":0,"gold_gain":0,"player_choice":"Purged","damage_taken":0,"max_hp_gain":0,"max_hp_loss":0,"event_name":"Purifier","floor":4,"gold_loss":0},{"damage_healed":0,"gold_gain":99,"player_choice":"Stole From Cult","damage_taken":0,"max_hp_gain":0,"max_hp_loss":0,"event_name":"Nest","floor":20,"gold_loss":0},{"damage_healed":0,"gold_gain":0,"player_choice":"Obtained Book","damage_taken":16,"max_hp_gain":0,"max_hp_loss":0,"event_name":"Cursed Tome","floor":24,"gold_loss":0},{"damage_healed":0,"gold_gain":0,"player_choice":"Paid Gold","damage_taken":0,"relics_obtained":["Smiling Mask"],"max_hp_gain":0,"max_hp_loss":0,"event_name":"WeMeetAgain","floor":25,"gold_loss":57}],"is_beta":false,"boss_relics":[{"not_picked":["Sozu","SlaversCollar"],"picked":"Velvet Choker"},{"not_picked":["Runic Cube","SacredBark"],"picked":"Tiny House"}],"items_purged_floors":[14,36],"is_endless":false,"potions_floor_spawned":[2,11,16,29,33,37],"killed_by":"Writhing Mass","ascension_level":1}}