{"host":"n95r2z13dwkl182w","time":1613481186,"event":{"mods":["2.2 Compatiblity","AchievementEnabler","BaseMod","Colored Map","Hermit","Marisa£¨Ùöéë¡¡Øª×âÞÞ£©","Minty Spire (QoL Compilation)","StSLib","SuperFastMode","The Poker Player","everything is the same but u backflip on backflip"],"gold_per_floor":[113,137,137,156,207,207,207,239,308,335,351,370,370,370,370,474,474,490,503,503,503,503,503,522,547,570,580,580,580],"floor_reached":28,"language":"KOR","playtime":521,"items_purged":[],"score":312,"play_id":"dc8c0390-4628-4f7e-81cb-378bb5d83628","local_time":"20210216221306","is_ascension_mode":true,"campfire_choices":[{"data":"Defend_R","floor":6.0,"key":"SMITH"},{"data":"Cleave","floor":15,"key":"SMITH"},{"data":"Barricade","floor":23,"key":"SMITH"}],"circlet_count":0,"master_deck":["Strike_R","Strike_R","Strike_R+1","Strike_R+1","Defend_R","Defend_R+1","Defend_R","Defend_R","Bash+1","Shrug It Off+1","Cleave+1","Barricade+1","Perfected Strike","Bludgeon","Fiend Fire","Pain","Shrug It Off"],"relics":["Burning Blood","NeowsBlessing","Whetstone","Bag of Preparation","Mercury Hourglass","Orichalcum","Cursed Key","Nloth\u0027s Gift","Bag of Marbles","Omamori"],"acts_visited":["Exordium","TheCity"],"potions_floor_usage":[16,19,24,27,27],"damage_taken":[{"damage":0.0,"enemies":"Cultist","floor":1.0,"turns":1.0},{"damage":0.0,"enemies":"Small Slimes","floor":4.0,"turns":1.0},{"damage":0.0,"enemies":"Lagavulin","floor":8.0,"turns":1.0},{"damage":10.0,"enemies":"Gremlin Nob","floor":10.0,"turns":3.0},{"damage":4.0,"enemies":"Jaw Worm","floor":11.0,"turns":3.0},{"damage":2.0,"enemies":"Lots of Slimes","floor":12.0,"turns":2.0},{"damage":55,"enemies":"The Guardian","floor":16,"turns":9},{"damage":1,"enemies":"Chosen","floor":18,"turns":4},{"damage":0,"enemies":"3 Byrds","floor":19,"turns":3},{"damage":8,"enemies":"Snake Plant","floor":24,"turns":3},{"damage":44,"enemies":"Gremlin Leader","floor":25,"turns":7},{"damage":7,"enemies":"3 Cultists","floor":27,"turns":4},{"damage":0,"enemies":"Centurion and Healer","floor":28,"turns":1}],"seed_played":"8547601730991926177","potions_obtained":[{"floor":4.0,"key":"Swift Potion"},{"floor":10.0,"key":"Fire Potion"},{"floor":12.0,"key":"SkillPotion"},{"floor":18,"key":"FearPotion"},{"floor":24,"key":"Swift Potion"}],"is_trial":false,"path_per_floor":["M","T","?","M","T","R","?","E","T","E","M","M","?","?","R","B",null,"M","M","?","?","?","R","M","E","T","M","M"],"character_chosen":"IRONCLAD","items_purchased":[],"campfire_rested":0,"item_purchase_floors":[],"current_hp_per_floor":[80,80,80,80,80,80,80,80,80,76,78,80,80,80,80,31,80,80,80,65,65,65,65,63,25,25,24,24,24],"gold":580,"neow_bonus":"THREE_ENEMY_KILL","is_daily":false,"chose_seed":false,"campfire_upgraded":3,"win_rate":0.0,"timestamp":1613481186,"path_taken":["M","?","?","?","?","R","?","E","T","E","?","M","?","?","R","BOSS","M","M","?","?","?","R","M","E","T","?","M"],"items_purchased_type":[],"build_version":"2020-12-22","purchased_purges":0,"victory":false,"max_hp_per_floor":[80,80,80,80,80,80,80,80,80,80,80,80,80,80,80,80,80,80,80,85,85,85,85,85,85,85,85,85,85],"card_choices":[{"not_picked":["Headbutt","Armaments","Shrug It Off"],"picked":"SKIP","floor":1.0},{"not_picked":["Bloodletting","Brutality","Hemokinesis"],"picked":"SKIP","floor":4.0},{"not_picked":["Headbutt","Battle Trance"],"picked":"Shrug It Off","floor":8.0},{"not_picked":["Seeing Red","Carnage","Body Slam"],"picked":"SKIP","floor":10.0},{"not_picked":["Dark Embrace","Reckless Charge"],"picked":"Cleave","floor":11.0},{"not_picked":["Sever Soul","Clothesline","Sword Boomerang"],"picked":"SKIP","floor":12.0},{"not_picked":["Impervious","Exhume"],"picked":"Barricade","floor":16},{"not_picked":["Armaments","Cleave","Thunderclap"],"picked":"SKIP","floor":18},{"not_picked":["Twin Strike","Iron Wave+1"],"picked":"Perfected Strike","floor":19},{"not_picked":["Dual Wield+1","Inflame"],"picked":"Bludgeon","floor":24},{"not_picked":["Rupture","Inflame+1"],"picked":"Fiend Fire","floor":25},{"not_picked":["Sentinel","Seeing Red+1"],"picked":"Shrug It Off","floor":27}],"player_experience":92524,"relics_obtained":[{"floor":2.0,"key":"Whetstone"},{"floor":5.0,"key":"Bag of Preparation"},{"floor":8.0,"key":"Mercury Hourglass"},{"floor":9.0,"key":"Sundial"},{"floor":10.0,"key":"Orichalcum"},{"floor":25,"key":"Bag of Marbles"},{"floor":26,"key":"Omamori"}],"event_choices":[{"damage_healed":0.0,"max_hp_gain":0.0,"max_hp_loss":0.0,"gold_gain":0.0,"event_name":"Accursed Blacksmith","player_choice":"Forge","floor":3.0,"gold_loss":0.0,"damage_taken":0.0,"cards_upgraded":["Bash"]},{"cards_removed":["Strike_R"],"damage_healed":0.0,"max_hp_gain":0.0,"max_hp_loss":0.0,"gold_gain":0.0,"event_name":"Purifier","player_choice":"Purged","floor":7.0,"gold_loss":0.0,"damage_taken":0.0},{"damage_healed":0.0,"max_hp_gain":0.0,"max_hp_loss":0.0,"gold_gain":0.0,"event_name":"Living Wall","player_choice":"Grow","floor":13.0,"gold_loss":0.0,"damage_taken":0.0,"cards_upgraded":["Shrug It Off"]},{"damage_healed":0,"gold_gain":0,"player_choice":"Searched \u00270\u0027 times","damage_taken":0,"max_hp_gain":0,"max_hp_loss":0,"event_name":"Dead Adventurer","floor":14,"gold_loss":0},{"damage_healed":0,"gold_gain":0,"player_choice":"Shed Blood","damage_taken":20,"max_hp_gain":5,"max_hp_loss":0,"event_name":"Forgotten Altar","floor":20,"gold_loss":0},{"damage_healed":0,"gold_gain":0,"player_choice":"Ignored","damage_taken":0,"max_hp_gain":0,"max_hp_loss":0,"event_name":"Vampires","floor":21,"gold_loss":0},{"damage_healed":0,"gold_gain":0,"player_choice":"Traded Relic","damage_taken":0,"relics_obtained":["Nloth\u0027s Gift"],"max_hp_gain":0,"max_hp_loss":0,"event_name":"N\u0027loth","floor":22,"relics_lost":["Sundial"],"gold_loss":0}],"is_beta":false,"boss_relics":[{"not_picked":["Tiny House","Runic Cube"],"picked":"Cursed Key"}],"items_purged_floors":[],"is_endless":false,"potions_floor_spawned":[4,10,12,18,24],"killed_by":"Centurion and Healer","ascension_level":3}}