{"host":"rc0y5s0pznrxft0n","time":1613498654,"event":{"mods":["BaseMod","Downfall","Minty Spire (QoL Compilation)","StSLib"],"gold_per_floor":[99,115,131,131,149,178,261,273,285,321,365,36,53,53,63,165,165,165,180,180,180,199,230,230,250,250,262,262,282,282,54,68,171,221,221,236,252,302,302,204,204,220,247,301,301,6,6,38,38,38],"floor_reached":51,"language":"ENG","playtime":7686,"items_purged":["bronze:Strike","bronze:Strike","bronze:Defend","bronze:Strike+1"],"score":816,"play_id":"fb7b4626-fa86-4c93-b3ef-9359fd97a01d","local_time":"20210216130414","is_ascension_mode":true,"campfire_choices":[{"data":"bronze:RecursiveStrike","floor":1,"key":"SMITH"},{"data":"bronze:Return","floor":18,"key":"SMITH"},{"data":"bronze:HardenedForm","floor":30,"key":"SMITH"},{"data":"bronze:FineTuning","floor":35,"key":"SMITH"},{"floor":45,"key":"DIG"},{"data":"bronze:Invalidate","floor":47,"key":"SMITH"},{"data":"bronze:AlphaBuild","floor":49,"key":"SMITH"}],"circlet_count":0,"master_deck":["bronze:Defend","bronze:Replicate","bronze:Goto+1","bronze:RecursiveStrike+1","bronze:Repulsor+1","bronze:Shell+1","bronze:Safeguard","bronze:FollowUp+1","bronze:Overheat+1","bronze:Return+1","bronze:BronzeOrb","bronze:Optimize","bronze:Repair","bronze:HardenedForm+1","bronze:Repair","bronze:Boost+1","bronze:Invalidate+1","bronze:CutThrough","Necronomicurse","bronze:DelayedGuard","bronze:DelayedGuard","bronze:WhirlingStrike+1","bronze:ItsAFeature","bronze:ShipIt+1","bronze:FineTuning+1","bronze:Overload","bronze:Frontload+1","expansioncontent:YouAreMine","bronze:Branch+1","bronze:AlphaBuild+1"],"relics":["bronze:BronzeCore","MawBank","InkBottle","hexamod:BolsterEngine","Dream Catcher","Membership Card","Regal Pillow","bronze:MakeshiftBattery","Toy Ornithopter","Juzu Bracelet","Necronomicon","Meat on the Bone","Tiny House","Ginger","CaptainsWheel","Bottled Flame","Kunai","Blood Vial","Shovel","Whetstone","Turnip","Chemical X","Potion Belt"],"acts_visited":["Exordium","TheCity","TheBeyond"],"potions_floor_usage":[11,11,15,19,23,23,29,33,40,42,42,44,50],"damage_taken":[{"damage":5,"enemies":"Small Slimes","floor":2,"turns":2},{"damage":2,"enemies":"2 Louse","floor":3,"turns":3},{"damage":9,"enemies":"Jaw Worm","floor":5,"turns":4},{"damage":16,"enemies":"Lagavulin","floor":6,"turns":6},{"damage":0,"enemies":"3 Sentries","floor":11,"turns":6},{"damage":0,"enemies":"downfall:FleeingMerchant","floor":12,"turns":4},{"damage":0,"enemies":"downfall:LooterAlt","floor":13,"turns":3},{"damage":0,"enemies":"Exordium Thugs","floor":15,"turns":4},{"damage":33,"enemies":"DF_ARCHETYPE_STREAMLINE","floor":16,"turns":12},{"damage":1,"enemies":"Shell Parasite","floor":19,"turns":5},{"damage":4,"enemies":"downfall:LooterAlt2","floor":22,"turns":5},{"damage":36,"enemies":"Gremlin Leader","floor":23,"turns":7},{"damage":9,"enemies":"Cultist and Chosen","floor":25,"turns":5},{"damage":0,"enemies":"Chosen and Byrds","floor":27,"turns":3},{"damage":0,"enemies":"Centurion and Healer","floor":29,"turns":3},{"damage":0,"enemies":"downfall:FleeingMerchant","floor":31,"turns":4},{"damage":15,"enemies":"Snake Plant","floor":32,"turns":3},{"damage":26,"enemies":"SI_MIRROR_ARCHETYPE","floor":33,"turns":9},{"damage":0,"enemies":"3 Shapes","floor":36,"turns":3},{"damage":0,"enemies":"3 Darklings","floor":37,"turns":3},{"damage":0,"enemies":"3 Darklings","floor":38,"turns":5},{"damage":0,"enemies":"downfall:FleeingMerchant","floor":40,"turns":4},{"damage":20,"enemies":"Writhing Mass","floor":42,"turns":4},{"damage":2,"enemies":"2 Orb Walkers","floor":44,"turns":5},{"damage":0,"enemies":"Giant Head","floor":48,"turns":6},{"damage":0,"enemies":"IC_BLOCK_ARCHETYPE","floor":50,"turns":9}],"seed_played":"1102870880660998490","potions_obtained":[{"floor":3,"key":"BlessingOfTheForge"},{"floor":6,"key":"Fire Potion"},{"floor":11,"key":"Dexterity Potion"},{"floor":16,"key":"Fire Potion"},{"floor":19,"key":"PowerPotion"},{"floor":22,"key":"AttackPotion"},{"floor":29,"key":"bronze:BurnAndBuffPotion"},{"floor":33,"key":"BlessingOfTheForge"},{"floor":34,"key":"Fruit Juice"},{"floor":36,"key":"EssenceOfSteel"},{"floor":42,"key":"sneckomod:MuddlingPotion"},{"floor":48,"key":"Energy Potion"}],"is_trial":false,"path_per_floor":["R","M","M","?","M","E","T","?","?","T","E","$","M","?","M","B",null,"R","M","?","?","M","E","T","M","?","M","?","M","R","$","M","B",null,"R","M","M","?","?","$","T","M","?","?","R","$","R","E","R","B",null],"character_chosen":"THE_AUTOMATON","items_purchased":["Membership Card","bronze:BronzeOrb","bronze:FreeFunctionsPotion","Regal Pillow","Meat on the Bone","bronze:ItsAFeature","CaptainsWheel","Bottled Flame","expansioncontent:YouAreMine","DuplicationPotion","Turnip","Chemical X"],"campfire_rested":0,"item_purchase_floors":[12,12,12,12,31,31,40,40,40,40,46,46],"current_hp_per_floor":[63,58,56,56,47,31,31,31,31,31,31,31,31,31,31,8,63,63,63,63,55,63,34,34,39,23,33,33,55,55,62,57,37,68,68,68,68,68,68,68,68,60,60,71,71,71,71,73,73,73],"gold":38,"neow_bonus":"THREE_RARE_CARDS","is_daily":false,"chose_seed":false,"campfire_upgraded":6,"win_rate":0.0,"timestamp":1613498654,"path_taken":["R","M","M","?","M","E","T","?","?","?","E","$","?","?","M","BOSS","R","M","?","?","M","E","T","M","?","M","?","M","R","$","M","BOSS","R","M","M","?","?","$","T","M","?","?","R","$","R","E","R","BOSS"],"items_purchased_type":["Relic","Card","Potion","Relic","Relic","Card","Relic","Relic","Card","Potion","Relic","Relic"],"build_version":"2020-12-22","purchased_purges":4,"victory":true,"max_hp_per_floor":[63,63,63,63,63,63,63,63,63,63,63,63,63,63,63,63,63,63,63,63,63,63,63,63,63,63,63,63,63,63,63,63,63,68,68,68,68,68,68,68,68,73,73,73,73,73,73,73,73,73],"card_choices":[{"not_picked":["bronze:CleanCode","bronze:Mutator"],"picked":"bronze:RecursiveStrike","floor":0},{"not_picked":["bronze:Invalidate","bronze:Constructor"],"picked":"bronze:Repulsor","floor":2},{"not_picked":["bronze:BugBarrage","bronze:WhirlingStrike"],"picked":"bronze:Shell","floor":3},{"not_picked":["bronze:Separator","bronze:Frontload"],"picked":"bronze:Safeguard","floor":5},{"not_picked":["bronze:Mutator","bronze:BuggyMess"],"picked":"bronze:FollowUp","floor":6},{"not_picked":["bronze:BitShift","bronze:WhirlingStrike"],"picked":"bronze:Overheat","floor":11},{"not_picked":["bronze:WhirlingStrike","bronze:Overheat"],"picked":"bronze:Return","floor":12},{"not_picked":["bronze:DelayedGuard","bronze:Invalidate"],"picked":"bronze:Optimize","floor":13},{"not_picked":["bronze:Branch","bronze:Deprecate"],"picked":"bronze:Repair","floor":15},{"not_picked":["bronze:Format","bronze:SpaghettiCode"],"picked":"bronze:HardenedForm","floor":16},{"not_picked":["bronze:DelayedSlice","bronze:Iterate"],"picked":"bronze:Repair","floor":19},{"not_picked":["bronze:Deprecate","bronze:OilSpill"],"picked":"bronze:Boost+1","floor":22},{"not_picked":["bronze:WhirlingStrike","bronze:MaxOutput"],"picked":"bronze:Invalidate","floor":23},{"not_picked":["bronze:HyperBeam","bronze:Turbo"],"picked":"bronze:CutThrough","floor":25},{"not_picked":["bronze:DelayedSlice","bronze:Overheat"],"picked":"bronze:DelayedGuard","floor":27},{"not_picked":["bronze:WildBeam+1","bronze:DelayedSlice"],"picked":"bronze:DelayedGuard","floor":29},{"not_picked":["bronze:FollowUp","bronze:DelayedGuard"],"picked":"bronze:WhirlingStrike+1","floor":31},{"not_picked":["bronze:Overload","bronze:DarkDash","bronze:Separator"],"picked":"SKIP","floor":32},{"not_picked":["bronze:RecursiveStrike","bronze:HyperBeam"],"picked":"bronze:ShipIt","floor":33},{"not_picked":["bronze:Overheat","bronze:DelayedGuard"],"picked":"bronze:FineTuning","floor":34},{"not_picked":["bronze:DelayedGuard+1","bronze:Constructor+1"],"picked":"bronze:Overload","floor":36},{"not_picked":["bronze:Branch","bronze:Overheat+1","bronze:ChosenStrike"],"picked":"SKIP","floor":37},{"not_picked":["bronze:CutThrough+1","bronze:Optimize"],"picked":"bronze:Frontload+1","floor":40},{"not_picked":["bronze:Separator","bronze:ClassDefault+1","bronze:WildBeam"],"picked":"SKIP","floor":42},{"not_picked":["bronze:CutThrough+1","bronze:GetLatest+1"],"picked":"bronze:Branch+1","floor":44},{"not_picked":["bronze:BitShift","bronze:BugBarrage+1"],"picked":"bronze:AlphaBuild","floor":48}],"player_experience":794494,"relics_obtained":[{"floor":6,"key":"MawBank"},{"floor":7,"key":"InkBottle"},{"floor":10,"key":"hexamod:BolsterEngine"},{"floor":11,"key":"Dream Catcher"},{"floor":23,"key":"Toy Ornithopter"},{"floor":24,"key":"Juzu Bracelet"},{"floor":26,"key":"Necronomicon"},{"floor":38,"key":"Ginger"},{"floor":41,"key":"Kunai"},{"floor":43,"key":"Blood Vial"},{"floor":44,"key":"Shovel"},{"floor":45,"key":"Whetstone"},{"floor":48,"key":"Potion Belt"}],"event_choices":[{"damage_healed":0,"gold_gain":0,"player_choice":"Fled","damage_taken":0,"max_hp_gain":0,"max_hp_loss":0,"event_name":"Scrap Ooze","floor":8,"gold_loss":0},{"cards_removed":["downfall:Malfunctioning"],"damage_healed":0,"gold_gain":0,"player_choice":"Forget","damage_taken":0,"max_hp_gain":0,"max_hp_loss":0,"event_name":"Living Wall","floor":9,"gold_loss":0},{"cards_removed":["bronze:Strike"],"damage_healed":0,"gold_gain":0,"player_choice":"Offered Basic","damage_taken":0,"max_hp_gain":0,"max_hp_loss":0,"event_name":"Bonfire Elementals","floor":14,"gold_loss":0},{"damage_healed":0,"gold_gain":0,"player_choice":"Ignored","damage_taken":0,"max_hp_gain":0,"max_hp_loss":0,"event_name":"Ghosts","floor":20,"gold_loss":0},{"damage_healed":0,"gold_gain":0,"player_choice":"Fight","damage_taken":0,"max_hp_gain":0,"max_hp_loss":0,"event_name":"Mysterious Sphere","floor":44,"gold_loss":0}],"is_beta":false,"boss_relics":[{"not_picked":["SacredBark","Runic Pyramid"],"picked":"bronze:MakeshiftBattery"},{"not_picked":["Cursed Key","Coffee Dripper"],"picked":"Tiny House"}],"items_purged_floors":[12,31,40,46],"is_endless":false,"potions_floor_spawned":[3,6,11,16,19,22,29,33,36,42,48],"ascension_level":1}}