{"host":"m9b9nkcj1hzhp9h6","time":1613435278,"event":{"mods":["100% Spire Juice","A Penny For Your Troubles","AchievementEnabler","Act Like it!","AlwaysNeverKeys","Aspiration","BaseMod","Better Altar","Better Match","Better Note","Better Sensory Stone","Better Silent Start","Better Skull","Better Third Choice","Better Vampires","BetterRewards","Booster Modes","Colored Map","Colored Powertips","Colorless Booster Pack","Conspire","Custom Start","Dark Map","Defective Defect","Dio Mod","Displayed Cursed Tome","Dota2Spire","Elementarium","Emptier Cage","Energized Spire","Fox Events","Friendly Minions","Gensokyo","GifTheSpireLib","Halation","HexUI Lib","Hubris","Infinite Spire","Ironclad Rager","Jedi Mod","Mari Mod (Legacy)","Mari\u0027s V1 Patch","Marked Mod","Menagerie","Mimic Mod","Minty Spire (QoL Compilation)","Pale of the Ancients","Permanent Neow","Poor People Problems","RRrroohrrRGHHhhh!!","Random Character Button","Random Character Mod","Relic Sorter","Relic Stats","Reliquary","Remilia??????","Replay The Spire","Reworked Bosses","Robot Space Explorer","RumiaBox-????????","SCP261 Mod","SacredBarkPlus","Small Relic Pack","Smile Girya","Spikes Relics","StS++","StSLib","Stuff the Spire","The Animator","The Blue Laboratory","The IronCluck","The Jungle","Trackpad","Transform Curses","Useless Jewels Mod","Virulent Crown","Waifu the Spire","Wandering Minibosses","Yohane!","Yuri Mod","egg","slay the spire mod where everything is the same but ironclad has a cowboy hat","thorton"],"gold_per_floor":[113,128,148,228,84,84,84,84,84],"floor_reached":8,"language":"ENG","playtime":215,"items_purged":["Delirium"],"score":46,"play_id":"69b26065-d5fd-4ad2-8f72-513564178b19","local_time":"20210216022758","is_ascension_mode":false,"campfire_choices":[{"data":"Yohane:Little_Demon_Hanamaru","floor":6,"key":"SMITH"}],"circlet_count":0,"master_deck":["Yohane:Strike_Grey","Yohane:Strike_Grey","Yohane:Strike_Grey","Yohane:Strike_Grey","Yohane:Defend_Grey","Yohane:Defend_Grey","Yohane:Defend_Grey","Yohane:Defend_Grey","Yohane:Little_Demon_Lily","Yohane:Well_Laid_Ambush","Yohane:Little_Demon_Hanamaru+1","Yohane:Mijuku_Dreamer","Yohane:One_Two"],"relics":["Yohane:AngelWings","reliquary:PorcupineQuills"],"acts_visited":["Exordium"],"potions_floor_usage":[8],"damage_taken":[{"damage":0,"enemies":"Cultist","floor":1,"turns":3},{"damage":1,"enemies":"Jaw Worm","floor":2,"turns":3},{"damage":1,"enemies":"conspire:RoseBush","floor":3,"turns":3}],"seed_played":"-1485806772995617998","potions_obtained":[{"floor":7,"key":"Death Potion"},{"floor":7,"key":"blueLaboratory:ForbiddenFruitJuice"},{"floor":7,"key":"blueLaboratory:ImpenetrablePotion"}],"is_trial":false,"path_per_floor":["M","M","M","?","$","R","?","E"],"character_chosen":"FallenAngel","items_purchased":["Yohane:One_Two"],"campfire_rested":0,"item_purchase_floors":[5],"current_hp_per_floor":[60,59,58,58,58,58,58,0,0],"gold":84,"neow_bonus":"RANDOM_COMMON_RELIC","is_daily":false,"chose_seed":false,"campfire_upgraded":1,"win_rate":0.0,"timestamp":1613435278,"path_taken":["M","M","M","?","$","R","?","E"],"items_purchased_type":["Card"],"build_version":"2020-12-22","purchased_purges":1,"victory":false,"max_hp_per_floor":[60,60,60,60,60,60,60,60,60],"relic_stats":{"counters":[4,11],"obtain_stats":[{"reliquary:PorcupineQuills":0,"Yohane:AngelWings":0},{"reliquary:PorcupineQuills":0,"Yohane:AngelWings":0},{"reliquary:PorcupineQuills":0,"Yohane:AngelWings":0}]},"card_choices":[{"not_picked":["Yohane:Little_Demon_Chika","Yohane:Lailapse"],"picked":"Yohane:Little_Demon_Hanamaru","floor":1},{"not_picked":["Yohane:Sloth","Yohane:Misfortune","Yohane:Livestream_Donation"],"picked":"SKIP","floor":2},{"not_picked":["Yohane:Culinary_Genius","Yohane:Ice_Cream_Assault"],"picked":"Yohane:Mijuku_Dreamer","floor":3}],"player_experience":1439528,"relics_obtained":[],"event_choices":[{"damage_healed":0,"gold_gain":0,"player_choice":"Got Potions","damage_taken":0,"max_hp_gain":0,"max_hp_loss":0,"event_name":"Lab","floor":7,"gold_loss":0}],"is_beta":false,"boss_relics":[],"items_purged_floors":[5],"is_endless":false,"potions_floor_spawned":[],"killed_by":"Gremlin Nob","ascension_level":0}}