{"host":"jk128xwopof5cegv","time":1613485960,"event":{"mods":["AchievementEnabler","BaseMod","BetterRewards","Downfall","Gold Saver","Hermit","Minty Spire (QoL Compilation)","Quick Restart","StSLib","The Blackbeard","The Disciple","Wandering Minibosses"],"gold_per_floor":[116,191,206,206,156,182,182,214,237,268,268,283,283,316,316,417,417,433,433,444,463,413,447,447,480,480,514,612,637,655,667,667,772,772,1037,1052,826,826,845,870,870,900,927,943,963,974,1000,1011,1011,1011,1011,1011,420,446,446,446],"floor_reached":55,"language":"ENG","playtime":3044,"items_purged":["Strike_G","Strike_G"],"score":962,"play_id":"607a52ed-9a33-4e88-b387-ac51745a1023","local_time":"20210216153240","is_ascension_mode":true,"campfire_choices":[{"data":"Dagger Spray","floor":7,"key":"SMITH"},{"floor":11,"key":"REST"},{"data":"Blade Dance","floor":13,"key":"SMITH"},{"data":"Strike_G","floor":15,"key":"PURGE"},{"data":"Defend_G","floor":24,"key":"PURGE"},{"data":"Defend_G","floor":32,"key":"PURGE"},{"data":"Strike_G","floor":41,"key":"PURGE"},{"floor":49,"key":"RECALL"},{"data":"Neutralize","floor":52,"key":"SMITH"}],"circlet_count":0,"master_deck":["Defend_G+1","Defend_G+1","Defend_G","Survivor","Neutralize+1","Dagger Spray+1","Blade Dance+1","Footwork+1","After Image+1","Accuracy+1","Cloak And Dagger+1","Cloak And Dagger+1","A Thousand Cuts+1","Parasite","Infinite Blades+1","Blade Dance","Backstab"],"relics":["Ring of the Snake","NeowsBlessing","Blood Vial","Peace Pipe","Happy Flower","Bag of Preparation","Frozen Egg 2","WristBlade","CaptainsWheel","Strawberry","Eternal Feather","Pen Nib","Busted Crown","Nunchaku","StoneCalendar","Ancient Tea Set","War Paint","Ginger","Orichalcum","Toy Ornithopter","Paper Crane"],"acts_visited":["Exordium","TheCity","TheBeyond","TheEnding"],"potions_floor_usage":[16,16,20,20,21,25,33,33,40,47,50,55],"damage_taken":[{"damage":0,"enemies":"Cultist","floor":1,"turns":1},{"damage":0,"enemies":"Small Slimes","floor":3,"turns":1},{"damage":0,"enemies":"Gremlin Nob","floor":6,"turns":1},{"damage":13,"enemies":"3 Sentries","floor":8,"turns":8},{"damage":33,"enemies":"Lagavulin","floor":10,"turns":11},{"damage":0,"enemies":"2 Louse","floor":12,"turns":1},{"damage":13,"enemies":"3 Sentries","floor":14,"turns":7},{"damage":19,"enemies":"Hexaghost","floor":16,"turns":16},{"damage":0,"enemies":"Shell Parasite","floor":18,"turns":4},{"damage":0,"enemies":"3 Byrds","floor":20,"turns":2},{"damage":0,"enemies":"Snake Plant","floor":21,"turns":3},{"damage":16,"enemies":"Slavers","floor":23,"turns":5},{"damage":6,"enemies":"Gremlin Leader","floor":25,"turns":7},{"damage":13,"enemies":"Slavers","floor":27,"turns":3},{"damage":0,"enemies":"Snecko","floor":28,"turns":7},{"damage":0,"enemies":"Book of Stabbing","floor":29,"turns":4},{"damage":0,"enemies":"Sentry and Sphere","floor":30,"turns":4},{"damage":1,"enemies":"Snake Plant","floor":31,"turns":5},{"damage":9,"enemies":"Collector","floor":33,"turns":6},{"damage":6,"enemies":"3 Shapes","floor":35,"turns":7},{"damage":0,"enemies":"3 Darklings","floor":36,"turns":3},{"damage":1,"enemies":"Sphere and 2 Shapes","floor":39,"turns":3},{"damage":8,"enemies":"Nemesis","floor":40,"turns":5},{"damage":9,"enemies":"Giant Head","floor":42,"turns":7},{"damage":0,"enemies":"Writhing Mass","floor":44,"turns":3},{"damage":0,"enemies":"Transient","floor":45,"turns":5},{"damage":11,"enemies":"4 Shapes","floor":46,"turns":4},{"damage":0,"enemies":"Nemesis","floor":47,"turns":7},{"damage":0,"enemies":"3 Darklings","floor":48,"turns":3},{"damage":5,"enemies":"Donu and Deca","floor":50,"turns":6},{"damage":23,"enemies":"Shield and Spear","floor":54,"turns":5},{"damage":68,"enemies":"The Heart","floor":55,"turns":6}],"seed_played":"-5546692103192648159","potions_obtained":[{"floor":3,"key":"GamblersBrew"},{"floor":6,"key":"BlessingOfTheForge"},{"floor":14,"key":"Explosive Potion"},{"floor":18,"key":"CunningPotion"},{"floor":20,"key":"FearPotion"},{"floor":21,"key":"Explosive Potion"},{"floor":29,"key":"Explosive Potion"},{"floor":30,"key":"bronze:BurnAndBuffPotion"},{"floor":31,"key":"sneckomod:MuddlingPotion"},{"floor":33,"key":"LiquidBronze"},{"floor":39,"key":"PowerPotion"},{"floor":45,"key":"Energy Potion"},{"floor":46,"key":"DistilledChaos"},{"floor":48,"key":"SkillPotion"}],"is_trial":false,"path_per_floor":["M","?","M","?","?","E","R","E","T","E","R","M","R","E","R","B",null,"M","?","M","M","?","E","R","E","T","E","M","E","M","M","R","B",null,"M","M","$","?","M","E","R","E","T","M","M","M","E","M","R","B",null,"R","$","E","B"],"character_chosen":"THE_SILENT","items_purchased":["Nunchaku","Infinite Blades+1","Orichalcum","Blade Dance","Toy Ornithopter","Backstab"],"campfire_rested":1,"item_purchase_floors":[37,53,53,53,53,53],"current_hp_per_floor":[70,59,59,59,59,59,59,48,48,17,38,40,40,29,29,12,70,70,57,59,61,61,47,47,50,50,39,41,43,45,46,55,48,82,76,78,78,78,79,73,82,73,73,75,77,68,70,72,81,77,82,82,82,59,0,0],"gold":446,"neow_bonus":"THREE_ENEMY_KILL","is_daily":false,"chose_seed":false,"campfire_upgraded":3,"win_rate":0.0,"timestamp":1613485960,"path_taken":["M","?","M","?","?","E","R","E","T","E","R","M","R","E","R","BOSS","M","?","M","M","?","E","R","E","T","E","M","E","M","?","R","BOSS","M","M","?","?","M","E","R","E","T","M","M","?","E","M","R","BOSS","R","$","E","BOSS"],"items_purchased_type":["Relic","Card","Relic","Card","Relic","Card"],"build_version":"2020-12-22","purchased_purges":2,"victory":false,"max_hp_per_floor":[70,70,70,70,70,70,70,70,70,70,70,70,70,70,70,70,70,70,75,75,75,75,75,75,82,82,82,82,82,82,82,82,82,82,82,82,82,82,82,82,82,82,82,82,82,82,82,82,82,82,82,82,82,82,82,82],"card_choices":[{"not_picked":["Prepared","Sucker Punch","Tactician"],"picked":"SKIP","floor":1},{"not_picked":["Deadly Poison","Deflect"],"picked":"Dagger Spray","floor":3},{"not_picked":["Prepared","Dodge and Roll","Setup"],"picked":"SKIP","floor":6},{"not_picked":["Envenom","Riddle With Holes","Crippling Poison"],"picked":"SKIP","floor":8},{"not_picked":["Terror","Skewer","Deadly Poison"],"picked":"SKIP","floor":10},{"not_picked":["Acrobatics","Dash"],"picked":"Blade Dance","floor":12},{"not_picked":["Venomology","Catalyst"],"picked":"Footwork+1","floor":14},{"not_picked":["Venomology","Envenom+1"],"picked":"After Image+1","floor":16},{"not_picked":["Noxious Fumes+1","Dagger Throw","Skewer"],"picked":"SKIP","floor":18},{"not_picked":["Underhanded Strike","Deadly Poison","Quick Slash"],"picked":"SKIP","floor":20},{"not_picked":["Prepared","Quick Slash"],"picked":"Accuracy+1","floor":21},{"not_picked":["Grand Finale","Dodge and Roll"],"picked":"Cloak And Dagger+1","floor":23},{"not_picked":["Escape Plan","Calculated Gamble","Riddle With Holes"],"picked":"SKIP","floor":25},{"not_picked":["Blur","Outmaneuver+1","Leg Sweep+1"],"picked":"SKIP","floor":27},{"not_picked":["Flechettes","Bane"],"picked":"Cloak And Dagger+1","floor":28},{"not_picked":["Underhanded Strike","Dagger Throw","Outmaneuver"],"picked":"SKIP","floor":29},{"not_picked":["Masterful Stab","Outmaneuver","Deflect+1"],"picked":"SKIP","floor":30},{"not_picked":["Quick Slash+1","Tools of the Trade+1","PiercingWail"],"picked":"SKIP","floor":31},{"not_picked":["Unload","Envenom+1"],"picked":"A Thousand Cuts+1","floor":33},{"not_picked":["Backflip"],"picked":"SKIP","floor":35},{"not_picked":["Underhanded Strike+1"],"picked":"SKIP","floor":36},{"not_picked":["Concentrate+1"],"picked":"SKIP","floor":39},{"not_picked":["Bouncing Flask+1"],"picked":"SKIP","floor":40},{"not_picked":["Underhanded Strike+1"],"picked":"SKIP","floor":42},{"not_picked":["Underhanded Strike"],"picked":"SKIP","floor":44},{"not_picked":["Quick Slash+1"],"picked":"SKIP","floor":45},{"not_picked":["Prepared+1"],"picked":"SKIP","floor":46},{"not_picked":["Prepared+1"],"picked":"SKIP","floor":47},{"not_picked":["Deadly Poison"],"picked":"SKIP","floor":48},{"not_picked":["Dagger Throw"],"picked":"SKIP","floor":54}],"player_experience":363620,"relics_obtained":[{"floor":6,"key":"Blood Vial"},{"floor":8,"key":"Peace Pipe"},{"floor":9,"key":"Happy Flower"},{"floor":10,"key":"Bag of Preparation"},{"floor":14,"key":"Frozen Egg 2"},{"floor":23,"key":"CaptainsWheel"},{"floor":25,"key":"Strawberry"},{"floor":27,"key":"Eternal Feather"},{"floor":29,"key":"Pen Nib"},{"floor":40,"key":"StoneCalendar"},{"floor":42,"key":"Ancient Tea Set"},{"floor":43,"key":"War Paint"},{"floor":47,"key":"Ginger"},{"floor":54,"key":"Paper Crane"}],"event_choices":[{"damage_healed":0,"gold_gain":75,"player_choice":"Gather Gold","damage_taken":11,"max_hp_gain":0,"max_hp_loss":0,"event_name":"World of Goop","floor":2,"gold_loss":0},{"damage_healed":0,"gold_gain":0,"player_choice":"Ignored","damage_taken":0,"max_hp_gain":0,"max_hp_loss":0,"event_name":"Liars Game","floor":4,"gold_loss":0},{"cards_removed":["Strike_G"],"damage_healed":0,"gold_gain":0,"player_choice":"Card Removal","damage_taken":0,"max_hp_gain":0,"max_hp_loss":0,"event_name":"The Cleric","floor":5,"gold_loss":50},{"damage_healed":0,"gold_gain":0,"player_choice":"Shed Blood","damage_taken":18,"max_hp_gain":5,"max_hp_loss":0,"event_name":"Forgotten Altar","floor":19,"gold_loss":0},{"damage_healed":0,"gold_gain":0,"player_choice":"Bet on Murderer","damage_taken":0,"max_hp_gain":0,"max_hp_loss":0,"event_name":"The Joust","floor":22,"gold_loss":50},{"damage_healed":0,"gold_gain":0,"player_choice":"Ignored","damage_taken":0,"max_hp_gain":0,"max_hp_loss":0,"event_name":"SecretPortal","floor":38,"gold_loss":0}],"is_beta":false,"boss_relics":[{"not_picked":["Ectoplasm","Pandora\u0027s Box"],"picked":"WristBlade"},{"not_picked":["Snecko Eye","Ring of the Serpent"],"picked":"Busted Crown"}],"items_purged_floors":[37,53],"is_endless":false,"potions_floor_spawned":[3,6,14,18,20,21,29,30,31,33,39,45,46,48],"killed_by":"The Heart","ascension_level":1}}