{"host":"8is2j71l4wmybkoi","time":1613472237,"event":{"mods":["AchievementEnabler","BaseMod","Colored Map","DeckTracker","Minty Spire (QoL Compilation)","Rare Cards Sparkle","Relic Stats","StSLib","SuperFastMode"],"gold_per_floor":[360,23,36,47,60,60,88,104,104,104,135,147,181,192,192,265,265,285,485,499,499,499,499,530,550,550,579,579,594,619,630,630,704,704,722,300,320,320,38,67,79,110,136,136,150,183,183,196,196,196,196,196,46,75,75],"floor_reached":56,"language":"KOR","playtime":4645,"items_purged":["Strike_G","Strike_G","Defend_G","Strike_G"],"score":2371,"play_id":"aceeed9a-4120-4008-8bcc-1325c17c93eb","local_time":"20210216194357","is_ascension_mode":true,"campfire_choices":[{"data":"Sucker Punch","floor":6.0,"key":"SMITH"},{"data":"Distraction","floor":10.0,"key":"SMITH"},{"floor":15.0,"key":"REST"},{"data":"Cloak And Dagger","floor":23,"key":"SMITH"},{"floor":28,"key":"REST"},{"data":"Footwork","floor":32,"key":"SMITH"},{"floor":47,"key":"RECALL"},{"data":"Calculated Gamble","floor":49,"key":"SMITH"},{"data":"Burst","floor":52,"key":"SMITH"}],"circlet_count":0,"master_deck":["AscendersBane","Strike_G","Strike_G","Defend_G+1","Defend_G","Defend_G","Defend_G","Survivor+1","Neutralize","Sucker Punch+1","Blade Dance","Poisoned Stab+1","Blur","Masterful Stab","Distraction+1","Cloak And Dagger+1","Footwork+1","Blade Dance","Wraith Form v2","Backflip+1","Endless Agony+1","Finisher+1","Adrenaline","Acrobatics+1","Prepared+1","Tools of the Trade","Well Laid Plans+1","Reflex","Madness","Burst+1","Calculated Gamble+1","Calculated Gamble+1"],"relics":["Ring of the Snake","White Beast Statue","Dead Branch","Pear","Eternal Feather","StrikeDummy","Black Star","Gremlin Horn","Calipers","Darkstone Periapt","Bag of Marbles","Question Card","Lizard Tail","Torii","Turnip","SlaversCollar","Omamori","PreservedInsect","CaptainsWheel","Akabeko","Mercury Hourglass","Whetstone","War Paint","Vajra","Snake Skull","Blue Candle","Tough Bandages"],"acts_visited":["Exordium","TheCity","TheBeyond","TheEnding"],"potions_floor_usage":[24,27,29,29,33,55,55],"damage_taken":[{"damage":1.0,"enemies":"Cultist","floor":1.0,"turns":4.0},{"damage":4.0,"enemies":"2 Louse","floor":3.0,"turns":3.0},{"damage":9.0,"enemies":"Small Slimes","floor":4.0,"turns":3.0},{"damage":2.0,"enemies":"Red Slaver","floor":5.0,"turns":5.0},{"damage":32.0,"enemies":"3 Sentries","floor":7.0,"turns":10.0},{"damage":0.0,"enemies":"2 Fungi Beasts","floor":8.0,"turns":2.0},{"damage":39.0,"enemies":"Lagavulin","floor":11.0,"turns":7.0},{"damage":13.0,"enemies":"Lots of Slimes","floor":12.0,"turns":4.0},{"damage":0.0,"enemies":"3 Sentries","floor":13.0,"turns":2.0},{"damage":0.0,"enemies":"3 Louse","floor":14.0,"turns":3.0},{"damage":0.0,"enemies":"Slime Boss","floor":16.0,"turns":7.0},{"damage":0,"enemies":"Shell Parasite","floor":18,"turns":1},{"damage":4,"enemies":"Chosen","floor":20,"turns":3},{"damage":29,"enemies":"Book of Stabbing","floor":24,"turns":7},{"damage":13,"enemies":"Snecko","floor":25,"turns":4},{"damage":0,"enemies":"Slavers","floor":27,"turns":3},{"damage":0,"enemies":"Cultist and Chosen","floor":29,"turns":1},{"damage":27,"enemies":"Book of Stabbing","floor":30,"turns":4},{"damage":0,"enemies":"Snake Plant","floor":31,"turns":5},{"damage":6,"enemies":"Collector","floor":33,"turns":3},{"damage":0,"enemies":"3 Darklings","floor":35,"turns":3},{"damage":0,"enemies":"Orb Walker","floor":37,"turns":2},{"damage":2,"enemies":"Giant Head","floor":40,"turns":6},{"damage":0,"enemies":"4 Shapes","floor":41,"turns":5},{"damage":1,"enemies":"Nemesis","floor":42,"turns":5},{"damage":1,"enemies":"Writhing Mass","floor":45,"turns":7},{"damage":0,"enemies":"Reptomancer","floor":46,"turns":3},{"damage":0,"enemies":"Jaw Worm Horde","floor":48,"turns":2},{"damage":61,"enemies":"Awakened One","floor":50,"turns":12},{"damage":14,"enemies":"Shield and Spear","floor":54,"turns":5},{"damage":39,"enemies":"The Heart","floor":55,"turns":11}],"seed_played":"-8448530408325910226","potions_obtained":[{"floor":3.0,"key":"Weak Potion"},{"floor":4.0,"key":"FairyPotion"},{"floor":5.0,"key":"ColorlessPotion"},{"floor":7.0,"key":"GhostInAJar"},{"floor":11.0,"key":"Poison Potion"},{"floor":12.0,"key":"CultistPotion"},{"floor":13.0,"key":"DistilledChaos"},{"floor":14.0,"key":"BlessingOfTheForge"},{"floor":16.0,"key":"Explosive Potion"},{"floor":18,"key":"FairyPotion"},{"floor":24,"key":"SpeedPotion"},{"floor":25,"key":"BlessingOfTheForge"},{"floor":27,"key":"SkillPotion"},{"floor":29,"key":"Poison Potion"},{"floor":30,"key":"PowerPotion"},{"floor":31,"key":"Dexterity Potion"},{"floor":33,"key":"Strength Potion"},{"floor":42,"key":"CultistPotion"}],"is_trial":false,"path_per_floor":["M","$","M","M","M","R","E","M","T","R","E","M","E","M","R","B",null,"M","?","M","?","?","R","E","M","T","E","R","M","E","M","R","B",null,"M","$","M","T","$","E","M","E","T","?","M","E","R","M","R","B",null,"R","$","E","B",null],"character_chosen":"THE_SILENT","items_purchased":["White Beast Statue","Sucker Punch","Omamori","Reflex","Madness","PreservedInsect"],"campfire_rested":2,"item_purchase_floors":[2,2,36,36,36,39],"current_hp_per_floor":[58,58,54,45,43,43,11,11,21,21,21,8,8,8,41,41,63,63,63,59,39,39,51,22,9,9,9,46,46,19,19,34,28,63,63,63,63,63,63,61,61,60,60,75,74,74,75,75,75,14,60,75,75,61,22],"gold":75,"neow_bonus":"TWO_FIFTY_GOLD","is_daily":false,"chose_seed":false,"campfire_upgraded":6,"win_rate":0.0,"timestamp":1613472237,"path_taken":["M","$","M","M","M","R","E","M","T","R","E","M","E","M","R","BOSS","M","?","?","?","?","R","E","M","T","E","R","M","E","M","R","BOSS","M","$","?","?","$","E","M","E","T","?","?","E","R","M","R","BOSS","R","$","E","BOSS"],"items_purchased_type":["Relic","Card","Relic","Card","Card","Relic"],"build_version":"2020-12-22","purchased_purges":4,"victory":true,"max_hp_per_floor":[60,60,60,60,60,60,60,60,70,70,70,70,70,70,70,70,70,70,70,70,75,75,75,75,75,75,75,75,75,75,75,75,75,75,75,75,75,75,75,75,75,75,75,75,75,75,75,75,75,75,75,75,75,75,75],"relic_stats":{"Darkstone Periapt":0,"Gremlin Horn":[19,19],"Torii":37,"counters":[31,142],"Dead Branch":[451],"Blue Candle":[0],"Eternal Feather":70,"PreservedInsect":317,"Snake Skull":[56],"Whetstone":["Poisoned Stab","Finisher"],"War Paint":["Survivor","Defend_G"],"Question Card":13,"Mercury Hourglass":[125],"Lizard Tail":0,"Tough Bandages":[210],"Turnip":[6],"Black Star":7,"obtain_stats":[{"Darkstone Periapt":24,"Calipers":24,"Gremlin Horn":22,"Torii":30,"Vajra":46,"Snake Skull":46,"Whetstone":42,"Lizard Tail":27,"Tough Bandages":54,"Ring of the Snake":0,"Pear":9,"Dead Branch":7,"Blue Candle":54,"Eternal Feather":11,"PreservedInsect":39,"Omamori":36,"War Paint":43,"Question Card":27,"White Beast Statue":2,"Akabeko":40,"Mercury Hourglass":42,"SlaversCollar":34,"CaptainsWheel":40,"Turnip":30,"Black Star":17,"Bag of Marbles":26,"StrikeDummy":13},{"Darkstone Periapt":14,"Calipers":14,"Gremlin Horn":13,"Torii":18,"Vajra":27,"Snake Skull":27,"Whetstone":25,"Lizard Tail":16,"Tough Bandages":30,"Ring of the Snake":0,"Pear":6,"Dead Branch":5,"Blue Candle":30,"Eternal Feather":7,"PreservedInsect":22,"Omamori":21,"War Paint":25,"Question Card":16,"White Beast Statue":1,"Akabeko":23,"Mercury Hourglass":25,"SlaversCollar":20,"CaptainsWheel":23,"Turnip":18,"Black Star":11,"Bag of Marbles":15,"StrikeDummy":9},{"Darkstone Periapt":61,"Calipers":61,"Gremlin Horn":54,"Torii":73,"Vajra":112,"Snake Skull":112,"Whetstone":102,"Lizard Tail":68,"Tough Bandages":131,"Ring of the Snake":0,"Pear":27,"Dead Branch":25,"Blue Candle":131,"Eternal Feather":34,"PreservedInsect":86,"Omamori":84,"War Paint":102,"Question Card":68,"White Beast Statue":4,"Akabeko":92,"Mercury Hourglass":102,"SlaversCollar":81,"CaptainsWheel":92,"Turnip":73,"Black Star":50,"Bag of Marbles":65,"StrikeDummy":40}],"Ring of the Snake":[64]},"card_choices":[{"not_picked":["Dagger Throw","Dodge and Roll","PiercingWail"],"picked":"SKIP","floor":1.0},{"not_picked":["Sucker Punch","Accuracy"],"picked":"Blade Dance","floor":3.0},{"not_picked":["Setup","Catalyst"],"picked":"Poisoned Stab","floor":4.0},{"not_picked":["Flying Knee","Crippling Poison"],"picked":"Blur","floor":5.0},{"not_picked":["Tools of the Trade","Dodge and Roll"],"picked":"Masterful Stab","floor":7.0},{"not_picked":["Acrobatics","Prepared"],"picked":"Distraction","floor":8.0},{"not_picked":["Slice","Prepared","Deadly Poison"],"picked":"SKIP","floor":11.0},{"not_picked":["Eviscerate","Prepared"],"picked":"Cloak And Dagger","floor":12.0},{"not_picked":["Outmaneuver","Noxious Fumes"],"picked":"Footwork","floor":13.0},{"not_picked":["Bane","Acrobatics"],"picked":"Blade Dance","floor":14.0},{"not_picked":["Envenom","Tools of the Trade"],"picked":"Wraith Form v2","floor":16.0},{"not_picked":["Bouncing Flask+1","Sucker Punch"],"picked":"Backflip+1","floor":18},{"not_picked":["Escape Plan","Dodge and Roll"],"picked":"Endless Agony+1","floor":20},{"not_picked":["Endless Agony","Sucker Punch"],"picked":"Finisher","floor":24},{"not_picked":["Slice","Noxious Fumes"],"picked":"Adrenaline","floor":25},{"not_picked":["Setup","Blur","Slice"],"picked":"SKIP","floor":27},{"not_picked":["Bane","All Out Attack","Backflip","Eviscerate"],"picked":"SKIP","floor":29},{"not_picked":["Night Terror","Underhanded Strike+1","Dagger Spray"],"picked":"Acrobatics+1","floor":30},{"not_picked":["Dagger Throw","All Out Attack","Masterful Stab"],"picked":"Prepared+1","floor":31},{"not_picked":["Night Terror","Grand Finale","Burst"],"picked":"Tools of the Trade","floor":33},{"not_picked":["Blade Dance","Masterful Stab","Deflect"],"picked":"Well Laid Plans+1","floor":35},{"not_picked":["Flying Knee+1","Reflex","Sucker Punch+1","Outmaneuver"],"picked":"SKIP","floor":37},{"not_picked":["Deflect","Dash","Quick Slash","Bouncing Flask+1"],"picked":"SKIP","floor":40},{"not_picked":["PiercingWail","Flying Knee","Dash"],"picked":"Burst","floor":41},{"not_picked":["Outmaneuver","Flechettes","Deadly Poison","Quick Slash"],"picked":"SKIP","floor":42},{"not_picked":["Dagger Throw","Masterful Stab+1","PiercingWail","Flying Knee"],"picked":"SKIP","floor":45},{"not_picked":["Quick Slash+1","Phantasmal Killer","Dagger Throw"],"picked":"Calculated Gamble","floor":46},{"not_picked":["Underhanded Strike","Flying Knee","Dodge and Roll","Dagger Throw"],"picked":"SKIP","floor":48},{"not_picked":["Dagger Spray+1","Backflip","PiercingWail"],"picked":"Calculated Gamble+1","floor":54}],"player_experience":1226540,"relics_obtained":[{"floor":7.0,"key":"Dead Branch"},{"floor":9.0,"key":"Pear"},{"floor":11.0,"key":"Eternal Feather"},{"floor":13.0,"key":"StrikeDummy"},{"floor":24,"key":"Calipers"},{"floor":24,"key":"Darkstone Periapt"},{"floor":26,"key":"Bag of Marbles"},{"floor":27,"key":"Question Card"},{"floor":27,"key":"Lizard Tail"},{"floor":30,"key":"Torii"},{"floor":30,"key":"Turnip"},{"floor":40,"key":"CaptainsWheel"},{"floor":40,"key":"Akabeko"},{"floor":42,"key":"Mercury Hourglass"},{"floor":42,"key":"Whetstone"},{"floor":43,"key":"War Paint"},{"floor":46,"key":"Vajra"},{"floor":46,"key":"Snake Skull"},{"floor":54,"key":"Blue Candle"},{"floor":54,"key":"Tough Bandages"}],"event_choices":[{"damage_healed":0,"gold_gain":250,"player_choice":"Bet on Owner","damage_taken":0,"max_hp_gain":0,"max_hp_loss":0,"event_name":"The Joust","floor":19,"gold_loss":50},{"damage_healed":0,"gold_gain":0,"player_choice":"Shed Blood","damage_taken":25,"max_hp_gain":5,"max_hp_loss":0,"event_name":"Forgotten Altar","floor":21,"gold_loss":0},{"damage_healed":0,"gold_gain":0,"player_choice":"Gave Potion","damage_taken":0,"relics_obtained":["Gremlin Horn"],"max_hp_gain":0,"max_hp_loss":0,"event_name":"WeMeetAgain","floor":22,"gold_loss":0},{"damage_healed":15,"gold_gain":0,"player_choice":"Full Heal","damage_taken":0,"max_hp_gain":0,"max_hp_loss":0,"event_name":"Wheel of Change","floor":44,"gold_loss":0}],"is_beta":false,"boss_relics":[{"not_picked":["WristBlade","Runic Pyramid"],"picked":"Black Star"},{"not_picked":["Pandora\u0027s Box","SacredBark"],"picked":"SlaversCollar"}],"items_purged_floors":[2,36,39,53],"is_endless":false,"potions_floor_spawned":[3,4,5,7,8,11,12,13,14,16,18,20,24,25,27,29,30,31,33,35,37,40,41,42,45,46,48,54],"ascension_level":15}}