{"host":"gg","time":1613514521,"event":{"mods":["BaseMod","Colored Map","Googly Eyes","Minty Spire (QoL Compilation)","Relic Stats","The IronCluck"],"gold_per_floor":[110,260,270,42,42,60,60,93,93,119,136,162,162,172,172,248,248,268,268,268,268,158,158,158],"floor_reached":23,"language":"ENG","playtime":883,"items_purged":["Doubt"],"score":514,"play_id":"b9ba6537-df8c-44bb-85c3-c8ac1671e2d5","local_time":"20210216142841","is_ascension_mode":true,"campfire_choices":[{"data":"Eruption","floor":7,"key":"SMITH"},{"data":"SignatureMove","floor":15,"key":"SMITH"}],"circlet_count":0,"master_deck":["AscendersBane","Strike_P+1","Strike_P+1","Strike_P+1","Strike_P+1","Defend_P+1","Defend_P+1","Defend_P+1","Defend_P+1","Eruption+1","Vigilance","CurseOfTheBell","BowlingBash","SignatureMove+1","FollowUp","SashWhip","CrushJoints","FearNoEvil","InnerPeace+1","DeceiveReality","Wish"],"relics":["Calling Bell","Bag of Marbles","Mercury Hourglass","Ginger","Membership Card","Matryoshka","Eternal Feather","Nunchaku","Strawberry","Thread and Needle","Unceasing Top","Philosopher\u0027s Stone","MutagenicStrength"],"acts_visited":["Exordium","TheCity"],"potions_floor_usage":[12,18,18],"damage_taken":[{"damage":1,"enemies":"Small Slimes","floor":1,"turns":4},{"damage":2,"enemies":"Cultist","floor":3,"turns":3},{"damage":0,"enemies":"2 Louse","floor":6,"turns":2},{"damage":14,"enemies":"3 Sentries","floor":8,"turns":4},{"damage":22,"enemies":"Lagavulin","floor":10,"turns":4},{"damage":0,"enemies":"Exordium Thugs","floor":11,"turns":1},{"damage":0,"enemies":"Gremlin Nob","floor":12,"turns":2},{"damage":0,"enemies":"Exordium Wildlife","floor":14,"turns":1},{"damage":33,"enemies":"The Guardian","floor":16,"turns":7},{"damage":26,"enemies":"3 Byrds","floor":18,"turns":4},{"damage":39,"enemies":"Book of Stabbing","floor":23,"turns":4}],"seed_played":"3630012304063579334","potions_obtained":[{"floor":10,"key":"BottledMiracle"},{"floor":11,"key":"DuplicationPotion"},{"floor":12,"key":"SteroidPotion"},{"floor":16,"key":"ColorlessPotion"}],"is_trial":false,"path_per_floor":["M","?","M","$","?","M","R","E","T","E","M","E","?","M","R","B",null,"M","?","?","?","?","E"],"character_chosen":"WATCHER","items_purchased":["Membership Card","FollowUp"],"campfire_rested":0,"item_purchase_floors":[4,4],"current_hp_per_floor":[60,60,58,58,63,63,63,49,49,34,34,34,34,34,46,13,63,37,37,37,37,37,0,0],"gold":158,"neow_bonus":"BOSS_RELIC","is_daily":false,"chose_seed":false,"campfire_upgraded":2,"win_rate":0.0,"timestamp":1613514521,"path_taken":["M","?","M","$","?","M","R","E","T","E","M","E","?","M","R","BOSS","M","?","?","?","?","E"],"items_purchased_type":["Relic","Card"],"build_version":"2020-12-18","purchased_purges":1,"victory":false,"max_hp_per_floor":[68,68,68,68,73,73,73,73,73,80,80,80,80,80,80,80,80,80,80,80,80,80,80,80],"relic_stats":{"Nunchaku":[5],"counters":[11,33],"Eternal Feather":12,"Ginger":[1],"obtain_stats":[{"Eternal Feather":9,"Thread and Needle":12,"Ginger":0,"Mercury Hourglass":0,"Calling Bell":0,"Nunchaku":9,"Matryoshka":8,"Strawberry":10,"MutagenicStrength":21,"Philosopher\u0027s Stone":17,"Bag of Marbles":0,"Membership Card":4,"PureWater":0,"Unceasing Top":13},{"Eternal Feather":4,"Thread and Needle":7,"Ginger":0,"Mercury Hourglass":0,"Calling Bell":0,"Nunchaku":4,"Matryoshka":4,"Strawberry":5,"MutagenicStrength":10,"Philosopher\u0027s Stone":9,"Bag of Marbles":0,"Membership Card":2,"PureWater":0,"Unceasing Top":7},{"Eternal Feather":10,"Thread and Needle":17,"Ginger":0,"Mercury Hourglass":0,"Calling Bell":0,"Nunchaku":10,"Matryoshka":10,"Strawberry":14,"MutagenicStrength":29,"Philosopher\u0027s Stone":25,"Bag of Marbles":0,"Membership Card":6,"PureWater":0,"Unceasing Top":17}],"Unceasing Top":[1],"Mercury Hourglass":[142]},"card_choices":[{"not_picked":["PathToVictory","Evaluate"],"picked":"BowlingBash","floor":1},{"not_picked":["FlurryOfBlows","Consecrate"],"picked":"SignatureMove","floor":3},{"not_picked":["ForeignInfluence","EmptyBody"],"picked":"SashWhip","floor":6},{"not_picked":["Pray","WheelKick"],"picked":"CrushJoints","floor":8},{"not_picked":["WaveOfTheHand","Swivel"],"picked":"FearNoEvil","floor":10},{"not_picked":["Prostrate","Perseverance"],"picked":"InnerPeace","floor":11},{"not_picked":["DevaForm","FearNoEvil","ClearTheMind"],"picked":"SKIP","floor":12},{"not_picked":["Indignation","EmptyFist"],"picked":"DeceiveReality","floor":14},{"not_picked":["DeusExMachina","Devotion"],"picked":"Wish","floor":16},{"not_picked":["CrushJoints","Indignation","SignatureMove"],"picked":"SKIP","floor":18}],"player_experience":1343092,"relics_obtained":[{"floor":0,"key":"Bag of Marbles"},{"floor":0,"key":"Mercury Hourglass"},{"floor":0,"key":"Ginger"},{"floor":8,"key":"Matryoshka"},{"floor":9,"key":"Eternal Feather"},{"floor":9,"key":"Nunchaku"},{"floor":10,"key":"Strawberry"},{"floor":12,"key":"Thread and Needle"}],"event_choices":[{"damage_healed":0,"gold_gain":150,"player_choice":"AGREE","damage_taken":0,"max_hp_gain":0,"max_hp_loss":0,"event_name":"Liars Game","floor":2,"gold_loss":0,"cards_obtained":["Doubt"]},{"damage_healed":0,"gold_gain":0,"player_choice":"Donut","damage_taken":0,"max_hp_gain":5,"max_hp_loss":0,"event_name":"Big Fish","floor":5,"gold_loss":0},{"damage_healed":0,"gold_gain":0,"player_choice":"Gave Potion","damage_taken":0,"relics_obtained":["Unceasing Top"],"max_hp_gain":0,"max_hp_loss":0,"event_name":"WeMeetAgain","floor":13,"gold_loss":0},{"damage_healed":0,"gold_gain":0,"player_choice":"Smashed Altar","damage_taken":0,"max_hp_gain":0,"max_hp_loss":0,"event_name":"Forgotten Altar","floor":19,"gold_loss":0,"cards_obtained":["Decay"]},{"damage_healed":0,"gold_gain":0,"player_choice":"Simplicity","damage_taken":0,"max_hp_gain":0,"max_hp_loss":0,"event_name":"Back to Basics","floor":20,"gold_loss":0,"cards_upgraded":["Strike_P","Strike_P","Strike_P","Strike_P","Defend_P","Defend_P","Defend_P","Defend_P"]},{"damage_healed":0,"gold_gain":0,"player_choice":"Inject Mutagens","damage_taken":0,"relics_obtained":["MutagenicStrength"],"max_hp_gain":0,"max_hp_loss":0,"event_name":"Drug Dealer","floor":21,"gold_loss":0},{"cards_removed":["Decay"],"damage_healed":0,"gold_gain":0,"player_choice":"Upgrade and Remove","damage_taken":0,"max_hp_gain":0,"max_hp_loss":0,"event_name":"Designer","floor":22,"gold_loss":110,"cards_upgraded":["InnerPeace"]}],"is_beta":true,"boss_relics":[{"not_picked":["Velvet Choker","Cursed Key"],"picked":"Philosopher\u0027s Stone"}],"items_purged_floors":[4],"is_endless":false,"potions_floor_spawned":[10,11,12,16],"killed_by":"Book of Stabbing","ascension_level":20}}