{"host":"21h5e52imz35vo8g","time":1613463557,"event":{"mods":["AchievementEnabler","BaseMod","Colored Map","Colored Powertips","Googly Eyes","Minty Spire (QoL Compilation)","Quick Restart","Rare Cards Sparkle","Replay The Spire","StSLib"],"gold_per_floor":[109,284,284,58,58,58,92,42,42,8,82,109,125,155,155,260,260,276,276,276,276,20,20,53,67,90,108,108,108,126,142,142,243,243,258,112,122,135,99,99,132,42,42,42,52,52,67,96,96,96],"floor_reached":51,"language":"ZHS","playtime":3500,"items_purged":["Doubt","Strike_G"],"score":1095,"play_id":"109018d9-9f67-4bc6-9f0d-7541c05eb778","local_time":"20210216161917","is_ascension_mode":true,"campfire_choices":[{"data":"Noxious Fumes","floor":6.0,"key":"SMITH"},{"data":"Replay:Poison Smokescreen","floor":15.0,"key":"SMITH"},{"data":"Pot Of Greed","floor":23.0,"key":"SMITH"},{"data":"Strike_G","floor":29.0,"key":"PURGE"},{"data":"ReplayTheSpireMod:Necrosis","floor":44.0,"key":"SMITH"},{"data":"Catalyst","floor":49.0,"key":"SMITH"}],"circlet_count":0,"master_deck":["Strike_G+1","Strike_G+1","Defend_G+1","Defend_G+1","Defend_G+1","Defend_G+1","Defend_G+1","Survivor","Neutralize","Noxious Fumes+1","Replay:Poison Smokescreen+1","Well Laid Plans+1","Leg Sweep","Blur","Replay:Bag of Tricks+1","Outmaneuver+1","Pot Of Greed+1","Pot Of Greed","ReplayTheSpireMod:The Works+1","ReplayTheSpireMod:Necrosis+1","Sneak Up+1","Acrobatics+1","Escape Plan","Pot Of Greed","Parasite","Doubt","Catalyst+1"],"relics":["Ring of the Serpent","NeowsBlessing","Art of War","TwistedFunnel","Replay:Bottled Eggs","Anchor","Gremlin Horn","Strawberry","Peace Pipe","Grinning Jar","Guide Book","StrikeDummy","MealTicket","ReplayTheSpireMod:TigerMarble","Replay:Kaleidoscope","Shuriken","Whetstone"],"acts_visited":["Exordium","TheCity","TheBeyond"],"potions_floor_usage":[50,50],"damage_taken":[{"damage":0.0,"enemies":"Small Slimes","floor":1.0,"turns":1.0},{"damage":0.0,"enemies":"3 Sentries","floor":7.0,"turns":1.0},{"damage":0.0,"enemies":"Gremlin Nob","floor":12.0,"turns":1.0},{"damage":0.0,"enemies":"Jaw Worm","floor":13.0,"turns":4.0},{"damage":8.0,"enemies":"Lagavulin","floor":14.0,"turns":7.0},{"damage":11.0,"enemies":"Fading Forest","floor":16.0,"turns":11.0},{"damage":0.0,"enemies":"3 Byrds","floor":18.0,"turns":4.0},{"damage":24.0,"enemies":"Slavers","floor":24.0,"turns":5.0},{"damage":0.0,"enemies":"Chosen","floor":25.0,"turns":4.0},{"damage":7.0,"enemies":"Centurion and Healer","floor":27.0,"turns":7.0},{"damage":38.0,"enemies":"3 Cultists","floor":30.0,"turns":6.0},{"damage":0.0,"enemies":"Snecko","floor":31.0,"turns":4.0},{"damage":60.0,"enemies":"Collector","floor":33.0,"turns":8.0},{"damage":6.0,"enemies":"Orb Walker","floor":35.0,"turns":5.0},{"damage":29.0,"enemies":"3 Darklings","floor":37.0,"turns":5.0},{"damage":20.0,"enemies":"4 Shapes","floor":38.0,"turns":5.0},{"damage":14.0,"enemies":"R_Hoarder","floor":41.0,"turns":10.0},{"damage":19.0,"enemies":"Writhing Mass","floor":45.0,"turns":6.0},{"damage":4.0,"enemies":"3 Darklings","floor":47.0,"turns":6.0},{"damage":12.0,"enemies":"Giant Head","floor":48.0,"turns":8.0},{"damage":61,"enemies":"Time Eater","floor":50,"turns":8}],"seed_played":"8634063469284033041","potions_obtained":[{"floor":12.0,"key":"Explosive Potion"},{"floor":13.0,"key":"AttackPotion"},{"floor":18.0,"key":"SteroidPotion"},{"floor":24.0,"key":"Reflective Coating"},{"floor":27.0,"key":"Poison Potion"},{"floor":41.0,"key":"DuplicationPotion"},{"floor":47.0,"key":"Toxic Potion"}],"is_trial":false,"path_per_floor":["M","?","?","$","?","R","E","?","T","$","T","E","M","E","R","B",null,"M","?","?","T","$","R","E","M","T","M","?","R","M","M","R_BF","B",null,"M","$","M","M","$","?","E","?","T","R","M","?","M","E","R","B",null],"character_chosen":"THE_SILENT","items_purchased":["TwistedFunnel","Replay:Poison Smokescreen","Guide Book","ReplayTheSpireMod:TigerMarble","Acrobatics+1"],"campfire_rested":0,"item_purchase_floors":[4,10,22,36,39],"current_hp_per_floor":[63,63,63,63,63,63,63,63,63,63,63,70,70,62,62,51,71,71,71,57,57,57,57,33,33,33,26,82,82,44,44,68,8,64,58,73,44,24,39,39,25,25,25,25,6,78,74,62,62,1],"gold":96,"neow_bonus":"THREE_ENEMY_KILL","is_daily":false,"chose_seed":false,"campfire_upgraded":5,"win_rate":0.0,"timestamp":1613463557,"path_taken":["M","?","?","$","?","R","E","?","T","$","?","E","M","E","R","BOSS","M","?","?","?","$","R","E","M","T","M","?","R","M","M","R_BF","BOSS","M","$","?","M","$","?","E","?","T","R","?","?","M","E","R","BOSS"],"items_purchased_type":["Relic","Card","Relic","Relic","Card"],"build_version":"2020-12-22","purchased_purges":2,"victory":true,"max_hp_per_floor":[70,70,70,70,70,70,70,70,70,70,70,77,77,77,77,77,77,77,77,82,82,82,82,82,82,82,82,82,82,82,82,82,82,82,82,82,82,82,82,78,78,78,78,78,78,78,78,78,78,78],"card_choices":[{"not_picked":["Dagger Throw","Quick Slash"],"picked":"Noxious Fumes","floor":1.0},{"not_picked":["Dagger Throw","Quick Slash","Cloak And Dagger"],"picked":"SKIP","floor":7.0},{"not_picked":["Outmaneuver","Quick Slash"],"picked":"Well Laid Plans","floor":12.0},{"not_picked":["Draining Mist","Acrobatics"],"picked":"Leg Sweep","floor":13.0},{"not_picked":["Flying Knee","Cloak And Dagger"],"picked":"Blur","floor":14.0},{"not_picked":["Malaise","Bullet Time"],"picked":"Replay:Bag of Tricks","floor":16.0},{"not_picked":["Dagger Throw","Cloak And Dagger"],"picked":"Outmaneuver+1","floor":18.0},{"not_picked":["Blade Dance","Backflip","Quick Slash"],"picked":"SKIP","floor":24.0},{"not_picked":["Underhanded Strike","Hidden Blade","PiercingWail"],"picked":"SKIP","floor":25.0},{"not_picked":["Replay:Poison Smokescreen","Backflip+1","PiercingWail"],"picked":"SKIP","floor":27.0},{"not_picked":["Underhanded Strike+1","Deflect"],"picked":"ReplayTheSpireMod:The Works","floor":30.0},{"not_picked":["Deadly Poison","Tools of the Trade","Quick Slash"],"picked":"SKIP","floor":31.0},{"not_picked":["A Thousand Cuts","Night Terror"],"picked":"ReplayTheSpireMod:Necrosis","floor":33.0},{"not_picked":["Hidden Blade+1","ReplayTheSpireMod:Scrap Shanks"],"picked":"Sneak Up","floor":35.0},{"not_picked":["Tactician","Prepared+1","Cloak And Dagger"],"picked":"SKIP","floor":37.0},{"not_picked":["Hidden Blade","Flechettes+1","Flying Knee"],"picked":"SKIP","floor":38.0},{"not_picked":["Dagger Throw+1","Quick Slash+1"],"picked":"Escape Plan","floor":41.0},{"not_picked":["Skewer+1","Dodge and Roll","Outmaneuver"],"picked":"SKIP","floor":45.0},{"not_picked":["Footwork","Quick Slash+1"],"picked":"Catalyst","floor":47.0},{"not_picked":["Glass Knife","Flying Knee+1","ReplayTheSpireMod:Scrap Shanks+1"],"picked":"SKIP","floor":48.0}],"player_experience":382955,"relics_obtained":[{"floor":7.0,"key":"Replay:Bottled Eggs"},{"floor":9.0,"key":"Anchor"},{"floor":11.0,"key":"Gremlin Horn"},{"floor":12.0,"key":"Strawberry"},{"floor":14.0,"key":"Peace Pipe"},{"floor":21.0,"key":"Grinning Jar"},{"floor":24.0,"key":"StrikeDummy"},{"floor":26.0,"key":"MealTicket"},{"floor":41.0,"key":"Replay:Kaleidoscope"},{"floor":43.0,"key":"Shuriken"},{"floor":48.0,"key":"Whetstone"}],"event_choices":[{"damage_healed":0.0,"max_hp_gain":0.0,"max_hp_loss":0.0,"gold_gain":175.0,"event_name":"Liars Game","player_choice":"AGREE","floor":2.0,"gold_loss":0.0,"damage_taken":0.0,"cards_obtained":["Doubt"]},{"damage_healed":0.0,"max_hp_gain":0.0,"max_hp_loss":0.0,"gold_gain":0.0,"event_name":"Big Fish","player_choice":"Box","floor":3.0,"gold_loss":0.0,"damage_taken":0.0,"relics_obtained":["Art of War"],"cards_obtained":["Regret"]},{"cards_removed":["Regret"],"damage_healed":0.0,"max_hp_gain":0.0,"max_hp_loss":0.0,"gold_gain":0.0,"event_name":"The Cleric","player_choice":"Card Removal","floor":8.0,"gold_loss":50.0,"damage_taken":0.0},{"cards_removed":["Strike_G"],"damage_healed":0.0,"max_hp_gain":0.0,"max_hp_loss":0.0,"gold_gain":0.0,"event_name":"Back to Basics","player_choice":"Elegance","floor":19.0,"gold_loss":0.0,"damage_taken":0.0},{"damage_healed":0.0,"max_hp_gain":5.0,"max_hp_loss":0.0,"gold_gain":0.0,"event_name":"Forgotten Altar","player_choice":"Shed Blood","floor":20.0,"gold_loss":0.0,"damage_taken":19.0},{"damage_healed":56.0,"max_hp_gain":0.0,"max_hp_loss":0.0,"gold_gain":0.0,"event_name":"Wheel of Change","player_choice":"Full Heal","floor":28.0,"gold_loss":0.0,"damage_taken":0.0},{"damage_healed":0.0,"max_hp_gain":0.0,"max_hp_loss":4.0,"gold_gain":0.0,"event_name":"Winding Halls","player_choice":"Max HP","floor":40.0,"gold_loss":0.0,"damage_taken":0.0},{"cards_removed":["CommonCold"],"damage_healed":0.0,"max_hp_gain":0.0,"max_hp_loss":0.0,"gold_gain":0.0,"event_name":"Designer","player_choice":"Upgrade and Remove","floor":42.0,"gold_loss":90.0,"damage_taken":0.0,"cards_upgraded":["Sneak Up"]},{"damage_healed":72.0,"max_hp_gain":0.0,"max_hp_loss":0.0,"gold_gain":0.0,"event_name":"MindBloom","player_choice":"Heal","floor":46.0,"gold_loss":0.0,"damage_taken":0.0,"cards_obtained":["Doubt"]}],"is_beta":false,"boss_relics":[{"not_picked":["SacredBark","Honey Jar"],"picked":"Ring of the Serpent"},{"not_picked":["Sozu","Pandora\u0027s Box","Velvet Choker"]}],"items_purged_floors":[4,22],"is_endless":false,"potions_floor_spawned":[12,13,18,24,27,41,47,48],"ascension_level":8}}