{"host":"edndssuekvzbh3is","time":1613435253,"event":{"mods":["BaseMod","Colored Map","Colored Powertips","Minty Spire (QoL Compilation)","SuperFastMode"],"gold_per_floor":[115,133,153,6,19,19,47,47,47,64,64,75,90,103,103,202,202,213,228,246,246,246],"floor_reached":21,"language":"ENG","playtime":448,"items_purged":[],"score":281,"play_id":"73ef7da8-5aa9-4d5b-af89-e5683086d851","local_time":"20210215192733","is_ascension_mode":true,"campfire_choices":[{"data":"Carnage","floor":6,"key":"SMITH"},{"data":"Hemokinesis","floor":8,"key":"SMITH"},{"floor":15,"key":"REST"}],"circlet_count":0,"master_deck":["AscendersBane","Strike_R","Strike_R","Strike_R","Strike_R","Strike_R","Defend_R","Defend_R","Defend_R","Defend_R","Bash","Thunderclap","Hemokinesis+1","Carnage+1","Demon Form","Shrug It Off","Second Wind","Pommel Strike","Disarm","Reaper","Intimidate","True Grit"],"relics":["Burning Blood","Lee\u0027s Waffle","Shuriken","Ornamental Fan","Runic Pyramid"],"acts_visited":["Exordium","TheCity"],"potions_floor_usage":[16,16],"damage_taken":[{"damage":11,"enemies":"Cultist","floor":1,"turns":4},{"damage":21,"enemies":"Jaw Worm","floor":2,"turns":4},{"damage":17,"enemies":"Small Slimes","floor":3,"turns":3},{"damage":10,"enemies":"Blue Slaver","floor":5,"turns":2},{"damage":37,"enemies":"3 Sentries","floor":7,"turns":8},{"damage":9,"enemies":"2 Fungi Beasts","floor":10,"turns":3},{"damage":13,"enemies":"Looter","floor":12,"turns":2},{"damage":12,"enemies":"Exordium Thugs","floor":13,"turns":4},{"damage":14,"enemies":"Exordium Wildlife","floor":14,"turns":3},{"damage":39,"enemies":"The Guardian","floor":16,"turns":11},{"damage":37,"enemies":"Shell Parasite","floor":18,"turns":5},{"damage":19,"enemies":"3 Byrds","floor":19,"turns":7},{"damage":69,"enemies":"Snecko","floor":20,"turns":8},{"damage":12,"enemies":"Snake Plant","floor":21,"turns":1}],"seed_played":"-187735034463586186","potions_obtained":[{"floor":0,"key":"Explosive Potion"},{"floor":0,"key":"FairyPotion"},{"floor":0,"key":"Weak Potion"},{"floor":5,"key":"EssenceOfSteel"},{"floor":16,"key":"Fire Potion"},{"floor":19,"key":"ElixirPotion"},{"floor":20,"key":"Ancient Potion"}],"is_trial":false,"path_per_floor":["M","M","M","$","M","R","E","R","T","M","?","M","M","M","R","B",null,"M","M","M","M"],"character_chosen":"IRONCLAD","items_purchased":["Lee\u0027s Waffle"],"campfire_rested":1,"item_purchase_floors":[4],"current_hp_per_floor":[67,52,41,87,83,83,52,52,52,49,49,42,36,28,54,21,71,40,33,8,0,0],"gold":246,"neow_bonus":"THREE_SMALL_POTIONS","is_daily":false,"chose_seed":false,"campfire_upgraded":2,"win_rate":0.0,"timestamp":1613435253,"path_taken":["M","M","M","?","M","R","E","R","T","M","?","?","?","M","R","BOSS","M","M","M","M"],"items_purchased_type":["Relic"],"build_version":"2020-12-22","purchased_purges":0,"victory":false,"max_hp_per_floor":[80,80,80,87,87,87,87,87,87,87,87,87,87,87,87,87,87,87,87,87,87,87],"card_choices":[{"not_picked":["Twin Strike","Armaments"],"picked":"Thunderclap","floor":1},{"not_picked":["Whirlwind","Clothesline"],"picked":"Hemokinesis","floor":2},{"not_picked":["Thunderclap","Perfected Strike"],"picked":"Carnage","floor":3},{"not_picked":["Heavy Blade","Thunderclap","Headbutt"],"picked":"SKIP","floor":5},{"not_picked":["Wild Strike","Sever Soul"],"picked":"Demon Form","floor":7},{"not_picked":["Perfected Strike","Flex"],"picked":"Shrug It Off","floor":10},{"not_picked":["Havoc","Uppercut"],"picked":"Second Wind","floor":12},{"not_picked":["Iron Wave","Rage"],"picked":"Pommel Strike","floor":13},{"not_picked":["Heavy Blade","Evolve"],"picked":"Disarm","floor":14},{"not_picked":["Brutality","Fiend Fire"],"picked":"Reaper","floor":16},{"not_picked":["Dropkick","Thunderclap"],"picked":"Intimidate","floor":18},{"not_picked":["Thunderclap","Twin Strike"],"picked":"True Grit","floor":19},{"not_picked":["Reckless Charge","Blood for Blood","Perfected Strike"],"picked":"SKIP","floor":20}],"player_experience":366914,"relics_obtained":[{"floor":7,"key":"Shuriken"},{"floor":9,"key":"Ornamental Fan"}],"event_choices":[{"damage_healed":0,"gold_gain":0,"player_choice":"Got Potions","damage_taken":0,"max_hp_gain":0,"max_hp_loss":0,"event_name":"Lab","floor":11,"gold_loss":0}],"is_beta":false,"boss_relics":[{"not_picked":["Mark of Pain","Philosopher\u0027s Stone"],"picked":"Runic Pyramid"}],"items_purged_floors":[],"is_endless":false,"potions_floor_spawned":[3,5,7,12,16,19,20],"killed_by":"Snake Plant","ascension_level":10}}