{"host":"cfv8orgc8997ql4r","time":1613504070,"event":{"mods":["AchievementEnabler","BaseMod","DeckTracker","Keyboard Shortcuts","Minty Spire (QoL Compilation)"],"gold_per_floor":[119,44,60,135,135,166,177,177,177,190,21,21,21,35,35,130,130,143,17,17,30,30,30],"floor_reached":22,"language":"KOR","playtime":459,"items_purged":["Strike_G"],"score":272,"play_id":"c2001d14-2747-44d8-81c8-c0d4ff4af966","local_time":"20210217043430","is_ascension_mode":true,"campfire_choices":[{"data":"Survivor","floor":15,"key":"SMITH"}],"circlet_count":0,"master_deck":["Strike_G","Strike_G","Strike_G","Defend_G","Defend_G","Defend_G","Defend_G","Defend_G","Survivor+1","Neutralize","Blade Dance+1","PiercingWail","Dagger Spray","Cloak And Dagger+1","Poisoned Stab","Corpse Explosion+1"],"relics":["Ring of the Snake","NeowsBlessing","Art of War","Toxic Egg 2","Kunai","Membership Card","WristBlade","Question Card"],"acts_visited":["Exordium","TheCity"],"potions_floor_usage":[14,22],"damage_taken":[{"damage":0,"enemies":"Jaw Worm","floor":1,"turns":1},{"damage":0,"enemies":"Small Slimes","floor":3,"turns":1},{"damage":0,"enemies":"Gremlin Nob","floor":6,"turns":1},{"damage":0,"enemies":"2 Louse","floor":7,"turns":2},{"damage":2,"enemies":"Exordium Thugs","floor":10,"turns":6},{"damage":0,"enemies":"Lots of Slimes","floor":14,"turns":1},{"damage":14,"enemies":"The Guardian","floor":16,"turns":16},{"damage":37,"enemies":"2 Thieves","floor":18,"turns":4},{"damage":0,"enemies":"3 Byrds","floor":21,"turns":2},{"damage":10,"enemies":"Snake Plant","floor":22,"turns":2}],"seed_played":"-4922280326332649041","potions_obtained":[{"floor":1,"key":"AttackPotion"},{"floor":6,"key":"FearPotion"},{"floor":18,"key":"CunningPotion"}],"is_trial":false,"path_per_floor":["M","$","M","?","?","E","M","T","T","M","$","?","?","M","R","B",null,"M","$","?","M","M"],"character_chosen":"THE_SILENT","items_purchased":["Cloak And Dagger+1","Membership Card","Question Card"],"campfire_rested":0,"item_purchase_floors":[11,11,19],"current_hp_per_floor":[63,63,63,52,52,52,52,52,52,50,50,43,43,43,43,29,60,23,23,10,10,0,0],"gold":30,"neow_bonus":"THREE_ENEMY_KILL","is_daily":false,"chose_seed":false,"campfire_upgraded":1,"win_rate":0.0,"timestamp":1613504070,"path_taken":["M","$","M","?","?","E","M","?","T","M","$","?","?","M","R","BOSS","M","$","?","M","M"],"items_purchased_type":["Card","Relic","Relic"],"build_version":"2020-12-22","purchased_purges":1,"victory":false,"max_hp_per_floor":[70,70,70,70,70,70,70,70,70,70,70,70,70,70,70,70,70,70,70,75,75,75,75],"card_choices":[{"not_picked":["Quick Slash","Slice"],"picked":"Blade Dance","floor":1},{"not_picked":["Poisoned Stab","Flying Knee"],"picked":"PiercingWail","floor":3},{"not_picked":["Deflect","Heel Hook","Leg Sweep"],"picked":"SKIP","floor":6},{"not_picked":["PiercingWail","Quick Slash","Bane"],"picked":"SKIP","floor":7},{"not_picked":["Reflex+1","Backstab"],"picked":"Dagger Spray","floor":10},{"not_picked":["Tactician+1","Bane"],"picked":"Poisoned Stab","floor":14},{"not_picked":["Unload","Wraith Form v2"],"picked":"Corpse Explosion+1","floor":16},{"not_picked":["Bane","Dagger Spray","Eviscerate"],"picked":"SKIP","floor":18},{"not_picked":["Endless Agony+1","Bane+1","Calculated Gamble+1","Prepared+1"],"picked":"SKIP","floor":21}],"player_experience":196704,"relics_obtained":[{"floor":6,"key":"Art of War"},{"floor":8,"key":"Toxic Egg 2"},{"floor":9,"key":"Kunai"}],"event_choices":[{"damage_healed":0,"gold_gain":75,"player_choice":"Gather Gold","damage_taken":11,"max_hp_gain":0,"max_hp_loss":0,"event_name":"World of Goop","floor":4,"gold_loss":0},{"damage_healed":0,"gold_gain":0,"player_choice":"Grow","damage_taken":0,"max_hp_gain":0,"max_hp_loss":0,"event_name":"Living Wall","floor":5,"gold_loss":0,"cards_upgraded":["Blade Dance"]},{"cards_removed":["Strike_G"],"damage_healed":0,"gold_gain":0,"player_choice":"Card Removal","damage_taken":7,"max_hp_gain":0,"max_hp_loss":0,"event_name":"Golden Wing","floor":12,"gold_loss":0},{"damage_healed":0,"gold_gain":0,"player_choice":"Searched \u00271\u0027 times","damage_taken":0,"max_hp_gain":0,"max_hp_loss":0,"event_name":"Dead Adventurer","floor":13,"gold_loss":0},{"damage_healed":0,"gold_gain":0,"player_choice":"Shed Blood","damage_taken":18,"max_hp_gain":5,"max_hp_loss":0,"event_name":"Forgotten Altar","floor":20,"gold_loss":0}],"is_beta":false,"boss_relics":[{"not_picked":["Tiny House","Cursed Key"],"picked":"WristBlade"}],"items_purged_floors":[2],"is_endless":false,"potions_floor_spawned":[1,6,18],"killed_by":"Snake Plant","ascension_level":6}}