{"host":"xe7vird6mhwsic73","time":1613509512,"event":{"mods":["BaseMod","Minty Spire (QoL Compilation)","Relic Stats","StSLib"],"gold_per_floor":[209,223,52,72,84,111,123,123,123,123,123],"floor_reached":10,"language":"ENG","playtime":454,"items_purged":[],"score":81,"play_id":"4595f10a-7320-4060-8147-3b91b3df4a7e","local_time":"20210216160512","is_ascension_mode":true,"campfire_choices":[],"circlet_count":0,"master_deck":["Strike_R","Strike_R","Strike_R","Strike_R","Strike_R+1","Defend_R","Defend_R","Defend_R","Defend_R","Bash","Thunderclap","Dropkick","Armaments","Double Tap","Pommel Strike+1","Spot Weakness","Shrug It Off"],"relics":["Burning Blood","Bird Faced Urn","Singing Bowl"],"acts_visited":["Exordium"],"potions_floor_usage":[5,6],"damage_taken":[{"damage":3,"enemies":"2 Louse","floor":1,"turns":3},{"damage":0,"enemies":"Small Slimes","floor":2,"turns":3},{"damage":6,"enemies":"Jaw Worm","floor":4,"turns":4},{"damage":1,"enemies":"3 Louse","floor":5,"turns":2},{"damage":46,"enemies":"Lagavulin","floor":6,"turns":7},{"damage":14,"enemies":"Exordium Wildlife","floor":7,"turns":5},{"damage":16,"enemies":"Gremlin Nob","floor":10,"turns":2}],"seed_played":"5401213823264011324","potions_obtained":[{"floor":1,"key":"SkillPotion"},{"floor":4,"key":"LiquidMemories"},{"floor":6,"key":"SpeedPotion"}],"is_trial":false,"path_per_floor":["M","M","$","M","M","E","M","?","T","E"],"character_chosen":"IRONCLAD","items_purchased":["Armaments","Double Tap"],"campfire_rested":0,"item_purchase_floors":[3,3],"current_hp_per_floor":[80,80,80,80,80,40,32,16,16,0,0],"gold":123,"neow_bonus":"HUNDRED_GOLD","is_daily":false,"chose_seed":false,"campfire_upgraded":0,"win_rate":0.0,"timestamp":1613509512,"path_taken":["M","M","$","M","M","E","M","?","T","E"],"items_purchased_type":["Card","Card"],"build_version":"2020-12-22","purchased_purges":0,"victory":false,"max_hp_per_floor":[80,80,80,80,80,80,80,80,80,80,80],"relic_stats":{"Singing Bowl":0,"counters":[7,26],"Bird Faced Urn":[0],"obtain_stats":[{"Singing Bowl":9,"Bird Faced Urn":6,"Burning Blood":0},{"Singing Bowl":6,"Bird Faced Urn":5,"Burning Blood":0},{"Singing Bowl":24,"Bird Faced Urn":19,"Burning Blood":0}],"Burning Blood":22},"card_choices":[{"not_picked":["Combust","Searing Blow"],"picked":"Thunderclap","floor":1},{"not_picked":["Anger","Feel No Pain"],"picked":"Dropkick","floor":2},{"not_picked":["Warcry","Twin Strike"],"picked":"Pommel Strike","floor":4},{"not_picked":["Metallicize","Entrench"],"picked":"Spot Weakness","floor":5},{"not_picked":["Rage","Dark Embrace"],"picked":"Shrug It Off","floor":6},{"not_picked":["Anger","Flex","Perfected Strike"],"picked":"SKIP","floor":7}],"player_experience":178527,"relics_obtained":[{"floor":6,"key":"Bird Faced Urn"},{"floor":9,"key":"Singing Bowl"}],"event_choices":[{"damage_healed":0,"gold_gain":0,"player_choice":"Entered Light","damage_taken":16,"max_hp_gain":0,"max_hp_loss":0,"event_name":"Shining Light","floor":8,"gold_loss":0,"cards_upgraded":["Pommel Strike","Strike_R"]}],"is_beta":false,"boss_relics":[],"items_purged_floors":[],"is_endless":false,"potions_floor_spawned":[1,4,6],"killed_by":"Gremlin Nob","ascension_level":3}}