{"host":"vumwfieg2b2mnrfl","time":1613442755,"event":{"mods":["AchievementEnabler","BaseMod","Minty Spire (QoL Compilation)","Rare Cards Sparkle","Relic Stats"],"gold_per_floor":[117,117,117,32,32,32,52,79,79,40,69,69,69,86,86,86,86],"floor_reached":16,"language":"ENG","playtime":344,"items_purged":[],"score":262,"play_id":"e53fea32-c6b9-4e73-8fb5-a46bbc7666ad","local_time":"20210215203235","is_ascension_mode":true,"campfire_choices":[{"data":"Noxious Fumes","floor":6.0,"key":"SMITH"},{"floor":15.0,"key":"REST"}],"circlet_count":0,"master_deck":["AscendersBane","Strike_G","Strike_G","Strike_G","Defend_G","Defend_G","Defend_G","Defend_G","Defend_G","Survivor","Neutralize","Backflip","Sucker Punch","Noxious Fumes+1","Escape Plan+1","Dagger Spray+1","Footwork","Burst+1","Quick Slash+1"],"relics":["Ring of the Snake","NeowsBlessing","Toxic Egg 2","Molten Egg 2","HornCleat","Tiny Chest","Bag of Marbles"],"acts_visited":["Exordium"],"potions_floor_usage":[16],"damage_taken":[{"damage":0.0,"enemies":"Jaw Worm","floor":1.0,"turns":1.0},{"damage":0.0,"enemies":"2 Louse","floor":7.0,"turns":1.0},{"damage":0.0,"enemies":"Lagavulin","floor":8.0,"turns":1.0},{"damage":36.0,"enemies":"Gremlin Nob","floor":11.0,"turns":5.0},{"damage":3.0,"enemies":"Small Slimes","floor":14.0,"turns":4.0},{"damage":27,"enemies":"Slime Boss","floor":16,"turns":12}],"seed_played":"7504245526742377557","potions_obtained":[{"floor":7.0,"key":"GamblersBrew"},{"floor":8.0,"key":"DistilledChaos"},{"floor":14.0,"key":"GamblersBrew"}],"is_trial":false,"path_per_floor":["M","?","?","$","?","R","M","E","T","$","E","?","?","M","R","B"],"character_chosen":"THE_SILENT","items_purchased":["Noxious Fumes","Footwork"],"campfire_rested":1,"item_purchase_floors":[4,10],"current_hp_per_floor":[59,54,54,54,47,47,47,47,47,47,11,11,11,8,27,0,0],"gold":86,"neow_bonus":"THREE_ENEMY_KILL","is_daily":false,"chose_seed":false,"campfire_upgraded":1,"win_rate":0.0,"timestamp":1613442755,"path_taken":["M","?","?","?","?","R","M","E","T","$","E","?","?","M","R","BOSS"],"items_purchased_type":["Card","Card"],"build_version":"2020-12-22","purchased_purges":0,"victory":false,"max_hp_per_floor":[66,66,66,66,66,66,66,66,66,66,66,66,66,66,66,66,66],"relic_stats":{"counters":[6,24],"Tiny Chest":0,"obtain_stats":[{"HornCleat":9,"NeowsBlessing":0,"Molten Egg 2":8,"Tiny Chest":11,"Bag of Marbles":13,"Toxic Egg 2":2,"Ring of the Snake":0},{"HornCleat":3,"NeowsBlessing":0,"Molten Egg 2":3,"Tiny Chest":4,"Bag of Marbles":4,"Toxic Egg 2":1,"Ring of the Snake":0},{"HornCleat":3,"NeowsBlessing":0,"Molten Egg 2":3,"Tiny Chest":8,"Bag of Marbles":8,"Toxic Egg 2":1,"Ring of the Snake":0}],"Ring of the Snake":[12]},"card_choices":[{"not_picked":["Slice","Flechettes"],"picked":"Backflip","floor":1.0},{"not_picked":["Dash","Acrobatics+1"],"picked":"Escape Plan+1","floor":7.0},{"not_picked":["Infinite Blades","Backflip+1"],"picked":"Dagger Spray+1","floor":8.0},{"not_picked":["Distraction+1","Dagger Spray+1"],"picked":"Burst+1","floor":11.0},{"not_picked":["Outmaneuver+1","Concentrate+1"],"picked":"Quick Slash+1","floor":14.0}],"player_experience":565773,"relics_obtained":[{"floor":8.0,"key":"Molten Egg 2"},{"floor":9.0,"key":"HornCleat"},{"floor":11.0,"key":"Tiny Chest"},{"floor":13.0,"key":"Bag of Marbles"}],"event_choices":[{"damage_healed":0.0,"max_hp_gain":0.0,"max_hp_loss":0.0,"gold_gain":0.0,"event_name":"Scrap Ooze","player_choice":"Success","floor":2.0,"gold_loss":0.0,"damage_taken":5.0,"relics_obtained":["Toxic Egg 2"]},{"damage_healed":0.0,"max_hp_gain":0.0,"max_hp_loss":0.0,"gold_gain":0.0,"cards_transformed":["Strike_G"],"event_name":"Living Wall","player_choice":"Change","floor":3.0,"gold_loss":0.0,"damage_taken":0.0,"cards_obtained":["Sucker Punch"]},{"cards_removed":["Strike_G"],"damage_healed":0.0,"max_hp_gain":0.0,"max_hp_loss":0.0,"gold_gain":0.0,"event_name":"Golden Wing","player_choice":"Card Removal","floor":5.0,"gold_loss":0.0,"damage_taken":7.0},{"damage_healed":0.0,"max_hp_gain":0.0,"max_hp_loss":0.0,"gold_gain":0.0,"event_name":"Shining Light","player_choice":"Ignored","floor":12.0,"gold_loss":0.0,"damage_taken":0.0},{"damage_healed":0.0,"max_hp_gain":0.0,"max_hp_loss":0.0,"gold_gain":0.0,"event_name":"Wheel of Change","player_choice":"Relic","floor":13.0,"gold_loss":0.0,"damage_taken":0.0}],"is_beta":false,"boss_relics":[],"items_purged_floors":[],"is_endless":false,"potions_floor_spawned":[7,8,14],"killed_by":"Slime Boss","ascension_level":20}}