{"host":"TheHustler","time":1613481381,"event":{"mods":["BaseMod","Block Reminder","Colored Map","Colored Powertips","Minty Spire (QoL Compilation)","Quick Restart","StSLib","SuperFastMode","Unceasing Turn Reminder"],"gold_per_floor":[110,35,49,61,72,72,90,104,128,148,148,179,179,204,204,305,305,286,318,123,123,123,123,133,143,143,143,174,174,187,187,187,285,285,296,346,358,358,368,386,405,405,405],"floor_reached":42,"language":"ENG","playtime":1255,"items_purged":["Normality","Strike_B"],"score":432,"play_id":"0cf0c3f5-9565-4758-841a-2c9445b01b12","local_time":"20210216141621","is_ascension_mode":false,"campfire_choices":[{"data":"Zap","floor":6.0,"key":"SMITH"},{"data":"White Noise","floor":11.0,"key":"SMITH"},{"floor":13.0,"key":"REST"},{"data":"Force Field","floor":15.0,"key":"SMITH"},{"floor":23,"key":"REST"},{"data":"Echo Form","floor":29,"key":"SMITH"},{"data":"Panacea","floor":32,"key":"SMITH"}],"circlet_count":0,"master_deck":["Strike_B","Defend_B","Defend_B","Zap+1","Dualcast","Skim","Ball Lightning","Amplify","Barrage","Gash","White Noise+1","Static Discharge","Force Field+1","Biased Cognition","Cold Snap","Panacea+1","Loop+1","Echo Form+1","Defragment","Echo Form","Defragment","Hologram+1","Gash+1","Redo+1"],"relics":["FrozenCore","Emotion Chip","Nunchaku","Toy Ornithopter","Lantern","Red Mask","Eternal Feather","Potion Belt","Matryoshka","Empty Cage","Pocketwatch"],"acts_visited":["Exordium","TheCity","TheBeyond"],"potions_floor_usage":[16,16,16,16,42,42,42,42],"damage_taken":[{"damage":1.0,"enemies":"Cultist","floor":1.0,"turns":3.0},{"damage":12.0,"enemies":"Jaw Worm","floor":3.0,"turns":4.0},{"damage":0.0,"enemies":"2 Louse","floor":4.0,"turns":3.0},{"damage":5.0,"enemies":"Looter","floor":5.0,"turns":2.0},{"damage":7.0,"enemies":"2 Fungi Beasts","floor":7.0,"turns":3.0},{"damage":13.0,"enemies":"Lots of Slimes","floor":8.0,"turns":3.0},{"damage":5.0,"enemies":"Exordium Wildlife","floor":10.0,"turns":3.0},{"damage":21.0,"enemies":"Lagavulin","floor":12.0,"turns":6.0},{"damage":22.0,"enemies":"3 Sentries","floor":14.0,"turns":3.0},{"damage":7,"enemies":"Hexaghost","floor":16,"turns":7},{"damage":17,"enemies":"2 Thieves","floor":18,"turns":4},{"damage":49,"enemies":"Masked Bandits","floor":19,"turns":4},{"damage":9,"enemies":"Shell Parasite","floor":24,"turns":5},{"damage":18,"enemies":"Snecko","floor":25,"turns":8},{"damage":1,"enemies":"Book of Stabbing","floor":28,"turns":7},{"damage":2,"enemies":"Cultist and Chosen","floor":30,"turns":6},{"damage":30,"enemies":"Champ","floor":33,"turns":13},{"damage":2,"enemies":"3 Shapes","floor":35,"turns":6},{"damage":30,"enemies":"Mind Bloom Boss Battle","floor":36,"turns":5},{"damage":3,"enemies":"3 Darklings","floor":37,"turns":7},{"damage":17,"enemies":"Sphere and 2 Shapes","floor":39,"turns":7},{"damage":0,"enemies":"Maw","floor":40,"turns":5},{"damage":21,"enemies":"Jaw Worm Horde","floor":41,"turns":3},{"damage":27,"enemies":"4 Shapes","floor":42,"turns":6}],"seed_played":"8579179494483457851","potions_obtained":[{"floor":4.0,"key":"EntropicBrew"},{"floor":5.0,"key":"GamblersBrew"},{"floor":8.0,"key":"DuplicationPotion"},{"floor":19,"key":"LiquidMemories"},{"floor":30,"key":"PowerPotion"},{"floor":33,"key":"EssenceOfSteel"}],"is_trial":false,"path_per_floor":["M","$","M","M","M","R","M","M","T","M","R","E","R","E","R","B",null,"M","?","$","?","?","R","M","M","T","?","E","R","M","T","R","B",null,"M","?","M","?","M","M","M","M"],"character_chosen":"DEFECT","items_purchased":["Panacea"],"campfire_rested":2,"item_purchase_floors":[20],"current_hp_per_floor":[74,74,62,62,57,57,50,37,37,32,32,11,33,11,11,24,75,58,9,9,34,34,56,47,29,29,29,28,40,38,38,50,20,75,73,43,40,40,23,23,2,0,0],"gold":405,"neow_bonus":"ONE_RARE_RELIC","is_daily":false,"chose_seed":false,"campfire_upgraded":5,"win_rate":0.0,"timestamp":1613481381,"path_taken":["M","$","M","M","?","R","M","M","T","M","R","E","R","E","R","BOSS","M","?","$","?","?","R","M","M","T","?","E","R","?","?","R","BOSS","M","?","M","?","M","M","?","?"],"items_purchased_type":["Card"],"build_version":"2020-12-18","purchased_purges":2,"victory":false,"max_hp_per_floor":[75,75,75,75,75,75,75,75,75,75,75,75,75,75,75,75,75,75,75,75,75,75,75,75,75,75,75,75,75,75,75,75,75,75,75,75,75,75,75,75,75,75,75],"card_choices":[{"not_picked":["Streamline","Compile Driver"],"picked":"Skim","floor":1.0},{"not_picked":["Stack","Beam Cell"],"picked":"Ball Lightning","floor":3.0},{"not_picked":["Steam","Compile Driver","Cold Snap"],"picked":"SKIP","floor":4.0},{"not_picked":["Fusion","Blizzard"],"picked":"Amplify","floor":5.0},{"not_picked":["Stack","Hello World"],"picked":"Barrage","floor":7.0},{"not_picked":["Compile Driver","Auto Shields"],"picked":"Gash","floor":8.0},{"not_picked":["Turbo","Hologram"],"picked":"White Noise","floor":10.0},{"not_picked":["Conserve Battery","Double Energy"],"picked":"Static Discharge","floor":12.0},{"not_picked":["Turbo","Go for the Eyes"],"picked":"Force Field","floor":14.0},{"not_picked":["Hyperbeam","Multi-Cast"],"picked":"Biased Cognition","floor":16},{"not_picked":["Go for the Eyes+1","Streamline+1","Compile Driver"],"picked":"SKIP","floor":18},{"not_picked":["Gash+1","Rip and Tear"],"picked":"Cold Snap","floor":19},{"not_picked":["Darkness","Recycle"],"picked":"Loop+1","floor":24},{"not_picked":["Leap","Gash","Rebound"],"picked":"SKIP","floor":25},{"not_picked":["Stack","Redo+1"],"picked":"Echo Form","floor":28},{"not_picked":["Lockon","Consume+1"],"picked":"Defragment","floor":30},{"not_picked":["Hyperbeam","Biased Cognition"],"picked":"Echo Form","floor":33},{"not_picked":["Beam Cell+1","Doom and Gloom"],"picked":"Defragment","floor":35},{"not_picked":["Storm","Gash"],"picked":"Hologram+1","floor":37},{"not_picked":["Blizzard","Stack"],"picked":"Gash+1","floor":39},{"not_picked":["Hello World","Melter","Redo+1"],"picked":"SKIP","floor":40},{"not_picked":["Hello World","Melter"],"picked":"Redo+1","floor":40},{"not_picked":["Hologram","Beam Cell","Darkness"],"picked":"SKIP","floor":41}],"player_experience":680007,"relics_obtained":[{"floor":9.0,"key":"Nunchaku"},{"floor":12.0,"key":"Toy Ornithopter"},{"floor":14.0,"key":"Lantern"},{"floor":19,"key":"Red Mask"},{"floor":26,"key":"Eternal Feather"},{"floor":28,"key":"Potion Belt"},{"floor":31,"key":"Matryoshka"},{"floor":36,"key":"Pocketwatch"}],"event_choices":[{"damage_healed":0,"gold_gain":0,"player_choice":"Fought Bandits","damage_taken":0,"max_hp_gain":0,"max_hp_loss":0,"event_name":"Masked Bandits","floor":19,"gold_loss":0},{"damage_healed":25,"gold_gain":0,"player_choice":"Heal","damage_taken":0,"max_hp_gain":0,"max_hp_loss":0,"event_name":"The Library","floor":21,"gold_loss":0},{"damage_healed":0,"gold_gain":0,"player_choice":"Ignored","damage_taken":0,"max_hp_gain":0,"max_hp_loss":0,"event_name":"Cursed Tome","floor":22,"gold_loss":0},{"cards_removed":["Strike_B"],"damage_healed":0,"gold_gain":0,"player_choice":"Purged","damage_taken":0,"max_hp_gain":0,"max_hp_loss":0,"event_name":"Purifier","floor":27,"gold_loss":0},{"damage_healed":0,"gold_gain":0,"player_choice":"Fight","damage_taken":0,"max_hp_gain":0,"max_hp_loss":0,"event_name":"MindBloom","floor":36,"gold_loss":0},{"cards_removed":["Strike_B"],"damage_healed":0,"gold_gain":0,"player_choice":"Purged","damage_taken":0,"max_hp_gain":0,"max_hp_loss":0,"event_name":"Purifier","floor":38,"gold_loss":0}],"is_beta":true,"boss_relics":[{"not_picked":["Runic Pyramid","Calling Bell"],"picked":"FrozenCore"},{"not_picked":["Cursed Key","Inserter"],"picked":"Empty Cage"}],"items_purged_floors":[2,20],"is_endless":false,"potions_floor_spawned":[4,5,8,10,12,19,25,30,33,40],"killed_by":"4 Shapes","ascension_level":0}}