{"host":"oigynbtg272c19pw","time":1613465040,"event":{"mods":["BaseMod","Colored Map","Minty Spire (QoL Compilation)","Relic Stats","Slay the Relics Exporter","StSLib"],"gold_per_floor":[116,116,116,131,78,103,103,137,137,137,62,62,62,62,62,161,161,185,23,46,90,90,90,90],"floor_reached":23,"playtime":674,"items_purged":["Strike_P"],"score":436,"play_id":"67a14c45-5feb-4890-9156-b19247134715","local_time":"20210216094400","is_ascension_mode":true,"campfire_choices":[{"data":"BattleHymn","floor":7.0,"key":"SMITH"},{"data":"TalkToTheHand","floor":13.0,"key":"SMITH"},{"data":"Eruption","floor":15.0,"key":"SMITH"}],"circlet_count":0,"master_deck":["AscendersBane","Strike_P+1","Strike_P+1","Defend_P","Defend_P","Defend_P","Defend_P","Eruption+1","Vigilance","ThirdEye","Consecrate","BattleHymn+1","Wireheading","TalkToTheHand+1","Vault","CutThroughFate","Consecrate","ThirdEye","CarveReality+1","Writhe"],"relics":["PureWater","NeowsBlessing","GoldenEye","Shuriken","Letter Opener","Golden Idol","SacredBark","Red Mask","White Beast Statue"],"acts_visited":["Exordium","TheCity"],"potions_floor_usage":[],"damage_taken":[{"damage":0.0,"enemies":"Jaw Worm","floor":1.0,"turns":1.0},{"damage":0.0,"enemies":"Small Slimes","floor":4.0,"turns":1.0},{"damage":0.0,"enemies":"Lagavulin","floor":6.0,"turns":1.0},{"damage":15.0,"enemies":"3 Sentries","floor":8.0,"turns":5.0},{"damage":5.0,"enemies":"Hexaghost","floor":16.0,"turns":6.0},{"damage":0.0,"enemies":"Chosen","floor":18.0,"turns":3.0},{"damage":0.0,"enemies":"Spheric Guardian","floor":20.0,"turns":3.0},{"damage":41,"enemies":"Masked Bandits","floor":21,"turns":5},{"damage":7,"enemies":"Gremlin Leader","floor":23,"turns":3}],"seed_played":"1733509332470778973","potions_obtained":[{"floor":4.0,"key":"CultistPotion"}],"is_trial":false,"path_per_floor":["M","?","?","M","?","E","R","E","T","?","$","$","R","?","R","B",null,"M","$","M","?","?","E"],"character_chosen":"WATCHER","items_purchased":["CutThroughFate","Consecrate","ThirdEye"],"campfire_rested":0,"item_purchase_floors":[19,19,19],"current_hp_per_floor":[61,41,46,46,46,46,46,31,31,31,31,31,31,31,31,26,56,56,56,56,15,15,8,8],"gold":90,"neow_bonus":"THREE_ENEMY_KILL","is_daily":false,"chose_seed":false,"campfire_upgraded":3,"win_rate":0.0,"timestamp":1613465040,"path_taken":["M","?","?","M","?","E","R","E","T","?","?","$","R","?","R","BOSS","M","$","M","?","?","E"],"items_purchased_type":["Card","Card","Card"],"build_version":"2020-12-13","purchased_purges":1,"victory":false,"max_hp_per_floor":[68,68,73,73,73,73,73,73,73,73,73,73,73,66,66,66,66,66,66,66,66,66,66,66],"relic_stats":{"counters":[9,28],"Shuriken":[10],"Golden Idol":39,"Letter Opener":[20],"GoldenEye":[18],"obtain_stats":[{"NeowsBlessing":0,"Shuriken":8,"Golden Idol":14,"SacredBark":17,"Red Mask":21,"Letter Opener":9,"PureWater":0,"GoldenEye":6,"White Beast Statue":22},{"NeowsBlessing":0,"Shuriken":4,"Golden Idol":4,"SacredBark":5,"Red Mask":8,"Letter Opener":4,"PureWater":0,"GoldenEye":3,"White Beast Statue":8},{"NeowsBlessing":0,"Shuriken":8,"Golden Idol":8,"SacredBark":14,"Red Mask":25,"Letter Opener":8,"PureWater":0,"GoldenEye":3,"White Beast Statue":25}]},"card_choices":[{"not_picked":["EmptyBody","WreathOfFlame"],"picked":"ThirdEye","floor":1.0},{"not_picked":["InnerPeace","LikeWater"],"picked":"Consecrate","floor":4.0},{"not_picked":["EmptyBody","Protect"],"picked":"BattleHymn","floor":6.0},{"not_picked":["ThirdEye","Swivel"],"picked":"Wireheading","floor":8.0},{"not_picked":["SpiritShield","Establishment"],"picked":"Vault","floor":16.0},{"not_picked":["Evaluate","SashWhip","PathToVictory"],"picked":"SKIP","floor":18.0},{"not_picked":["FlurryOfBlows","WreathOfFlame","ThirdEye"],"picked":"SKIP","floor":20.0},{"not_picked":["BowlingBash","SandsOfTime"],"picked":"CarveReality+1","floor":21}],"player_experience":1613073,"relics_obtained":[{"floor":6.0,"key":"GoldenEye"},{"floor":8.0,"key":"Shuriken"},{"floor":9.0,"key":"Letter Opener"},{"floor":21,"key":"Red Mask"}],"event_choices":[{"damage_healed":0.0,"max_hp_gain":0.0,"max_hp_loss":0.0,"gold_gain":0.0,"event_name":"Shining Light","player_choice":"Entered Light","floor":2.0,"gold_loss":0.0,"damage_taken":20.0,"cards_upgraded":["Strike_P","Strike_P"]},{"damage_healed":0.0,"max_hp_gain":5.0,"max_hp_loss":0.0,"gold_gain":0.0,"event_name":"Big Fish","player_choice":"Donut","floor":3.0,"gold_loss":0.0,"damage_taken":0.0},{"damage_healed":0.0,"max_hp_gain":0.0,"max_hp_loss":0.0,"gold_gain":0.0,"event_name":"World of Goop","player_choice":"Left Gold","floor":5.0,"gold_loss":53.0,"damage_taken":0.0},{"damage_healed":0.0,"max_hp_gain":0.0,"max_hp_loss":0.0,"gold_gain":0.0,"cards_transformed":["Strike_P"],"event_name":"Living Wall","player_choice":"Change","floor":10.0,"gold_loss":0.0,"damage_taken":0.0,"cards_obtained":["TalkToTheHand"]},{"damage_healed":0.0,"max_hp_gain":0.0,"max_hp_loss":7.0,"gold_gain":0.0,"event_name":"Golden Idol","player_choice":"Lose Max HP","floor":14.0,"gold_loss":0.0,"damage_taken":0.0,"relics_obtained":["Golden Idol"]},{"damage_healed":0,"gold_gain":0,"player_choice":"Fought Bandits","damage_taken":0,"max_hp_gain":0,"max_hp_loss":0,"event_name":"Masked Bandits","floor":21,"gold_loss":0},{"damage_healed":0,"gold_gain":0,"player_choice":"Opened","damage_taken":0,"relics_obtained":["White Beast Statue"],"max_hp_gain":0,"max_hp_loss":0,"event_name":"The Mausoleum","floor":22,"gold_loss":0,"cards_obtained":["Writhe"]}],"is_beta":false,"boss_relics":[{"not_picked":["Astrolabe","Velvet Choker"],"picked":"SacredBark"}],"items_purged_floors":[11],"is_endless":false,"potions_floor_spawned":[4],"killed_by":"Gremlin Leader","ascension_level":20}}