{"host":"Doisman","time":1613514115,"event":{"mods":["AchievementEnabler","BaseMod","Better Note","Curses Come First","Minty Spire (QoL Compilation)","Permanent Neow","Quick Restart","Relic Stats","Replay The Spire","StSLib","slay the spire mod where everything is the same but ironclad has a cowboy hat"],"gold_per_floor":[116,116,41,53,53,80,80,112,139,139,336,19,19,46,46,145,145,165,80,179,214,225,225,255,255,255,270,303,321,351,369,369,478,478,488,517,517,230,255,255,275,308,308,308,322,26,26,26],"floor_reached":47,"language":"ENG","playtime":2040,"items_purged":["Pain","Strike_G","Strike_G","Strike_G"],"score":659,"play_id":"eaf2a431-0acd-4dbe-8c19-ed679c837bbc","local_time":"20210216162155","is_ascension_mode":true,"campfire_choices":[{"data":"Noxious Fumes","floor":7,"key":"SMITH"},{"data":"Malaise","floor":10,"key":"SMITH"},{"data":"Draining Mist","floor":15,"key":"SMITH"},{"data":"Well Laid Plans","floor":23,"key":"SMITH"},{"floor":25,"key":"REST"},{"floor":32,"key":"REST"},{"data":"Replay:Poison Smokescreen","floor":40,"key":"SMITH"},{"data":"Catalyst","floor":44,"key":"SMITH"}],"circlet_count":0,"master_deck":["Strike_G","Strike_G","Defend_G","Defend_G","Defend_G","Defend_G","Defend_G","Survivor","Neutralize","Riddle With Holes","Dagger Throw","Noxious Fumes+1","Malaise+1","Poisoned Stab","Finesse","Finesse","Draining Mist+1","Night Terror+1","Well Laid Plans+1","Replay:Poison Smokescreen+1","Terror+1","After Image+1","Predator","Catalyst+1","Toxin Wave+1","Hidden Blade+1","Catalyst+1"],"relics":["Velvet Choker","WarpedTongs","Blue Doll","Pear","Omamori","ReplayTheSpireMod:TigerMarble","Boot","Oddly Smooth Stone","Ring of Chaos","Replay:Accelerometer","Red Mask","HornCleat","Bag of Marbles","CeramicFish","Mirror","ChewingGum","Guide Book","Pocketwatch","Blood Vial","DollysMirror"],"acts_visited":["Exordium","TheCity","TheBeyond"],"potions_floor_usage":[6,22,24,33,33,35,47],"damage_taken":[{"damage":2,"enemies":"2 Louse","floor":1,"turns":4},{"damage":0,"enemies":"Cultist","floor":4,"turns":3},{"damage":1,"enemies":"3 Sentries","floor":6,"turns":8},{"damage":11,"enemies":"Gremlin Nob","floor":8,"turns":4},{"damage":3,"enemies":"Lagavulin","floor":14,"turns":6},{"damage":0,"enemies":"The Guardian","floor":16,"turns":8},{"damage":0,"enemies":"3 Byrds","floor":18,"turns":4},{"damage":32,"enemies":"Masked Bandits","floor":21,"turns":6},{"damage":0,"enemies":"2 Thieves","floor":22,"turns":4},{"damage":19,"enemies":"Slavers","floor":24,"turns":5},{"damage":0,"enemies":"Shelled Parasite and Fungi","floor":27,"turns":5},{"damage":2,"enemies":"Book of Stabbing","floor":28,"turns":6},{"damage":0,"enemies":"Sentry and Sphere","floor":29,"turns":3},{"damage":7,"enemies":"Slavers","floor":30,"turns":6},{"damage":0,"enemies":"Snake Plant","floor":31,"turns":4},{"damage":42,"enemies":"Collector","floor":33,"turns":12},{"damage":0,"enemies":"3 Shapes","floor":35,"turns":4},{"damage":12,"enemies":"3 Darklings","floor":36,"turns":6},{"damage":3,"enemies":"Transient","floor":39,"turns":5},{"damage":0,"enemies":"4 Shapes","floor":41,"turns":5},{"damage":0,"enemies":"R_Hoarder","floor":42,"turns":8},{"damage":7,"enemies":"Writhing Mass","floor":45,"turns":5},{"damage":39,"enemies":"Reptomancer","floor":47,"turns":3}],"seed_played":"-2869272262951292172","potions_obtained":[{"floor":1,"key":"LiquidMemories"},{"floor":8,"key":"LiquidBronze"},{"floor":16,"key":"SpeedPotion"},{"floor":21,"key":"SteroidPotion"},{"floor":22,"key":"PowerPotion"},{"floor":28,"key":"FearPotion"},{"floor":29,"key":"Dexterity Potion"},{"floor":33,"key":"Fire Potion"},{"floor":36,"key":"SpeedPotion"},{"floor":39,"key":"ColorlessPotion"},{"floor":42,"key":"Strength Potion"},{"floor":45,"key":"Venom Potion"}],"is_trial":false,"path_per_floor":["M","?","$","M","$","E","R","E","T","R","?","$","?","E","R","B",null,"M","?","?","?","M","R","E","R","T","M","E","M","E","M","R","B",null,"M","M","?","$","M","R","M","E","T","R","M","$","E"],"character_chosen":"THE_SILENT","items_purchased":["ReplayTheSpireMod:TigerMarble","Finesse","Guide Book","Catalyst","DollysMirror"],"campfire_rested":2,"item_purchase_floors":[12,12,38,38,46],"current_hp_per_floor":[68,68,68,68,68,67,67,66,66,66,66,66,63,60,60,60,80,80,80,80,48,48,48,29,53,53,53,51,51,44,44,68,26,80,80,68,68,68,65,65,65,65,65,65,60,60,23,23],"gold":26,"neow_bonus":"BOSS_RELIC","is_daily":false,"chose_seed":false,"campfire_upgraded":6,"win_rate":0.0,"timestamp":1613514115,"path_taken":["M","?","$","?","?","E","R","E","T","R","?","$","?","E","R","BOSS","M","?","?","?","M","R","E","R","T","M","E","M","E","M","R","BOSS","M","M","?","$","M","R","M","E","T","R","M","$","E"],"items_purchased_type":["Relic","Card","Relic","Card","Relic"],"build_version":"2020-12-18","purchased_purges":4,"victory":false,"max_hp_per_floor":[70,70,70,70,70,70,70,80,80,80,80,80,80,80,80,80,80,80,80,80,80,80,80,80,80,80,80,80,80,80,80,80,80,80,80,80,76,76,76,76,76,76,76,76,76,76,76,76],"relic_stats":{"Blood Vial":4,"counters":[23,124],"CeramicFish":54,"Boot":[219],"obtain_stats":[{"Replay:Accelerometer":19,"Pear":8,"CeramicFish":28,"Guide Book":38,"Velvet Choker":0,"Oddly Smooth Stone":14,"Blue Doll":6,"Ring of Chaos":17,"Omamori":9,"Boot":13,"WarpedTongs":2,"Blood Vial":43,"HornCleat":24,"DollysMirror":46,"ChewingGum":34,"ReplayTheSpireMod:TigerMarble":12,"Red Mask":21,"Bag of Marbles":26,"Mirror":30,"Ring of the Snake":0,"Pocketwatch":42},{"Replay:Accelerometer":7,"Pear":4,"CeramicFish":12,"Guide Book":18,"Velvet Choker":0,"Oddly Smooth Stone":5,"Blue Doll":3,"Ring of Chaos":6,"Omamori":4,"Boot":4,"WarpedTongs":1,"Blood Vial":21,"HornCleat":10,"DollysMirror":22,"ChewingGum":16,"ReplayTheSpireMod:TigerMarble":4,"Red Mask":8,"Bag of Marbles":10,"Mirror":14,"Ring of the Snake":0,"Pocketwatch":21},{"Replay:Accelerometer":37,"Pear":19,"CeramicFish":63,"Guide Book":98,"Velvet Choker":0,"Oddly Smooth Stone":25,"Blue Doll":15,"Ring of Chaos":33,"Omamori":19,"Boot":19,"WarpedTongs":4,"Blood Vial":116,"HornCleat":52,"DollysMirror":121,"ChewingGum":88,"ReplayTheSpireMod:TigerMarble":19,"Red Mask":43,"Bag of Marbles":52,"Mirror":72,"Ring of the Snake":0,"Pocketwatch":116}],"WarpedTongs":[120],"Pocketwatch":[6]},"card_choices":[{"not_picked":["Cloak And Dagger","ReplayTheSpireMod:Shiv Toss"],"picked":"Riddle With Holes","floor":1},{"not_picked":["Outmaneuver","Flechettes"],"picked":"Dagger Throw","floor":4},{"not_picked":["Flying Knee","Skewer"],"picked":"Noxious Fumes","floor":6},{"not_picked":["Quick Slash","Calculated Gamble"],"picked":"Malaise","floor":8},{"not_picked":["Blade Dance","Masterful Stab"],"picked":"Poisoned Stab","floor":11},{"not_picked":["Skewer","Underhanded Strike"],"picked":"Draining Mist","floor":14},{"not_picked":["Phantasmal Killer","Grand Finale"],"picked":"Night Terror","floor":16},{"not_picked":["Outmaneuver+1","Sucker Punch"],"picked":"Well Laid Plans","floor":18},{"not_picked":["Concentrate","Blade Dance"],"picked":"Replay:Poison Smokescreen","floor":22},{"not_picked":["ReplayTheSpireMod:From All Sides","Outmaneuver"],"picked":"Terror+1","floor":24},{"not_picked":["Underhanded Strike","Slice","Bane"],"picked":"SKIP","floor":27},{"not_picked":["Atom Bomb","Hidden Blade","Skewer"],"picked":"SKIP","floor":28},{"not_picked":["Eviscerate","Cloak And Dagger","Bane"],"picked":"SKIP","floor":29},{"not_picked":["Poisoned Stab","Setup","Flying Knee"],"picked":"SKIP","floor":30},{"not_picked":["Heel Hook+1","Blade Dance+1","Prepared"],"picked":"SKIP","floor":31},{"not_picked":["Phantasmal Killer","Tools of the Trade"],"picked":"After Image","floor":33},{"not_picked":["Dagger Spray","Outmaneuver","Flying Knee+1"],"picked":"SKIP","floor":35},{"not_picked":["Dodge and Roll","Bane+1"],"picked":"Predator","floor":36},{"not_picked":["Cloak And Dagger","All Out Attack+1"],"picked":"Toxin Wave+1","floor":39},{"not_picked":["Acrobatics","Cloak And Dagger"],"picked":"Hidden Blade+1","floor":41},{"not_picked":["Slice","Well Laid Plans","Outmaneuver"],"picked":"SKIP","floor":42},{"not_picked":["Dagger Throw","Backstab","Storm of Steel"],"picked":"SKIP","floor":45}],"player_experience":1146838,"relics_obtained":[{"floor":6,"key":"Blue Doll"},{"floor":8,"key":"Pear"},{"floor":9,"key":"Omamori"},{"floor":14,"key":"Oddly Smooth Stone"},{"floor":21,"key":"Red Mask"},{"floor":24,"key":"HornCleat"},{"floor":26,"key":"Bag of Marbles"},{"floor":28,"key":"CeramicFish"},{"floor":30,"key":"Mirror"},{"floor":42,"key":"Pocketwatch"},{"floor":43,"key":"Blood Vial"}],"event_choices":[{"damage_healed":0,"gold_gain":0,"player_choice":"Rummage","damage_taken":0,"relics_obtained":["WarpedTongs"],"max_hp_gain":0,"max_hp_loss":0,"event_name":"Accursed Blacksmith","floor":2,"gold_loss":0,"cards_obtained":["Pain"]},{"damage_healed":0,"gold_gain":0,"player_choice":"Success","damage_taken":3,"relics_obtained":["Boot"],"max_hp_gain":0,"max_hp_loss":0,"event_name":"Scrap Ooze","floor":13,"gold_loss":0},{"damage_healed":0,"gold_gain":0,"player_choice":"Obtained Relic","damage_taken":0,"relics_obtained":["Replay:Accelerometer"],"max_hp_gain":0,"max_hp_loss":0,"event_name":"Addict","floor":19,"gold_loss":85},{"damage_healed":0,"gold_gain":99,"player_choice":"Stole From Cult","damage_taken":0,"max_hp_gain":0,"max_hp_loss":0,"event_name":"Nest","floor":20,"gold_loss":0},{"damage_healed":0,"gold_gain":0,"player_choice":"Fought Bandits","damage_taken":0,"max_hp_gain":0,"max_hp_loss":0,"event_name":"Masked Bandits","floor":21,"gold_loss":0},{"damage_healed":0,"gold_gain":0,"player_choice":"Max HP","damage_taken":0,"max_hp_gain":0,"max_hp_loss":4,"event_name":"Winding Halls","floor":37,"gold_loss":0}],"is_beta":true,"boss_relics":[{"not_picked":["Black Star","Runic Dome"],"picked":"Ring of Chaos"},{"not_picked":["Tiny House","Snecko Eye"],"picked":"ChewingGum"}],"items_purged_floors":[3,12,38,46],"is_endless":false,"potions_floor_spawned":[1,8,16,21,22,28,29,33,36,39,42,45],"killed_by":"Reptomancer","ascension_level":1}}