{"host":"1avr1135to2copjv","time":1613470746,"event":{"mods":["BaseMod","Colored Map","Colored Powertips","Filter the Spire","Minty Spire (QoL Compilation)","Relic Stats","StSLib","The Servant 0.9.4"],"gold_per_floor":[117,134,134,150,11,37,37,64,133,133,151,151,151,33,33,110,110,129,129,141,160,180,180,215,53,53,53,86,33,33,46,46,46,46],"floor_reached":33,"language":"ENG","playtime":1459,"items_purged":["Strike_G"],"score":696,"play_id":"3a7703d4-143d-4054-af40-e7b13a02f099","local_time":"20210216131906","is_ascension_mode":true,"campfire_choices":[{"data":"Neutralize","floor":7,"key":"SMITH"},{"data":"Cloak And Dagger","floor":10,"key":"SMITH"},{"data":"Catalyst","floor":13,"key":"SMITH"},{"floor":15,"key":"REST"},{"data":"Footwork","floor":23,"key":"SMITH"},{"data":"Well Laid Plans","floor":27,"key":"SMITH"},{"data":"Noxious Fumes","floor":30,"key":"SMITH"},{"data":"Bouncing Flask","floor":32,"key":"SMITH"}],"circlet_count":0,"master_deck":["AscendersBane","Strike_G","Defend_G","Defend_G","Defend_G","Defend_G","Defend_G","Survivor","Neutralize+1","Bouncing Flask+1","Flying Knee","Backstab","Backflip","Catalyst+1","Cloak And Dagger+1","Catalyst","Cloak And Dagger","Noxious Fumes+1","Corpse Explosion","Crippling Poison+1","All Out Attack+1","Outmaneuver+1","Blur+1","Footwork+1","Acrobatics","Dagger Throw","Finisher","Well Laid Plans+1","Deadly Poison+1","Acrobatics"],"relics":["WristBlade","Tough Bandages","Boot","Juzu Bracelet","Mummified Hand","Astrolabe","Oddly Smooth Stone","White Beast Statue","Red Mask"],"acts_visited":["Exordium","TheCity"],"potions_floor_usage":[2,6,6,16,20,22,24,28,33],"damage_taken":[{"damage":7,"enemies":"Jaw Worm","floor":1,"turns":5},{"damage":0,"enemies":"Small Slimes","floor":2,"turns":4},{"damage":2,"enemies":"2 Louse","floor":4,"turns":3},{"damage":0,"enemies":"3 Sentries","floor":6,"turns":3},{"damage":22,"enemies":"Lagavulin","floor":8,"turns":6},{"damage":5,"enemies":"Large Slime","floor":11,"turns":5},{"damage":0,"enemies":"Hexaghost","floor":16,"turns":6},{"damage":4,"enemies":"3 Byrds","floor":18,"turns":2},{"damage":9,"enemies":"Chosen","floor":20,"turns":3},{"damage":9,"enemies":"Centurion and Healer","floor":21,"turns":5},{"damage":10,"enemies":"Cultist and Chosen","floor":22,"turns":7},{"damage":3,"enemies":"Slavers","floor":24,"turns":3},{"damage":0,"enemies":"Masked Bandits","floor":28,"turns":1},{"damage":4,"enemies":"Sentry and Sphere","floor":31,"turns":5},{"damage":38,"enemies":"Collector","floor":33,"turns":5}],"seed_played":"6658534546371843577","potions_obtained":[{"floor":1,"key":"Poison Potion"},{"floor":4,"key":"SkillPotion"},{"floor":11,"key":"Swift Potion"},{"floor":16,"key":"EssenceOfSteel"},{"floor":18,"key":"Swift Potion"},{"floor":21,"key":"Block Potion"},{"floor":22,"key":"Fire Potion"},{"floor":24,"key":"Fire Potion"},{"floor":28,"key":"PowerPotion"}],"is_trial":false,"path_per_floor":["M","M","?","M","$","E","R","E","T","R","M","?","R","$","R","B",null,"M","?","M","M","M","R","E","$","T","R","?","$","R","M","R","B"],"character_chosen":"THE_SILENT","items_purchased":["DistilledChaos","Backflip","Cloak And Dagger","Noxious Fumes","Well Laid Plans","Acrobatics"],"campfire_rested":1,"item_purchase_floors":[5,5,14,14,25,29],"current_hp_per_floor":[52,52,41,39,39,39,39,17,17,17,12,12,12,12,31,31,57,53,53,44,35,25,25,22,22,22,22,22,22,22,18,18,0,0],"gold":46,"neow_bonus":"BOSS_RELIC","is_daily":false,"chose_seed":false,"campfire_upgraded":7,"win_rate":0.0,"timestamp":1613470746,"path_taken":["M","M","?","M","$","E","R","E","T","R","M","?","R","?","R","BOSS","M","?","M","M","M","R","E","$","T","R","?","$","R","M","R","BOSS"],"items_purchased_type":["Potion","Card","Card","Card","Card","Card"],"build_version":"2020-12-22","purchased_purges":1,"victory":false,"max_hp_per_floor":[66,66,66,66,66,66,66,66,66,66,66,66,66,66,66,66,66,66,66,66,66,66,66,66,66,66,66,66,66,66,66,66,66,66],"relic_stats":{"Tough Bandages":[48],"counters":[15,63],"Mummified Hand":[17],"Astrolabe":["Crippling Poison","All Out Attack","Outmaneuver"],"Juzu Bracelet":0,"Boot":[7],"obtain_stats":[{"Tough Bandages":3,"WristBlade":0,"Mummified Hand":9,"Astrolabe":17,"Oddly Smooth Stone":24,"Juzu Bracelet":8,"Red Mask":28,"Boot":6,"White Beast Statue":26,"Ring of the Snake":0},{"Tough Bandages":2,"WristBlade":0,"Mummified Hand":5,"Astrolabe":7,"Oddly Smooth Stone":12,"Juzu Bracelet":5,"Red Mask":13,"Boot":4,"White Beast Statue":12,"Ring of the Snake":0},{"Tough Bandages":9,"WristBlade":0,"Mummified Hand":21,"Astrolabe":32,"Oddly Smooth Stone":52,"Juzu Bracelet":21,"Red Mask":53,"Boot":15,"White Beast Statue":52,"Ring of the Snake":0}]},"card_choices":[{"not_picked":["Choke","Catalyst"],"picked":"Bouncing Flask","floor":1},{"not_picked":["All Out Attack","Acrobatics"],"picked":"Flying Knee","floor":2},{"not_picked":["Quick Slash","Deadly Poison"],"picked":"Backstab","floor":4},{"not_picked":["Flying Knee","Phantasmal Killer"],"picked":"Catalyst","floor":6},{"not_picked":["Backstab","Bane"],"picked":"Cloak And Dagger","floor":8},{"not_picked":["PiercingWail","Endless Agony"],"picked":"Catalyst","floor":11},{"not_picked":["Storm of Steel","Tools of the Trade"],"picked":"Corpse Explosion","floor":16},{"not_picked":["Quick Slash","Slice"],"picked":"Blur+1","floor":18},{"not_picked":["Crippling Poison+1","Deadly Poison"],"picked":"Acrobatics","floor":20},{"not_picked":["Heel Hook+1","Quick Slash","Flying Knee"],"picked":"SKIP","floor":21},{"not_picked":["Eviscerate","Backflip"],"picked":"Dagger Throw","floor":22},{"not_picked":["Envenom","Terror"],"picked":"Finisher","floor":24},{"not_picked":["Sucker Punch","Dagger Spray"],"picked":"Deadly Poison+1","floor":28},{"not_picked":["Riddle With Holes","Expertise","Outmaneuver"],"picked":"SKIP","floor":31}],"player_experience":1046703,"relics_obtained":[{"floor":6,"key":"Boot"},{"floor":8,"key":"Juzu Bracelet"},{"floor":9,"key":"Mummified Hand"},{"floor":24,"key":"Oddly Smooth Stone"},{"floor":26,"key":"White Beast Statue"},{"floor":28,"key":"Red Mask"}],"event_choices":[{"damage_healed":0,"gold_gain":0,"player_choice":"Success","damage_taken":11,"relics_obtained":["Tough Bandages"],"max_hp_gain":0,"max_hp_loss":0,"event_name":"Scrap Ooze","floor":3,"gold_loss":0},{"damage_healed":0,"gold_gain":0,"player_choice":"Ignored","damage_taken":0,"max_hp_gain":0,"max_hp_loss":0,"event_name":"Liars Game","floor":12,"gold_loss":0},{"damage_healed":0,"gold_gain":0,"player_choice":"Read","damage_taken":0,"max_hp_gain":0,"max_hp_loss":0,"event_name":"The Library","floor":19,"gold_loss":0,"cards_obtained":["Footwork"]},{"damage_healed":0,"gold_gain":0,"player_choice":"Fought Bandits","damage_taken":0,"max_hp_gain":0,"max_hp_loss":0,"event_name":"Masked Bandits","floor":28,"gold_loss":0}],"is_beta":false,"boss_relics":[{"not_picked":["Velvet Choker","Tiny House"],"picked":"Astrolabe"}],"items_purged_floors":[25],"is_endless":false,"potions_floor_spawned":[1,4,11,16,18,21,22,24,28,31],"killed_by":"Collector","ascension_level":20}}