{"host":"mnpd8gh7cwxsn5kh","time":1613499458,"event":{"mods":["BaseMod","Bestiary","Block Reminder","Colored Map","Colored Powertips","Highlight Path","Minty Spire (QoL Compilation)","Relic Sorter","Relic Stats"],"gold_per_floor":[118,118,133,150,162,194,8,8,61,61,61,8,43,103,103,202,202,244,279,279,324,274,331,331,399,448,448,448,460,472,551,563,575,575],"floor_reached":33,"language":"ENG","playtime":3406,"items_purged":[],"score":561,"play_id":"9b4f1cb7-9d9d-40f1-94cc-38c765710c16","local_time":"20210216191738","is_ascension_mode":true,"campfire_choices":[{"data":"HandOfGreed","floor":11.0,"key":"SMITH"},{"data":"Footwork","floor":15.0,"key":"SMITH"},{"floor":24,"key":"REST"},{"floor":27,"key":"REST"},{"data":"Sucker Punch","floor":30,"key":"SMITH"},{"data":"Neutralize","floor":32,"key":"SMITH"}],"circlet_count":0,"master_deck":["AscendersBane","Strike_G","Strike_G+1","Strike_G","Strike_G","Defend_G+1","Defend_G","Defend_G","Defend_G","Defend_G","Survivor","Neutralize+1","Slice","Prepared","Predator+1","Footwork+1","Deflect","Underhanded Strike","HandOfGreed+1","PiercingWail","PiercingWail","Escape Plan","Venomology","Sucker Punch+1","Quick Slash+1","Backflip","Blur"],"relics":["Ring of the Snake","Juzu Bracelet","Bottled Tornado","Dream Catcher","Pantograph","Bronze Scales","Busted Crown","Bag of Preparation","Happy Flower","MawBank"],"acts_visited":["Exordium","TheCity"],"potions_floor_usage":[21,23,29,29,33,33],"damage_taken":[{"damage":2.0,"enemies":"Small Slimes","floor":1.0,"turns":5.0},{"damage":1.0,"enemies":"Cultist","floor":3.0,"turns":5.0},{"damage":0.0,"enemies":"2 Louse","floor":4.0,"turns":3.0},{"damage":12.0,"enemies":"2 Fungi Beasts","floor":5.0,"turns":4.0},{"damage":24.0,"enemies":"Lagavulin","floor":6.0,"turns":10.0},{"damage":11.0,"enemies":"Gremlin Nob","floor":13.0,"turns":3.0},{"damage":7.0,"enemies":"Gremlin Gang","floor":14.0,"turns":7.0},{"damage":17.0,"enemies":"The Guardian","floor":16.0,"turns":15.0},{"damage":0.0,"enemies":"3 Byrds","floor":18.0,"turns":3.0},{"damage":7.0,"enemies":"Shell Parasite","floor":19.0,"turns":7.0},{"damage":11,"enemies":"Centurion and Healer","floor":21,"turns":8},{"damage":18,"enemies":"Book of Stabbing","floor":23,"turns":5},{"damage":8,"enemies":"Sentry and Sphere","floor":25,"turns":6},{"damage":1,"enemies":"Gremlin Leader","floor":29,"turns":7},{"damage":3,"enemies":"3 Cultists","floor":31,"turns":7},{"damage":73,"enemies":"Collector","floor":33,"turns":15}],"seed_played":"-8527901083336653903","potions_obtained":[{"floor":3.0,"key":"DuplicationPotion"},{"floor":6.0,"key":"Poison Potion"},{"floor":16.0,"key":"DistilledChaos"},{"floor":31,"key":"Fruit Juice"}],"is_trial":false,"path_per_floor":["M","?","M","M","M","E","$","?","T","T","R","$","E","M","R","B",null,"M","M","?","M","?","E","R","M","T","R","T","E","R","M","R","B"],"character_chosen":"THE_SILENT","items_purchased":["HandOfGreed","PiercingWail"],"campfire_rested":2,"item_purchase_floors":[7,12],"current_hp_per_floor":[57,57,56,56,44,20,20,42,42,42,42,42,31,24,24,32,58,58,51,51,40,40,22,41,33,33,52,52,51,51,48,48,0,0],"gold":575,"neow_bonus":"RANDOM_COMMON_RELIC","is_daily":false,"chose_seed":false,"campfire_upgraded":4,"win_rate":0.0,"timestamp":1613499458,"path_taken":["M","?","M","M","M","E","?","?","T","?","R","$","E","M","R","BOSS","M","M","?","M","?","E","R","M","T","R","?","E","R","M","R","BOSS"],"items_purchased_type":["Card","Card"],"build_version":"2020-12-22","purchased_purges":0,"victory":false,"max_hp_per_floor":[66,66,66,66,66,66,66,66,66,66,66,66,66,66,66,66,66,66,66,66,66,66,66,66,66,66,66,66,66,66,66,66,71,71],"relic_stats":{"Dream Catcher":2,"Busted Crown":16,"Happy Flower":[9],"counters":[16,110],"Pantograph":43,"Bronze Scales":[333],"Juzu Bracelet":1,"Bag of Preparation":[8],"MawBank":60,"obtain_stats":[{"Dream Catcher":9,"Busted Crown":17,"Happy Flower":26,"Pantograph":10,"Bronze Scales":13,"Juzu Bracelet":0,"Bag of Preparation":23,"Bottled Tornado":6,"MawBank":28,"Ring of the Snake":0},{"Dream Catcher":5,"Busted Crown":8,"Happy Flower":13,"Pantograph":5,"Bronze Scales":6,"Juzu Bracelet":0,"Bag of Preparation":12,"Bottled Tornado":5,"MawBank":13,"Ring of the Snake":0},{"Dream Catcher":27,"Busted Crown":52,"Happy Flower":81,"Pantograph":27,"Bronze Scales":30,"Juzu Bracelet":0,"Bag of Preparation":75,"Bottled Tornado":27,"MawBank":81,"Ring of the Snake":0}],"Ring of the Snake":[32]},"card_choices":[{"not_picked":["Dagger Throw","PiercingWail"],"picked":"Slice","floor":1.0},{"not_picked":["Acrobatics","Flying Knee"],"picked":"Predator","floor":3.0},{"not_picked":["Tools of the Trade","Blur"],"picked":"Footwork","floor":4.0},{"not_picked":["Tactician","Bouncing Flask"],"picked":"Deflect","floor":5.0},{"not_picked":["Choke","Acrobatics"],"picked":"Underhanded Strike","floor":6.0},{"not_picked":["Backflip","Poisoned Stab"],"picked":"PiercingWail","floor":13.0},{"not_picked":["Backflip","Caltrops"],"picked":"Escape Plan","floor":14.0},{"not_picked":["Burst","Phantasmal Killer"],"picked":"Venomology","floor":16.0},{"not_picked":[],"picked":"Sucker Punch","floor":18.0},{"not_picked":[],"picked":"Quick Slash+1","floor":19.0},{"not_picked":["Sucker Punch"],"picked":"SKIP","floor":21},{"not_picked":["Finisher"],"picked":"SKIP","floor":23},{"not_picked":[],"picked":"Backflip","floor":24},{"not_picked":["Endless Agony"],"picked":"SKIP","floor":25},{"not_picked":[],"picked":"Blur","floor":27},{"not_picked":["Blade Dance"],"picked":"SKIP","floor":31}],"player_experience":567084,"relics_obtained":[{"floor":6.0,"key":"Bottled Tornado"},{"floor":9.0,"key":"Dream Catcher"},{"floor":10.0,"key":"Pantograph"},{"floor":13.0,"key":"Bronze Scales"},{"floor":23,"key":"Bag of Preparation"},{"floor":26,"key":"Happy Flower"},{"floor":28,"key":"MawBank"}],"event_choices":[{"damage_healed":0.0,"max_hp_gain":0.0,"max_hp_loss":0.0,"gold_gain":0.0,"cards_transformed":["Strike_G"],"event_name":"Transmorgrifier","player_choice":"Transformed","floor":2.0,"gold_loss":0.0,"damage_taken":0.0,"cards_obtained":["Prepared"]},{"damage_healed":22.0,"max_hp_gain":0.0,"max_hp_loss":0.0,"gold_gain":0.0,"event_name":"Big Fish","player_choice":"Banana","floor":8.0,"gold_loss":0.0,"damage_taken":0.0},{"damage_healed":0.0,"max_hp_gain":0.0,"max_hp_loss":0.0,"gold_gain":0.0,"event_name":"Upgrade Shrine","player_choice":"Upgraded","floor":20.0,"gold_loss":0.0,"damage_taken":0.0,"cards_upgraded":["Predator"]},{"damage_healed":0,"gold_gain":0,"player_choice":"Upgraded Two","damage_taken":0,"max_hp_gain":0,"max_hp_loss":0,"event_name":"Designer","floor":22,"gold_loss":50,"cards_upgraded":["Strike_G","Defend_G"]}],"is_beta":false,"boss_relics":[{"not_picked":["Runic Dome","SacredBark"],"picked":"Busted Crown"}],"items_purged_floors":[],"is_endless":false,"potions_floor_spawned":[3,6,16,29,31],"killed_by":"Collector","ascension_level":18}}