{"host":"ippeulvg90hectqg","time":1613495238,"event":{"mods":["BaseMod","Downfall","Hermit","Infinite Spire","Lobotomy","Minty Spire (QoL Compilation)","Replay The Spire","StSLib","The Saiyan"],"gold_per_floor":[92,110,125,125,135,160,160,194,194,208,243,243,243,258,258,359,359,379,396,396,446,457,492,538,570,570,585,585,598,626,626,626,724,724,742,795,795,795,808,833,833,865,891,970,986,986,1005,1018,1018,1018,1018,1018,351,377,377],"floor_reached":56,"language":"ZHS","playtime":3968,"items_purged":["Saiyan:SAIYA_Strike","Saiyan:SAIYA_Defend","Saiyan:SAIYA_Strike"],"score":1619,"play_id":"241bdf98-253c-4fba-8048-de60b1e998b3","local_time":"20210217010718","is_ascension_mode":true,"campfire_choices":[{"data":"Saiyan:KameHameHa","floor":7.0,"key":"SMITH"},{"floor":15.0,"key":"DIG"},{"data":"Saiyan:Planning","floor":32.0,"key":"SMITH"},{"floor":41.0,"key":"RECALL"},{"data":"Saiyan:KiStrike","floor":49,"key":"SMITH"},{"data":"Saiyan:DragonFist","floor":52,"key":"SMITH"}],"circlet_count":0,"master_deck":["Saiyan:SAIYA_Strike","Saiyan:SAIYA_Strike","Saiyan:SAIYA_Defend","Saiyan:SAIYA_Defend","Saiyan:SAIYA_Defend+1","Saiyan:EnergyBlast","Saiyan:KaioKen+1","Saiyan:RuthlessBlow","Saiyan:Quickening","Saiyan:TurtleShell","Saiyan:DragonFist+1","Saiyan:KameHameHa+1","Saiyan:SenzuBean+1","Saiyan:HyperTimeChamber+1","Saiyan:Planning+1","Saiyan:KiStrike+1","infinitespire:FutureSight","Saiyan:TurtleShell","Saiyan:GhostAttack+1","Saiyan:DoubleMasenko","Saiyan:Afterimage+1","Saiyan:TurtleShell","Saiyan:Endure","Saiyan:SuperSaiyanThree+1","Saiyan:TurtleShell+1","Saiyan:CCCapsule+1","Saiyan:BigBangAttack","downfall:Bewildered","Saiyan:MajinSeal+1","Saiyan:Planning+1","Saiyan:Afterimage+1","Saiyan:Overexert+1","Parasite","Delirium","Swift Strike","Saiyan:TurtleShell+1","Saiyan:PowerUp+1"],"relics":["SaiyanSoul","SaiyanHeart","infinitespire:CheckeredPen","Golden Egg","Pen Nib","Akabeko","Replay:Mystery Machine","Mercury Hourglass","Bag of Marbles","infinitespire:Satchel","Replay:Bronze Core","Art of War","Centennial Puzzle","Counterbalance","Replay:Ringing Soul","Replay:Rubber Ducky","Toxic Egg 2","Oddly Smooth Stone","Bag of Preparation","Ornamental Fan","sneckomod:BabySnecko","Cursed Key","FossilizedHelix","Pet Ghost","Lantern","Blue Doll","War Paint","Pear","Blood Vial","Anchor","Counterbalance","InkBottle"],"acts_visited":["Exordium","TheCity","TheBeyond","TheEnding"],"potions_floor_usage":[50],"damage_taken":[{"damage":2.0,"enemies":"Cultist","floor":1.0,"turns":3.0},{"damage":3.0,"enemies":"2 Louse","floor":2.0,"turns":3.0},{"damage":0.0,"enemies":"Small Slimes","floor":3.0,"turns":4.0},{"damage":0.0,"enemies":"Gremlin Gang","floor":5.0,"turns":3.0},{"damage":27.0,"enemies":"Gremlin Nob","floor":6.0,"turns":4.0},{"damage":4.0,"enemies":"Lagavulin","floor":8.0,"turns":6.0},{"damage":5.0,"enemies":"Exordium Thugs","floor":10.0,"turns":6.0},{"damage":0.0,"enemies":"Gremlin Nob","floor":11.0,"turns":3.0},{"damage":0.0,"enemies":"Lots of Slimes","floor":14.0,"turns":1.0},{"damage":9.0,"enemies":"Fading Forest","floor":16.0,"turns":11.0},{"damage":5.0,"enemies":"Shell Parasite","floor":18.0,"turns":7.0},{"damage":3.0,"enemies":"Chosen","floor":19.0,"turns":7.0},{"damage":13.0,"enemies":"Snake Plant","floor":22.0,"turns":2.0},{"damage":9.0,"enemies":"Book of Stabbing","floor":23.0,"turns":4.0},{"damage":0.0,"enemies":"Gremlin Leader","floor":25.0,"turns":4.0},{"damage":0.0,"enemies":"3 Cultists","floor":27.0,"turns":4.0},{"damage":0.0,"enemies":"Centurion and Healer","floor":29.0,"turns":3.0},{"damage":0.0,"enemies":"Slavers","floor":30.0,"turns":4.0},{"damage":11.0,"enemies":"Automaton","floor":33.0,"turns":7.0},{"damage":0.0,"enemies":"3 Shapes","floor":35.0,"turns":3.0},{"damage":22.0,"enemies":"2 Orb Walkers","floor":36.0,"turns":5.0},{"damage":0.0,"enemies":"3 Darklings","floor":39.0,"turns":3.0},{"damage":0.0,"enemies":"R_Hoarder","floor":40.0,"turns":6.0},{"damage":0.0,"enemies":"Nemesis","floor":42.0,"turns":4.0},{"damage":0.0,"enemies":"Sphere and 2 Shapes","floor":45.0,"turns":5.0},{"damage":0.0,"enemies":"Jaw Worm Horde","floor":47.0,"turns":2.0},{"damage":0,"enemies":"4 Shapes","floor":48,"turns":5},{"damage":23,"enemies":"Donu and Deca","floor":50,"turns":9},{"damage":0,"enemies":"Shield and Spear","floor":54,"turns":5},{"damage":93,"enemies":"The Heart","floor":55,"turns":10}],"seed_played":"-1153365813665836598","potions_obtained":[{"floor":3.0,"key":"Milkshake"},{"floor":6.0,"key":"SkillPotion"},{"floor":10.0,"key":"Regen Potion"},{"floor":11.0,"key":"Languid Potion"},{"floor":22.0,"key":"PowerPotion"},{"floor":23.0,"key":"Fire Potion"},{"floor":27.0,"key":"Guardian:BlockOnCardUsePotion"},{"floor":35.0,"key":"Guardian:BlockOnCardUsePotion"},{"floor":45.0,"key":"FearPotion"}],"is_trial":false,"path_per_floor":["M","M","M","T","M","E","R","E","T","M","E","?","?","M","R","B",null,"M","M","AVR","?","M","E","T","E","T","M","?","M","E","?","R","B",null,"M","?","?","AVR","M","E","R","E","T","T","M","?","M","M","R","B",null,"R","$","E","B",null],"character_chosen":"SAIYAJIN","items_purchased":["Anchor","Saiyan:TurtleShell","champ:CounterPotion","Counterbalance","SteroidPotion"],"campfire_rested":0,"item_purchase_floors":[53,53,53,53,53],"current_hp_per_floor":[59,57,59,59,61,34,34,31,31,28,30,13,18,18,18,25,77,73,72,72,72,60,56,56,60,60,65,65,69,74,77,77,70,111,113,96,96,96,101,102,102,107,110,123,126,129,129,132,132,112,155,155,158,164,75],"gold":377,"neow_bonus":"UPGRADE_CARD","is_daily":false,"chose_seed":false,"campfire_upgraded":4,"win_rate":0.0,"timestamp":1613495238,"path_taken":["M","M","M","?","M","E","R","E","T","M","E","?","?","M","R","BOSS","M","M","AVR","?","?","E","?","E","T","?","?","M","E","?","R","BOSS","M","?","?","AVR","M","E","R","E","T","?","?","?","M","M","R","BOSS","R","$","E","BOSS"],"items_purchased_type":["Relic","Card","Potion","Relic","Potion"],"build_version":"2020-12-22","purchased_purges":3,"victory":true,"max_hp_per_floor":[61,62,64,64,66,66,66,67,67,69,71,71,76,76,76,77,77,78,80,80,80,81,86,86,90,90,95,95,99,104,107,107,111,111,113,118,118,118,123,124,124,129,132,145,148,151,151,154,154,155,155,155,158,164,168],"card_choices":[{"not_picked":["Saiyan:Endure","Saiyan:SaiyanHubris"],"picked":"Saiyan:Quickening","floor":1.0},{"not_picked":["Saiyan:SoulSpice","Saiyan:PowerUp"],"picked":"Saiyan:TurtleShell","floor":2.0},{"not_picked":["Saiyan:FinalFlash","Saiyan:CCCapsule"],"picked":"Saiyan:DragonFist","floor":3.0},{"not_picked":["Saiyan:RemoveWeights","Saiyan:FinalFlash"],"picked":"Saiyan:KameHameHa","floor":5.0},{"not_picked":["Saiyan:PressOn","Saiyan:Taunt"],"picked":"Saiyan:SenzuBean","floor":6.0},{"not_picked":["Saiyan:ThirstForFight","Saiyan:KiStrike"],"picked":"Saiyan:HyperTimeChamber","floor":8.0},{"not_picked":["Saiyan:KiExplosion","Saiyan:PowerUp"],"picked":"Saiyan:Planning","floor":10.0},{"not_picked":["Saiyan:FingerParry","Saiyan:BackAttack"],"picked":"Saiyan:KiStrike","floor":11.0},{"not_picked":["infinitespire:Fortify","infinitespire:TheBestDefense"],"picked":"infinitespire:FutureSight","floor":12.0},{"not_picked":["Saiyan:KameHameHa","Saiyan:Quickening"],"picked":"Saiyan:TurtleShell","floor":14.0},{"not_picked":["Saiyan:SolarFlare","Saiyan:HyperTimeChamber"],"picked":"Saiyan:GhostAttack","floor":16.0},{"not_picked":["Saiyan:SaiyanHubris","Saiyan:MeteorDash"],"picked":"Saiyan:DoubleMasenko","floor":18.0},{"not_picked":["Saiyan:Flurry","Saiyan:FingerParry"],"picked":"Saiyan:Afterimage","floor":19.0},{"not_picked":["Saiyan:Endure","Saiyan:Taunt"],"picked":"Saiyan:TurtleShell","floor":22.0},{"not_picked":["Saiyan:DoubleMasenko","Saiyan:LastResort"],"picked":"Saiyan:Endure","floor":23.0},{"not_picked":["Saiyan:Teleport+1","Saiyan:Endure"],"picked":"Saiyan:SuperSaiyanThree","floor":25.0},{"not_picked":["Saiyan:ReverberatingForce","Saiyan:DragonFist"],"picked":"Saiyan:TurtleShell+1","floor":27.0},{"not_picked":["Saiyan:Endure+1","Saiyan:TurtleShell"],"picked":"Saiyan:CCCapsule+1","floor":29.0},{"not_picked":["Saiyan:SoulSpice+1","Saiyan:BackAttack"],"picked":"Saiyan:BigBangAttack","floor":30.0},{"not_picked":["Saiyan:MonkeyTail","Saiyan:SenzuBean+1"],"picked":"Saiyan:MajinSeal","floor":33.0},{"not_picked":["Saiyan:DoubleMasenko+1","Saiyan:FingerParry+1","Saiyan:MeteorDash+1"],"picked":"SKIP","floor":35.0},{"not_picked":["Saiyan:DoubleMasenko+1","Saiyan:SaiyanHubris+1"],"picked":"Saiyan:Planning+1","floor":36.0},{"not_picked":["Saiyan:PlotArmor","Saiyan:FingerParry+1"],"picked":"Saiyan:Afterimage+1","floor":39.0},{"not_picked":["Saiyan:MeteorDash","Saiyan:Planning+1","Saiyan:ExpandingShockwave"],"picked":"SKIP","floor":40.0},{"not_picked":["Saiyan:ReverberatingForce+1","Saiyan:Pacing+1"],"picked":"Saiyan:Overexert+1","floor":42.0},{"not_picked":["Saiyan:MeteorDash","Saiyan:Kienzan+1","Saiyan:Planning+1"],"picked":"SKIP","floor":45.0},{"not_picked":["Survey Options+1","Enlightenment+1"],"picked":"Swift Strike","floor":46.0},{"not_picked":["Saiyan:Momentum","Saiyan:Quickening+1","Saiyan:ExpandingShockwave"],"picked":"SKIP","floor":47},{"not_picked":["Saiyan:MeteorDash+1","Saiyan:ExpandingShockwave","Saiyan:BurningSoul+1"],"picked":"SKIP","floor":48},{"not_picked":["Saiyan:TurtleShell+1","Saiyan:ReverberatingForce+1"],"picked":"Saiyan:PowerUp+1","floor":54}],"player_experience":593927,"relics_obtained":[{"floor":4.0,"key":"infinitespire:CheckeredPen"},{"floor":6.0,"key":"Golden Egg"},{"floor":8.0,"key":"Pen Nib"},{"floor":9.0,"key":"Akabeko"},{"floor":10.0,"key":"Replay:Mystery Machine"},{"floor":11.0,"key":"Mercury Hourglass"},{"floor":15.0,"key":"Bag of Marbles"},{"floor":16.0,"key":"infinitespire:Satchel"},{"floor":18.0,"key":"Art of War"},{"floor":19.0,"key":"Centennial Puzzle"},{"floor":23.0,"key":"Replay:Ringing Soul"},{"floor":25.0,"key":"Replay:Rubber Ducky"},{"floor":26.0,"key":"Toxic Egg 2"},{"floor":27.0,"key":"Oddly Smooth Stone"},{"floor":30.0,"key":"Bag of Preparation"},{"floor":30.0,"key":"Ornamental Fan"},{"floor":36.0,"key":"FossilizedHelix"},{"floor":39.0,"key":"Pet Ghost"},{"floor":40.0,"key":"Lantern"},{"floor":42.0,"key":"Blue Doll"},{"floor":43.0,"key":"War Paint"},{"floor":44.0,"key":"Pear"},{"floor":48,"key":"Blood Vial"},{"floor":54,"key":"InkBottle"}],"event_choices":[{"damage_healed":0.0,"max_hp_gain":5.0,"max_hp_loss":0.0,"gold_gain":0.0,"event_name":"Big Fish","player_choice":"Donut","floor":13.0,"gold_loss":0.0,"damage_taken":0.0},{"damage_healed":0.0,"max_hp_gain":0.0,"max_hp_loss":0.0,"gold_gain":100.0,"event_name":"The Joust","player_choice":"Bet on Murderer","floor":21.0,"gold_loss":50.0,"damage_taken":0.0},{"damage_healed":0.0,"max_hp_gain":0.0,"max_hp_loss":0.0,"gold_gain":0.0,"event_name":"Vampires","player_choice":"Ignored","floor":28.0,"gold_loss":0.0,"damage_taken":0.0},{"damage_healed":0.0,"max_hp_gain":0.0,"max_hp_loss":0.0,"gold_gain":0.0,"event_name":"Mysterious Sphere","player_choice":"Fight","floor":36.0,"gold_loss":0.0,"damage_taken":0.0},{"damage_healed":0.0,"max_hp_gain":0.0,"max_hp_loss":0.0,"gold_gain":0.0,"event_name":"Tomb of Lord Red Mask","player_choice":"Ignored","floor":37.0,"gold_loss":0.0,"damage_taken":0.0},{"damage_healed":0.0,"max_hp_gain":0.0,"max_hp_loss":0.0,"gold_gain":0.0,"event_name":"SensoryStone","player_choice":"Memory 1","floor":46.0,"gold_loss":0.0,"damage_taken":0.0}],"is_beta":false,"boss_relics":[{"not_picked":["Replay:Wanted Poster","Calling Bell"],"picked":"Replay:Bronze Core"},{"not_picked":["ChewingGum","Black Star"],"picked":"Cursed Key"}],"items_purged_floors":[20,38,53],"is_endless":false,"potions_floor_spawned":[3,6,10,11,22,23,27,30,35,45,47,48,54],"ascension_level":1}}