{"host":"by8i6f8xc0ywpsd5","time":1613490782,"event":{"mods":["BaseMod","Colored Map","Downfall","Minty Spire (QoL Compilation)","Relic Stats","StSLib"],"gold_per_floor":[99,114,129,54,14,14,14,14,33,33,208,241,11,11,27,131,131,81,91,103,19,19,31,31,42,73,73,163,183,133,168,181,277,277,227,227,227,80,133,167,167,117,146,174,224,174,201,216,233,233],"floor_reached":51,"language":"ENG","playtime":5350,"items_purged":["Doubt","downfall:Malfunctioning"],"score":874,"play_id":"9a58b376-228f-4e8f-bc35-8d8c1a6d59aa","local_time":"20210216175302","is_ascension_mode":false,"campfire_choices":[{"data":"Slimebound:CorrosiveSpit","floor":1,"key":"SMITH"},{"data":"Slimebound:Split","floor":10,"key":"SMITH"},{"data":"Slimebound:HauntingLick","floor":18,"key":"SMITH"},{"data":"Slimebound:RainOfGoop","floor":30,"key":"SMITH"},{"floor":35,"key":"RECALL"},{"data":"Slimebound:OozeBath","floor":42,"key":"SMITH"},{"data":"Slimebound:AcidTongue","floor":46,"key":"SMITH"}],"circlet_count":0,"master_deck":["Slimebound:Tackle","Slimebound:Split+1","Slimebound:CorrosiveSpit+1","Slimebound:LeechingTouch+1","Slimebound:PressTheAttack","Slimebound:HauntingLick+1","Slimebound:LivingWall","Slimebound:ComboTackle","Slimebound:LevelUp","Slimebound:Teamwork","Slimebound:MassFeed","Slimebound:GoopSpray","Slimebound:DouseInSlime","Slimebound:Gluttony","Slimebound:SlimeBrawl","Slimebound:LeechEnergy","Slimebound:LeechLife","Slimebound:SplitBruiser","Slimebound:Teamwork","Slimebound:LeechingTouch+1","Slimebound:GoopSpray+1","Slimebound:AcidTongue+1","Slimebound:Repurpose+1","Slimebound:LeadByExample","Slimebound:Prepare","Slimebound:Dissolve","Slimebound:Overexert","Slimebound:LevelUp","Slimebound:RainOfGoop+1","Slimebound:Equalize+1","Slimebound:ComboTackle+1","Slimebound:OozeBath+1","Slimebound:AcidTongue","Slimebound:SlimeTap","Slimebound:Schlurp+1","Slimebound:Replication","Slimebound:Grow","Slimebound:ProtectTheBoss+1"],"relics":["Slimebound:AbsorbEndCombat","Slimebound:GreedOozeRelic","Ice Cream","Torii","downfall:ShatteredFragment","Letter Opener","Pandora\u0027s Box","MutagenicStrength","Lantern","Orrery","Incense Burner","Slimebound:TarBlob","StoneCalendar","WingedGreaves","Unceasing Top","Centennial Puzzle","Anchor","HornCleat","Pocketwatch","Ancient Tea Set"],"acts_visited":["Exordium","TheCity","TheBeyond"],"potions_floor_usage":[21,21,26,28,39,50,50],"damage_taken":[{"damage":0,"enemies":"2 Louse","floor":2,"turns":3},{"damage":4,"enemies":"Jaw Worm","floor":3,"turns":3},{"damage":6,"enemies":"downfall:FleeingMerchant","floor":5,"turns":4},{"damage":0,"enemies":"Cultist","floor":9,"turns":2},{"damage":4,"enemies":"Lagavulin","floor":12,"turns":4},{"damage":1,"enemies":"downfall:FleeingMerchant","floor":13,"turns":4},{"damage":7,"enemies":"Exordium Wildlife","floor":15,"turns":7},{"damage":6,"enemies":"SI_SHIV_ARCHETYPE","floor":16,"turns":7},{"damage":2,"enemies":"Chosen","floor":19,"turns":3},{"damage":38,"enemies":"3 Byrds","floor":20,"turns":6},{"damage":8,"enemies":"downfall:FleeingMerchant","floor":21,"turns":4},{"damage":22,"enemies":"Snake Plant","floor":23,"turns":4},{"damage":0,"enemies":"Snecko","floor":25,"turns":4},{"damage":31,"enemies":"Slavers","floor":26,"turns":4},{"damage":6,"enemies":"downfall:FleeingMerchant","floor":28,"turns":1},{"damage":17,"enemies":"Centurion and Healer","floor":29,"turns":6},{"damage":1,"enemies":"Gremlin Leader","floor":31,"turns":6},{"damage":22,"enemies":"3 Cultists","floor":32,"turns":4},{"damage":1,"enemies":"WA_ARCHETYPE_CALM","floor":33,"turns":5},{"damage":74,"enemies":"2 Orb Walkers","floor":39,"turns":5},{"damage":52,"enemies":"Nemesis","floor":40,"turns":9},{"damage":36,"enemies":"Reptomancer","floor":43,"turns":5},{"damage":40,"enemies":"Nemesis","floor":44,"turns":5},{"damage":1,"enemies":"Nemesis","floor":45,"turns":3},{"damage":46,"enemies":"Giant Head","floor":47,"turns":8},{"damage":12,"enemies":"3 Shapes","floor":48,"turns":3},{"damage":0,"enemies":"Orb Walker","floor":49,"turns":3},{"damage":38,"enemies":"IC_BLOCK_ARCHETYPE","floor":50,"turns":8}],"seed_played":"1797788910643977355","potions_obtained":[{"floor":3,"key":"bronze:BurnAndBuffPotion"},{"floor":15,"key":"hexamod:SoulburnPotion"},{"floor":20,"key":"champ:CounterPotion"},{"floor":25,"key":"champ:CounterPotion"},{"floor":26,"key":"Explosive Potion"},{"floor":29,"key":"SkillPotion"},{"floor":32,"key":"hexamod:SoulburnPotion"},{"floor":33,"key":"Slimebound:SlimedPotion"},{"floor":43,"key":"bronze:BurnAndBuffPotion"},{"floor":44,"key":"sneckomod:MuddlingPotion"}],"is_trial":false,"path_per_floor":["R","M","M","?","$","?","T","?","M","R","?","E","$","?","M","B",null,"R","M","M","$","?","M","T","M","E","?","$","M","R","E","M","B",null,"R","T","?","$","?","E","T","R","E","E","?","R","E","M","M","B",null],"character_chosen":"SLIMEBOUND","items_purchased":["Slimebound:LivingWall","Slimebound:MassFeed","Slimebound:AcidTongue","Orrery","Slimebound:AcidTongue","Slimebound:SlimeTap"],"campfire_rested":0,"item_purchase_floors":[5,13,21,28,38,38],"current_hp_per_floor":[71,71,71,71,67,49,49,31,35,35,35,39,42,42,42,47,77,77,80,54,65,65,72,72,77,71,71,65,60,60,67,49,66,101,101,101,101,101,86,101,101,101,74,62,108,108,110,116,118,119],"gold":233,"neow_bonus":"TEN_PERCENT_HP_BONUS","is_daily":false,"chose_seed":false,"campfire_upgraded":6,"win_rate":0.0,"timestamp":1613490782,"path_taken":["R","M","M","?","$","?","T","?","M","R","?","E","$","?","M","BOSS","R","M","M","$","?","M","T","M","E","?","?","M","R","E","M","BOSS","R","?","?","$","?","E","T","R","E","E","?","R","E","M","M","BOSS"],"items_purchased_type":["Card","Card","Card","Relic","Card","Card"],"build_version":"2020-12-22","purchased_purges":2,"victory":true,"max_hp_per_floor":[71,71,71,71,71,71,71,71,71,71,71,71,71,71,74,77,77,77,80,86,86,86,86,86,89,95,95,95,101,101,101,101,101,101,101,101,101,101,101,101,101,101,104,104,110,110,110,119,119,119],"relic_stats":{"Centennial Puzzle":[18],"Torii":71,"counters":[28,128],"Pandora\u0027s Box":["Slimebound:Gluttony","Slimebound:SlimeBrawl","Slimebound:LeechEnergy","Slimebound:LeechLife","Slimebound:SplitBruiser","Slimebound:SpikyOuterGoop","Slimebound:Teamwork"],"StoneCalendar":[156],"Letter Opener":[288],"obtain_stats":[{"Ice Cream":6,"Lantern":26,"downfall:ShatteredFragment":8,"Torii":7,"StoneCalendar":36,"Incense Burner":31,"Letter Opener":12,"Ancient Tea Set":47,"Slimebound:TarBlob":34,"Slimebound:GreedOozeRelic":4,"Centennial Puzzle":41,"Anchor":43,"HornCleat":44,"MutagenicStrength":22,"Orrery":28,"Pandora\u0027s Box":17,"WingedGreaves":39,"Slimebound:AbsorbEndCombat":0,"Unceasing Top":40,"Pocketwatch":45},{"Ice Cream":3,"Lantern":14,"downfall:ShatteredFragment":3,"Torii":3,"StoneCalendar":19,"Incense Burner":17,"Letter Opener":5,"Ancient Tea Set":25,"Slimebound:TarBlob":19,"Slimebound:GreedOozeRelic":2,"Centennial Puzzle":21,"Anchor":22,"HornCleat":23,"MutagenicStrength":11,"Orrery":15,"Pandora\u0027s Box":8,"WingedGreaves":20,"Slimebound:AbsorbEndCombat":0,"Unceasing Top":21,"Pocketwatch":24},{"Ice Cream":10,"Lantern":58,"downfall:ShatteredFragment":10,"Torii":10,"StoneCalendar":79,"Incense Burner":71,"Letter Opener":16,"Ancient Tea Set":114,"Slimebound:TarBlob":79,"Slimebound:GreedOozeRelic":6,"Centennial Puzzle":93,"Anchor":98,"HornCleat":103,"MutagenicStrength":46,"Orrery":59,"Pandora\u0027s Box":34,"WingedGreaves":84,"Slimebound:AbsorbEndCombat":0,"Unceasing Top":93,"Pocketwatch":106}],"Unceasing Top":[0],"Pocketwatch":[24]},"card_choices":[{"not_picked":["Slimebound:RollThrough","Slimebound:FormOfPuddle"],"picked":"Slimebound:LeechingTouch","floor":2},{"not_picked":["Slimebound:LeechEnergy","Slimebound:Grow"],"picked":"Slimebound:PressTheAttack","floor":3},{"not_picked":["Slimebound:TongueLash","Slimebound:SplitBruiser"],"picked":"Slimebound:HauntingLick","floor":5},{"not_picked":["Slimebound:FormOfPuddle","Slimebound:ItLooksTasty"],"picked":"Slimebound:ComboTackle","floor":9},{"not_picked":["Slimebound:ProtectTheBoss","Slimebound:ItLooksTasty"],"picked":"Slimebound:LevelUp","floor":12},{"not_picked":["Slimebound:FlameTackle","Slimebound:ComboTackle"],"picked":"Slimebound:Teamwork","floor":13},{"not_picked":["Slimebound:ProtectTheBoss","Slimebound:ViciousTackle"],"picked":"Slimebound:GoopSpray","floor":15},{"not_picked":["Slimebound:FirmFortitude","Slimebound:Teamwork"],"picked":"Slimebound:DouseInSlime","floor":16},{"not_picked":["Slimebound:PressTheAttack","Slimebound:SplitAcid+1","Slimebound:SlimeSpikes+1"],"picked":"SKIP","floor":19},{"not_picked":["Slimebound:SamplingLick","Slimebound:DisruptingSlam+1"],"picked":"Slimebound:LeechingTouch+1","floor":20},{"not_picked":["Slimebound:LeechingTouch+1","Slimebound:ComboTackle"],"picked":"Slimebound:GoopSpray+1","floor":21},{"not_picked":["Slimebound:SplitBruiser+1","Slimebound:Dissolve"],"picked":"Slimebound:Repurpose+1","floor":23},{"not_picked":["Slimebound:SplitLeeching","Slimebound:MinionMaster","Slimebound:SplitAcid+1"],"picked":"SKIP","floor":25},{"not_picked":["Slimebound:SlimeSpikes","Slimebound:SplitAcid"],"picked":"Slimebound:LeadByExample","floor":26},{"not_picked":["Slimebound:SplitBruiser","Slimebound:ComboTackle"],"picked":"Slimebound:Prepare","floor":28},{"not_picked":["Slimebound:FlameTackle","Slimebound:LeechingTouch"],"picked":"Slimebound:Dissolve","floor":28},{"not_picked":["Slimebound:Gluttony","Slimebound:FinishingTackle"],"picked":"Slimebound:Overexert","floor":28},{"not_picked":["Slimebound:RejuvenatingLick","Slimebound:ComboTackle"],"picked":"Slimebound:LevelUp","floor":28},{"not_picked":["Slimebound:DuplicatedForm","Slimebound:SplitLeeching"],"picked":"Slimebound:RainOfGoop","floor":28},{"not_picked":["Slimebound:FlameTackle","Slimebound:GoopTackle"],"picked":"Slimebound:Equalize+1","floor":29},{"not_picked":["Slimebound:FlameTackle+1","Slimebound:ItLooksTasty","Slimebound:PressTheAttack"],"picked":"SKIP","floor":31},{"not_picked":["Slimebound:RollThrough","Slimebound:MegaLick"],"picked":"Slimebound:ComboTackle+1","floor":32},{"not_picked":["Slimebound:DouseInSlime","Slimebound:DuplicatedForm"],"picked":"Slimebound:OozeBath","floor":33},{"not_picked":["Slimebound:Repurpose+1","Slimebound:ItLooksTasty"],"picked":"Slimebound:Schlurp+1","floor":39},{"not_picked":["Slimebound:SplitBruiser+1","Slimebound:LeechingTouch"],"picked":"Slimebound:Replication","floor":40},{"not_picked":["Slimebound:Replication","Slimebound:Prepare+1"],"picked":"Slimebound:Grow","floor":43},{"not_picked":["Slimebound:FinishingTackle+1","Slimebound:ItLooksTasty","Slimebound:RallyTheTroops"],"picked":"SKIP","floor":44},{"not_picked":["Slimebound:RallyTheTroops","Slimebound:Repurpose","Slimebound:MinionMaster"],"picked":"SKIP","floor":47},{"not_picked":["Slimebound:SplitBruiser+1","Slimebound:LeechEnergy+1"],"picked":"Slimebound:ProtectTheBoss+1","floor":48},{"not_picked":["Slimebound:LeechEnergy+1","Slimebound:ComboTackle","Slimebound:ForwardTackle"],"picked":"SKIP","floor":49}],"player_experience":1781227,"relics_obtained":[{"floor":7,"key":"Torii"},{"floor":12,"key":"Letter Opener"},{"floor":26,"key":"Lantern"},{"floor":31,"key":"Incense Burner"},{"floor":36,"key":"StoneCalendar"},{"floor":39,"key":"WingedGreaves"},{"floor":40,"key":"Unceasing Top"},{"floor":41,"key":"Centennial Puzzle"},{"floor":43,"key":"Anchor"},{"floor":44,"key":"HornCleat"},{"floor":45,"key":"Pocketwatch"},{"floor":47,"key":"Ancient Tea Set"}],"event_choices":[{"damage_healed":0,"gold_gain":0,"player_choice":"Success","damage_taken":18,"relics_obtained":["Ice Cream"],"max_hp_gain":0,"max_hp_loss":0,"event_name":"Scrap Ooze","floor":6,"gold_loss":0},{"damage_healed":0,"gold_gain":0,"player_choice":"Inject Mutagens","damage_taken":0,"relics_obtained":["MutagenicStrength"],"max_hp_gain":0,"max_hp_loss":0,"event_name":"Drug Dealer","floor":22,"gold_loss":0},{"damage_healed":0,"gold_gain":0,"player_choice":"Ignored","damage_taken":0,"max_hp_gain":0,"max_hp_loss":0,"event_name":"Vampires","floor":27,"gold_loss":0},{"cards_removed":["Slimebound:SpikyOuterGoop"],"damage_healed":0,"gold_gain":0,"player_choice":"Removed Power","damage_taken":0,"max_hp_gain":0,"max_hp_loss":0,"event_name":"Falling","floor":37,"gold_loss":0},{"damage_healed":0,"gold_gain":0,"player_choice":"Fight","damage_taken":0,"max_hp_gain":0,"max_hp_loss":0,"event_name":"Mysterious Sphere","floor":39,"gold_loss":0}],"is_beta":false,"boss_relics":[{"not_picked":["Calling Bell","Empty Cage"],"picked":"Pandora\u0027s Box"},{"not_picked":["Tiny House","SacredBark"],"picked":"Slimebound:TarBlob"}],"items_purged_floors":[13,28],"is_endless":false,"potions_floor_spawned":[3,15,20,25,26,29,32,33,43,44,45,48],"ascension_level":0}}