{"host":"o88u0awh8mkwl1l8","time":1613449742,"event":{"mods":["BaseMod","Colored Map","Highlight Path","Minty Spire (QoL Compilation)","Relic Sorter"],"gold_per_floor":[111,131,143,157,157,177,187,222,267,283,283,311,311,349,349,442,442,442,442,442,367,367,367,367,367,367,367,367,367,367,367,367,367,367,367,367,367,179,179,179,179,179,179,179,179,179,179,179,179,179,179,179,179,19,19,19],"floor_reached":55,"language":"JPN","playtime":3455,"items_purged":["Strike_P","Defend_P"],"score":1872,"play_id":"c55bd5c8-2908-4a18-b7b5-5d6b947ddccb","local_time":"20210216132902","is_ascension_mode":true,"campfire_choices":[{"data":"CrushJoints","floor":15.0,"key":"SMITH"},{"floor":28.0,"key":"REST"},{"data":"Wireheading","floor":30.0,"key":"SMITH"},{"data":"TalkToTheHand","floor":32.0,"key":"SMITH"},{"data":"TalkToTheHand","floor":40,"key":"SMITH"},{"data":"MentalFortress","floor":42,"key":"SMITH"},{"floor":45,"key":"RECALL"},{"data":"Eruption","floor":49,"key":"SMITH"},{"data":"FearNoEvil","floor":53,"key":"SMITH"}],"circlet_count":0,"master_deck":["AscendersBane","Strike_P","Strike_P","Strike_P","Defend_P","Defend_P","Eruption+1","Vigilance","BattleHymn+1","CrushJoints+1","Conclude+1","EmptyFist","Tantrum+1","MentalFortress+1","Establishment","ThirdEye+1","TalkToTheHand+1","TalkToTheHand+1","Wireheading+1","WaveOfTheHand+1","Vault","Adaptation","FearNoEvil+1","Adaptation+1","Sanctity+1"],"relics":["PureWater","InkBottle","CaptainsWheel","Bag of Marbles","Bronze Scales","Vajra","Golden Idol","Ectoplasm","PreservedInsect","Red Mask","Regal Pillow","Eternal Feather","Philosopher\u0027s Stone","Torii"],"acts_visited":["TheCity","TheBeyond","TheEnding"],"potions_floor_usage":[39,50,50,51,51],"damage_taken":[{"damage":0.0,"enemies":"Small Slimes","floor":1.0,"turns":3.0},{"damage":0.0,"enemies":"Cultist","floor":2.0,"turns":4.0},{"damage":0.0,"enemies":"Jaw Worm","floor":3.0,"turns":3.0},{"damage":0.0,"enemies":"2 Fungi Beasts","floor":4.0,"turns":2.0},{"damage":0.0,"enemies":"Looter","floor":6.0,"turns":1.0},{"damage":0.0,"enemies":"Large Slime","floor":7.0,"turns":2.0},{"damage":0.0,"enemies":"Lagavulin","floor":8.0,"turns":4.0},{"damage":2.0,"enemies":"2 Fungi Beasts","floor":10.0,"turns":2.0},{"damage":2.0,"enemies":"3 Sentries","floor":12.0,"turns":3.0},{"damage":3.0,"enemies":"Gremlin Nob","floor":14.0,"turns":3.0},{"damage":22.0,"enemies":"The Guardian","floor":16.0,"turns":6.0},{"damage":0.0,"enemies":"Spheric Guardian","floor":18.0,"turns":2.0},{"damage":0.0,"enemies":"Chosen","floor":20.0,"turns":3.0},{"damage":17.0,"enemies":"Gremlin Leader","floor":23.0,"turns":5.0},{"damage":18.0,"enemies":"Masked Bandits","floor":24.0,"turns":3.0},{"damage":0.0,"enemies":"3 Cultists","floor":27.0,"turns":3.0},{"damage":15.0,"enemies":"Book of Stabbing","floor":29.0,"turns":3.0},{"damage":0.0,"enemies":"Snecko","floor":31.0,"turns":3.0},{"damage":44.0,"enemies":"Automaton","floor":33.0,"turns":5.0},{"damage":2,"enemies":"3 Shapes","floor":35,"turns":4},{"damage":16,"enemies":"Orb Walker","floor":36,"turns":3},{"damage":0,"enemies":"Transient","floor":37,"turns":6},{"damage":0,"enemies":"Spire Growth","floor":39,"turns":3},{"damage":1,"enemies":"Giant Head","floor":41,"turns":6},{"damage":0,"enemies":"Maw","floor":46,"turns":4},{"damage":15,"enemies":"Jaw Worm Horde","floor":47,"turns":3},{"damage":0,"enemies":"Sphere and 2 Shapes","floor":48,"turns":3},{"damage":29,"enemies":"Donu and Deca","floor":50,"turns":6},{"damage":31,"enemies":"Time Eater","floor":51,"turns":8},{"damage":68,"enemies":"Shield and Spear","floor":55,"turns":2}],"seed_played":"8880379462155044639","potions_obtained":[{"floor":1.0,"key":"FearPotion"},{"floor":2.0,"key":"DistilledChaos"},{"floor":12.0,"key":"SpeedPotion"},{"floor":14.0,"key":"PowerPotion"},{"floor":16.0,"key":"SteroidPotion"},{"floor":18.0,"key":"StancePotion"},{"floor":24.0,"key":"SmokeBomb"},{"floor":29.0,"key":"Dexterity Potion"},{"floor":31.0,"key":"Swift Potion"},{"floor":37,"key":"EntropicBrew"},{"floor":46,"key":"Dexterity Potion"}],"is_trial":false,"path_per_floor":["M","M","M","M","?","M","M","E","T","M","?","E","?","E","R","B",null,"M","?","M","$","?","E","?","T","T","M","R","E","R","M","R","B",null,"M","M","M","$","M","R","E","R","T","?","R","M","M","M","R","B","B",null,"R","$","E"],"character_chosen":"WATCHER","items_purchased":["FearNoEvil","StancePotion","LiquidMemories"],"campfire_rested":1,"item_purchase_floors":[38,54,54],"current_hp_per_floor":[67,67,67,67,67,67,67,67,67,65,43,41,41,38,38,16,54,54,54,54,54,54,37,19,19,19,19,54,39,51,51,63,19,55,53,37,37,37,37,49,48,60,60,60,67,67,52,52,67,38,7,52,67,67,0,0],"gold":19,"neow_bonus":"TEN_PERCENT_HP_BONUS","is_daily":false,"chose_seed":false,"campfire_upgraded":7,"win_rate":0.0,"timestamp":1613449742,"path_taken":["M","M","M","M","?","M","M","E","T","?","?","E","?","E","R","BOSS","M","?","M","$","?","E","?","?","T","M","R","E","R","M","R","BOSS","M","M","M","$","M","R","E","R","T","?","R","?","M","M","R","BOSS","BOSS","R","$","E"],"items_purchased_type":["Card","Potion","Potion"],"build_version":"2020-12-22","purchased_purges":2,"victory":false,"max_hp_per_floor":[74,74,74,74,74,74,74,74,74,74,74,74,67,67,67,67,67,67,67,67,67,67,67,67,67,67,67,67,67,67,67,67,67,67,67,67,67,67,67,67,67,67,67,67,67,67,67,67,67,67,67,67,67,67,67,67],"card_choices":[{"not_picked":["Wireheading","CutThroughFate"],"picked":"BattleHymn","floor":1.0},{"not_picked":["EmptyBody","Prostrate"],"picked":"CrushJoints","floor":2.0},{"not_picked":["CarveReality","Prostrate"],"picked":"Conclude","floor":3.0},{"not_picked":["Wallop","PathToVictory"],"picked":"EmptyFist","floor":4.0},{"not_picked":["Consecrate","Wallop","Evaluate"],"picked":"SKIP","floor":6.0},{"not_picked":["ClearTheMind","SashWhip"],"picked":"Tantrum","floor":7.0},{"not_picked":["BowlingBash","FlyingSleeves"],"picked":"MentalFortress","floor":8.0},{"not_picked":["Weave","Wallop","Evaluate"],"picked":"SKIP","floor":10.0},{"not_picked":["Weave","Wallop","Evaluate"],"picked":"SKIP","floor":10.0},{"not_picked":["WaveOfTheHand","Tantrum","CarveReality"],"picked":"SKIP","floor":12.0},{"not_picked":["WheelKick","BowlingBash","PathToVictory"],"picked":"SKIP","floor":14.0},{"not_picked":["Blasphemy","Brilliance"],"picked":"Establishment","floor":16.0},{"not_picked":["PathToVictory","Evaluate"],"picked":"ThirdEye+1","floor":18.0},{"not_picked":["CutThroughFate","Worship"],"picked":"TalkToTheHand","floor":20.0},{"not_picked":["Prostrate","Worship"],"picked":"TalkToTheHand","floor":23.0},{"not_picked":["Tantrum","Halt"],"picked":"Wireheading","floor":27.0},{"not_picked":["ForeignInfluence","ReachHeaven","WindmillStrike"],"picked":"SKIP","floor":29.0},{"not_picked":["ForeignInfluence","ReachHeaven","WindmillStrike"],"picked":"SKIP","floor":29.0},{"not_picked":["JustLucky","Nirvana"],"picked":"WaveOfTheHand+1","floor":31.0},{"not_picked":["Scrawl","Alpha"],"picked":"Vault","floor":33.0},{"not_picked":["CrushJoints+1","Collect"],"picked":"Adaptation","floor":35},{"not_picked":["Halt","Study","EmptyBody"],"picked":"SKIP","floor":36},{"not_picked":["Sanctity+1","EmptyFist","Consecrate"],"picked":"SKIP","floor":37},{"not_picked":["EmptyFist","SashWhip","CutThroughFate"],"picked":"SKIP","floor":39},{"not_picked":["Prostrate","Halt","Conclude"],"picked":"SKIP","floor":41},{"not_picked":["BowlingBash+1","Collect"],"picked":"Adaptation+1","floor":46},{"not_picked":["Devotion","Protect","JustLucky+1"],"picked":"SKIP","floor":47},{"not_picked":["Wallop","Protect+1","Sanctity+1"],"picked":"SKIP","floor":48},{"not_picked":["Wallop","Protect+1"],"picked":"Sanctity+1","floor":48}],"player_experience":1266678,"relics_obtained":[{"floor":8.0,"key":"Bag of Marbles"},{"floor":9.0,"key":"Bronze Scales"},{"floor":12.0,"key":"Vajra"},{"floor":14.0,"key":"InkBottle"},{"floor":23.0,"key":"PreservedInsect"},{"floor":24.0,"key":"Red Mask"},{"floor":25.0,"key":"CaptainsWheel"},{"floor":26.0,"key":"Regal Pillow"},{"floor":29.0,"key":"Eternal Feather"},{"floor":41,"key":"Torii"}],"event_choices":[{"damage_healed":0.0,"max_hp_gain":0.0,"max_hp_loss":0.0,"gold_gain":0.0,"event_name":"Accursed Blacksmith","player_choice":"Forge","floor":5.0,"gold_loss":0.0,"damage_taken":0.0,"cards_upgraded":["Conclude"]},{"damage_healed":0.0,"max_hp_gain":0.0,"max_hp_loss":0.0,"gold_gain":0.0,"event_name":"Shining Light","player_choice":"Entered Light","floor":11.0,"gold_loss":0.0,"damage_taken":22.0,"cards_upgraded":["BattleHymn","Tantrum"]},{"damage_healed":0.0,"max_hp_gain":0.0,"max_hp_loss":7.0,"gold_gain":0.0,"event_name":"Golden Idol","player_choice":"Lose Max HP","floor":13.0,"gold_loss":0.0,"damage_taken":0.0,"relics_obtained":["Golden Idol"]},{"damage_healed":0.0,"max_hp_gain":0.0,"max_hp_loss":0.0,"gold_gain":0.0,"event_name":"Cursed Tome","player_choice":"Ignored","floor":19.0,"gold_loss":0.0,"damage_taken":0.0},{"damage_healed":0.0,"max_hp_gain":0.0,"max_hp_loss":0.0,"gold_gain":0.0,"event_name":"Vampires","player_choice":"Ignored","floor":22.0,"gold_loss":0.0,"damage_taken":0.0},{"damage_healed":0.0,"max_hp_gain":0.0,"max_hp_loss":0.0,"gold_gain":0.0,"event_name":"Masked Bandits","player_choice":"Fought Bandits","floor":24.0,"gold_loss":0.0,"damage_taken":0.0},{"cards_removed":["Defend_P"],"damage_healed":0,"gold_gain":0,"player_choice":"Offered Basic","damage_taken":0,"max_hp_gain":0,"max_hp_loss":0,"event_name":"Bonfire Elementals","floor":44,"gold_loss":0}],"is_beta":false,"boss_relics":[{"not_picked":["SlaversCollar","Runic Dome"],"picked":"Ectoplasm"},{"not_picked":["Pandora\u0027s Box","Astrolabe"],"picked":"Philosopher\u0027s Stone"}],"items_purged_floors":[21,38],"is_endless":false,"potions_floor_spawned":[1,2,12,14,16,18,20,24,29,31,37,46,47],"killed_by":"Shield and Spear","ascension_level":20}}