{"host":"51qmnr9isyv85d0p","time":1613461776,"event":{"mods":["AchievementEnabler","BaseMod","Colored Map","Colored Powertips","Curses Come First","Downfall","Minty Spire (QoL Compilation)","Red Circlet Mod","Relic Stats","StSLib","TestMod"],"gold_per_floor":[99,114,114,13300,13300,13700,13700,12878,12911,12930,12373,12392,12392,12404,12418,12518,12518,12518,12533,12553,12568,11808,11818,11818,11818,11718,11718,11718,10864,10864,10878,10896,10997,10997,10997,11015,10865,10322,10342,10359,10359,10359,9748,9765,9765,9789,9789,9789,9789,9789],"floor_reached":48,"language":"ZHS","playtime":2517,"items_purged":["champ:Strike","champ:Defend","champ:Strike","champ:Strike","champ:Strike"],"score":790,"play_id":"7724d84e-799e-4bd9-a5fd-208586196177","local_time":"20210216154936","is_ascension_mode":true,"campfire_choices":[{"data":"champ:Taunt","floor":1,"key":"SMITH"},{"data":"champ:UltimateStance","floor":18,"key":"SMITH"},{"data":"champ:SwordSigil","floor":26,"key":"SMITH"},{"data":"champ:MurderStrike","floor":30,"key":"SMITH"},{"data":"1","floor":35,"key":"LIFT"},{"data":"2","floor":42,"key":"LIFT"}],"circlet_count":0,"master_deck":["champ:Defend+1","champ:Execute","champ:Taunt+1","champ:RisingSlash+1","champ:RisingSlash","champ:AdrenalArmor+1","champ:ArenaPreparation","champ:ViciousMockery","champ:Endure","champ:FocusedBerserking","champ:Duel","champ:RisingSlash","champ:Endure","champ:SwordSigil+1","champ:UltimateStance+1","champ:Endure","champ:ArenaPreparation","champ:BerserkersShout+1","champ:MurderStrike+1","champ:StrikeOfGenius","CurseOfTheBell","champ:BerserkersShout","champ:SwordSigil","champ:BerserkersShout+1","Trip","champ:FocusedBerserking","champ:Taunt","champ:SwordSigil","expansioncontent:YouAreMine"],"relics":["champ:ChampionCrown","testmod-Fanaticism","champ:LiftRelic","testmod-RandomTest","HornCleat","War Paint","HandDrill","hexamod:Sixitude","Bag of Marbles","hexamod:BolsterEngine","testmod-IWantAll","Sozu","Kunai","testmod-IndustrialRevolution","Frozen Eye","downfall:HeartBlessingBlue","Juzu Bracelet","Medical Kit","Bottled Lightning","Calling Bell","Boot","Shuriken","Girya","testmod-OneHitWonder","Dream Catcher","Pocketwatch","Orichalcum","Vajra","Toolbox","testmod-Antiphasic"],"acts_visited":["Exordium","TheCity","TheBeyond"],"potions_floor_usage":[11,11,19],"damage_taken":[{"damage":10,"enemies":"2 Louse","floor":2,"turns":2},{"damage":10,"enemies":"Cultist","floor":4,"turns":2},{"damage":35,"enemies":"downfall:FleeingMerchant","floor":8,"turns":4},{"damage":10,"enemies":"Lagavulin","floor":9,"turns":2},{"damage":20,"enemies":"Small Slimes","floor":10,"turns":2},{"damage":20,"enemies":"downfall:FleeingMerchant","floor":11,"turns":2},{"damage":30,"enemies":"2 Fungi Beasts","floor":12,"turns":2},{"damage":25,"enemies":"Exordium Thugs","floor":14,"turns":2},{"damage":0,"enemies":"downfall:LooterAlt","floor":15,"turns":1},{"damage":46,"enemies":"DF_ARCHETYPE_STREAMLINE","floor":16,"turns":4},{"damage":40,"enemies":"3 Byrds","floor":19,"turns":3},{"damage":0,"enemies":"Shell Parasite","floor":20,"turns":1},{"damage":0,"enemies":"Snake Plant","floor":21,"turns":2},{"damage":30,"enemies":"3 Cultists","floor":23,"turns":2},{"damage":81,"enemies":"Chosen and Byrds","floor":31,"turns":3},{"damage":44,"enemies":"Snake Plant","floor":32,"turns":2},{"damage":65,"enemies":"WA_ARCHETYPE_CALM","floor":33,"turns":2},{"damage":50,"enemies":"3 Darklings","floor":36,"turns":2},{"damage":45,"enemies":"Orb Walker","floor":39,"turns":2},{"damage":106,"enemies":"3 Darklings","floor":40,"turns":4},{"damage":25,"enemies":"Spire Growth","floor":44,"turns":1},{"damage":264,"enemies":"Reptomancer","floor":48,"turns":2}],"seed_played":"4722975332638223463","potions_obtained":[{"floor":4,"key":"SneckoOil"},{"floor":12,"key":"Fire Potion"},{"floor":14,"key":"Fire Potion"}],"is_trial":false,"path_per_floor":["R","M","?","M","?","?","T","$","E","M","$","M","?","M","M","B",null,"R","M","M","M","$","M","T","?","R","?","?","$","R","M","M","B",null,"R","M","?","$","M","M","T","R","$","M","?","T","?","E"],"character_chosen":"THE_CHAMP","items_purchased":["HornCleat","War Paint","HandDrill","Fire Potion","BlessingOfTheForge","ColorlessPotion","champ:ArenaPreparation","Bag of Marbles","hexamod:BolsterEngine","testmod-IWantAll","champ:FocusedBerserking","champ:Duel","testmod-SpacePotion","testmod-SpacePotion","Fire Potion","Kunai","testmod-IndustrialRevolution","Frozen Eye","champ:ArenaPreparation","Juzu Bracelet","Medical Kit","champ:MurderStrike","Bottled Lightning","testmod-OneHitWonder","Dream Catcher","champ:SwordSigil","Orichalcum","Vajra","Toolbox","Trip","champ:FocusedBerserking"],"campfire_rested":0,"item_purchase_floors":[8,8,8,8,8,8,8,11,11,11,11,11,11,11,11,22,22,22,22,29,29,29,29,38,38,38,43,43,43,43,43],"current_hp_per_floor":[90,90,90,90,90,90,90,90,90,90,90,90,90,90,90,90,90,90,90,90,90,90,90,90,90,100,100,95,95,95,100,100,100,100,100,100,110,110,110,110,110,110,110,110,110,110,110,0,0,0],"gold":9789,"neow_bonus":"REMOVE_CARD","is_daily":false,"chose_seed":false,"campfire_upgraded":4,"win_rate":0.0,"timestamp":1613461776,"path_taken":["R","M","?","?","?","?","T","$","E","M","$","M","?","M","M","BOSS","R","M","M","M","$","M","T","?","R","?","?","$","R","M","M","BOSS","R","M","?","$","M","M","T","R","$","M","?","?","?","E"],"items_purchased_type":["Relic","Relic","Relic","Potion","Potion","Potion","Card","Relic","Relic","Relic","Card","Card","Potion","Potion","Potion","Relic","Relic","Relic","Card","Relic","Relic","Card","Relic","Relic","Relic","Card","Relic","Relic","Relic","Card","Card"],"build_version":"2020-12-22","purchased_purges":5,"victory":false,"max_hp_per_floor":[90,90,90,90,90,90,90,90,90,90,90,90,90,90,90,90,90,90,90,90,90,90,90,90,90,100,100,100,100,100,100,100,100,100,100,100,110,110,110,110,110,110,110,110,110,110,110,125,125,125],"relic_stats":{"counters":[22,49],"Juzu Bracelet":1,"War Paint":["champ:Defend","champ:AdrenalArmor"],"Orichalcum":[6],"Medical Kit":[0],"Boot":[1],"Sozu":6,"Dream Catcher":0,"Shuriken":[4],"HandDrill":[26],"Kunai":[8],"obtain_stats":[{"Vajra":43,"champ:ChampionCrown":0,"testmod-IWantAll":11,"Juzu Bracelet":29,"testmod-RandomTest":7,"Boot":34,"Sozu":17,"testmod-Fanaticism":0,"Frozen Eye":22,"Dream Catcher":38,"HornCleat":8,"downfall:HeartBlessingBlue":26,"Toolbox":43,"HandDrill":8,"Kunai":22,"Girya":34,"testmod-TestBox":0,"hexamod:Sixitude":9,"War Paint":8,"Orichalcum":43,"testmod-IndustrialRevolution":22,"Medical Kit":29,"Calling Bell":34,"testmod-Antiphasic":46,"Shuriken":34,"champ:LiftRelic":5,"Bag of Marbles":11,"Bottled Lightning":29,"hexamod:BolsterEngine":11,"testmod-OneHitWonder":38,"Pocketwatch":41},{"Vajra":20,"champ:ChampionCrown":0,"testmod-IWantAll":6,"Juzu Bracelet":14,"testmod-RandomTest":2,"Boot":17,"Sozu":10,"testmod-Fanaticism":0,"Frozen Eye":13,"Dream Catcher":18,"HornCleat":3,"downfall:HeartBlessingBlue":14,"Toolbox":20,"HandDrill":3,"Kunai":13,"Girya":17,"testmod-TestBox":0,"hexamod:Sixitude":4,"War Paint":3,"Orichalcum":20,"testmod-IndustrialRevolution":13,"Medical Kit":14,"Calling Bell":17,"testmod-Antiphasic":21,"Shuriken":17,"champ:LiftRelic":2,"Bag of Marbles":6,"Bottled Lightning":14,"hexamod:BolsterEngine":6,"testmod-OneHitWonder":18,"Pocketwatch":20},{"Vajra":46,"champ:ChampionCrown":0,"testmod-IWantAll":14,"Juzu Bracelet":31,"testmod-RandomTest":4,"Boot":38,"Sozu":23,"testmod-Fanaticism":0,"Frozen Eye":29,"Dream Catcher":40,"HornCleat":8,"downfall:HeartBlessingBlue":31,"Toolbox":46,"HandDrill":8,"Kunai":29,"Girya":38,"testmod-TestBox":0,"hexamod:Sixitude":10,"War Paint":8,"Orichalcum":46,"testmod-IndustrialRevolution":29,"Medical Kit":31,"Calling Bell":38,"testmod-Antiphasic":47,"Shuriken":38,"champ:LiftRelic":4,"Bag of Marbles":14,"Bottled Lightning":31,"hexamod:BolsterEngine":14,"testmod-OneHitWonder":40,"Pocketwatch":46}],"Pocketwatch":[0]},"card_choices":[{"not_picked":["champ:DefensiveShout","champ:Circumvent"],"picked":"champ:RisingSlash","floor":2},{"not_picked":["champ:DefensiveShout","champ:StanceDance"],"picked":"champ:RisingSlash","floor":4},{"not_picked":["champ:DeathBlow","champ:FanOfKnives"],"picked":"champ:AdrenalArmor","floor":8},{"not_picked":["champ:SkillfulDodge","champ:Backstep"],"picked":"champ:ViciousMockery","floor":9},{"not_picked":["champ:StanceDance","champ:FocusedDefense"],"picked":"champ:Endure","floor":10},{"not_picked":["champ:RecklessLeap","champ:PreciseThrust","champ:Backstep"],"picked":"SKIP","floor":11},{"not_picked":["champ:BringItOn","champ:AdrenalArmor"],"picked":"champ:RisingSlash","floor":12},{"not_picked":["champ:AdrenalArmor","champ:Haymaker"],"picked":"champ:Endure","floor":14},{"not_picked":["champ:GladiatorStyle","champ:FalseCounter"],"picked":"champ:SwordSigil","floor":15},{"not_picked":["champ:DancingMaster","champ:EnchantSword"],"picked":"champ:UltimateStance","floor":16},{"not_picked":["champ:Lariat","champ:ShieldSigil","champ:BringItOn"],"picked":"SKIP","floor":19},{"not_picked":["champ:BerserkersShout","champ:Parry+1","champ:GutPunch"],"picked":"SKIP","floor":20},{"not_picked":["champ:PerfectedStrike","champ:AdrenalArmor"],"picked":"champ:Endure","floor":21},{"not_picked":["champ:Shatter","champ:CrookedStrike"],"picked":"champ:BerserkersShout+1","floor":23},{"not_picked":["champ:ShieldSigil","champ:Backstep","champ:DefensiveShout"],"picked":"SKIP","floor":31},{"not_picked":["champ:PreciseThrust","champ:ShieldSigil","champ:FlashCut"],"picked":"SKIP","floor":32},{"not_picked":["champ:SteelEdge","champ:SwordThrow"],"picked":"champ:StrikeOfGenius","floor":33},{"not_picked":["champ:PreciseThrust+1","champ:GutPunch"],"picked":"champ:BerserkersShout","floor":36},{"not_picked":["champ:GladiatorStyle","champ:Parry+1"],"picked":"champ:BerserkersShout+1","floor":39},{"not_picked":["champ:DeathBlow+1","champ:DefensiveShout+1","champ:DefensiveStyle"],"picked":"SKIP","floor":40},{"not_picked":["champ:FanOfKnives","champ:MurderStrike","champ:PreemptiveStrike"],"picked":"SKIP","floor":44},{"not_picked":["expansioncontent:HyperBeam","expansioncontent:Chronoboost"],"picked":"expansioncontent:YouAreMine","floor":47}],"player_experience":77007,"relics_obtained":[{"floor":7,"key":"testmod-RandomTest"},{"floor":9,"key":"hexamod:Sixitude"},{"floor":34,"key":"Boot"},{"floor":34,"key":"Shuriken"},{"floor":34,"key":"Girya"},{"floor":41,"key":"Pocketwatch"},{"floor":46,"key":"testmod-Antiphasic"}],"event_choices":[{"damage_healed":0,"gold_gain":0,"player_choice":"Forge","damage_taken":0,"max_hp_gain":0,"max_hp_loss":0,"event_name":"Accursed Blacksmith","floor":3,"gold_loss":0,"cards_upgraded":["champ:RisingSlash"]},{"damage_healed":0,"gold_gain":400,"player_choice":"Sell","damage_taken":0,"max_hp_gain":0,"max_hp_loss":0,"event_name":"¶÷ÂåË¹µÄÅÌ×Ó","floor":6,"relics_lost":["testmod-TestBox"],"gold_loss":0},{"damage_healed":0,"gold_gain":0,"player_choice":"Ignored","damage_taken":0,"max_hp_gain":0,"max_hp_loss":0,"event_name":"Vampires","floor":27,"gold_loss":0}],"is_beta":false,"boss_relics":[{"not_picked":["testmod-IncinerationGenerator","testmod-KeyOfTheVoid"],"picked":"Sozu"},{"not_picked":["testmod-GoldenSoul","Velvet Choker"],"picked":"Calling Bell"}],"items_purged_floors":[8,11,22,29,38],"is_endless":false,"potions_floor_spawned":[4,9,12,14,19,20,21,32,36,40],"killed_by":"Reptomancer","ascension_level":5}}