{"host":"o0q01dgb4z8zpo6o","time":1613450412,"event":{"mods":["BaseMod","GifTheSpireLib","Minty Spire (QoL Compilation)","Relic Stats","StSLib"],"gold_per_floor":[119,194,206,131,2,29,53,53,103,137,137,172,184,84,84,161,161,175,175,188,26,53,69,69,84,84,115,115,149,149,159,159,234,234,244,244,244,263,263,263,297,297,297,126,136,155,155,30,30,30,30,30,30,30,64,64],"floor_reached":57,"language":"ENG","playtime":2664,"items_purged":["Strike_G","Strike_G","Strike_G"],"score":2843,"play_id":"96d70893-9364-4dfd-8b2e-74b2b1941684","local_time":"20210215204012","is_ascension_mode":true,"campfire_choices":[{"data":"Predator","floor":8.0,"key":"SMITH"},{"data":"Deadly Poison","floor":11.0,"key":"SMITH"},{"data":"Deadly Poison","floor":15.0,"key":"SMITH"},{"floor":24.0,"key":"REST"},{"floor":28.0,"key":"REST"},{"floor":32.0,"key":"REST"},{"data":"Wraith Form v2","floor":40.0,"key":"SMITH"},{"floor":47,"key":"REST"},{"floor":49,"key":"RECALL"},{"data":"Burst","floor":53,"key":"SMITH"}],"circlet_count":0,"master_deck":["AscendersBane","Strike_G","Defend_G","Defend_G","Defend_G","Defend_G","Defend_G+1","Survivor","Neutralize","Predator+1","Deadly Poison+1","Deadly Poison+1","Dagger Throw","Sucker Punch","Caltrops","Wraith Form v2+1","Catalyst+1","PiercingWail","Bouncing Flask","Catalyst+1","Leg Sweep","Noxious Fumes","Burst+1","PiercingWail+1","Calculated Gamble","Catalyst","Deep Breath","Corpse Explosion","Prepared+1","Footwork","Malaise","Blur","Escape Plan","Backflip+1","Calculated Gamble"],"relics":["Ring of the Snake","NeowsBlessing","Lantern","Omamori","Snake Skull","Ninja Scroll","Tiny Chest","SlaversCollar","War Paint","PreservedInsect","Darkstone Periapt","Tingsha","Tough Bandages","Sozu","Dream Catcher","Centennial Puzzle","Orrery","Eternal Feather"],"acts_visited":["Exordium","TheCity","TheBeyond","TheEnding"],"potions_floor_usage":[],"damage_taken":[{"damage":0.0,"enemies":"2 Louse","floor":1.0,"turns":1.0},{"damage":0.0,"enemies":"Jaw Worm","floor":3.0,"turns":1.0},{"damage":0.0,"enemies":"3 Sentries","floor":6.0,"turns":2.0},{"damage":5.0,"enemies":"Lagavulin","floor":10.0,"turns":6.0},{"damage":8.0,"enemies":"Gremlin Nob","floor":12.0,"turns":3.0},{"damage":0.0,"enemies":"Small Slimes","floor":13.0,"turns":1.0},{"damage":14.0,"enemies":"The Guardian","floor":16.0,"turns":9.0},{"damage":8.0,"enemies":"Chosen","floor":18.0,"turns":5.0},{"damage":16.0,"enemies":"Spheric Guardian","floor":20.0,"turns":6.0},{"damage":14.0,"enemies":"Chosen and Byrds","floor":23.0,"turns":5.0},{"damage":22.0,"enemies":"3 Cultists","floor":25.0,"turns":7.0},{"damage":12.0,"enemies":"Book of Stabbing","floor":27.0,"turns":4.0},{"damage":7.0,"enemies":"Gremlin Leader","floor":29.0,"turns":6.0},{"damage":0.0,"enemies":"Snecko","floor":31.0,"turns":3.0},{"damage":22.0,"enemies":"Automaton","floor":33.0,"turns":8.0},{"damage":9.0,"enemies":"Orb Walker","floor":35.0,"turns":4.0},{"damage":4.0,"enemies":"3 Shapes","floor":38.0,"turns":3.0},{"damage":8.0,"enemies":"Reptomancer","floor":41.0,"turns":3.0},{"damage":19.0,"enemies":"Writhing Mass","floor":45.0,"turns":3.0},{"damage":1,"enemies":"Transient","floor":46,"turns":5},{"damage":14,"enemies":"Donu and Deca","floor":50,"turns":5},{"damage":0,"enemies":"Time Eater","floor":51,"turns":2},{"damage":2,"enemies":"Shield and Spear","floor":55,"turns":4},{"damage":49,"enemies":"The Heart","floor":56,"turns":4}],"seed_played":"2176650173017281121","potions_obtained":[{"floor":1.0,"key":"SkillPotion"},{"floor":3.0,"key":"Weak Potion"},{"floor":10.0,"key":"SpeedPotion"},{"floor":12.0,"key":"GamblersBrew"},{"floor":19.0,"key":"DuplicationPotion"},{"floor":23.0,"key":"Ancient Potion"},{"floor":25.0,"key":"SpeedPotion"},{"floor":33.0,"key":"FearPotion"}],"is_trial":false,"path_per_floor":["M","?","M","?","$","E","T","R","T","E","R","E","M","$","R","B",null,"M","?","M","$","T","M","R","M","T","E","R","E","?","M","R","B",null,"M","?","T","M","?","R","E","?","T","$","M","M","R","$","R","B","B",null,"R","$","E","B",null],"character_chosen":"THE_SILENT","items_purchased":["Deadly Poison","War Paint","Orrery"],"campfire_rested":4,"item_purchase_floors":[5,21,44],"current_hp_per_floor":[59,48,48,48,48,48,48,48,48,43,43,35,35,35,35,21,55,47,47,31,31,31,17,36,14,14,2,21,14,14,14,33,11,52,43,43,43,39,52,52,44,44,44,44,25,24,43,43,43,29,29,57,57,57,55,6],"gold":64,"neow_bonus":"THREE_ENEMY_KILL","is_daily":false,"chose_seed":false,"campfire_upgraded":5,"win_rate":0.0,"timestamp":1613450412,"path_taken":["M","?","M","?","$","E","?","R","T","E","R","E","?","$","R","BOSS","M","?","M","?","?","?","R","M","T","E","R","E","?","M","R","BOSS","M","?","?","M","?","R","E","?","T","$","M","M","R","$","R","BOSS","BOSS","R","$","E","BOSS"],"items_purchased_type":["Card","Relic","Relic"],"build_version":"2020-12-22","purchased_purges":3,"victory":true,"max_hp_per_floor":[66,66,66,66,66,66,66,66,66,66,66,66,66,66,66,66,66,66,66,66,66,66,66,66,66,66,66,66,66,66,66,66,66,66,66,66,66,66,66,66,66,66,66,66,66,66,66,66,66,66,66,66,66,66,66,66],"relic_stats":{"Darkstone Periapt":0,"counters":[24,100],"Tingsha":[150],"Eternal Feather":0,"Snake Skull":[143],"PreservedInsect":229,"War Paint":["Catalyst","Defend_G"],"Sozu":3,"Tough Bandages":[177],"Dream Catcher":1,"Centennial Puzzle":[15],"Tiny Chest":2,"obtain_stats":[{"Darkstone Periapt":26,"Lantern":6,"NeowsBlessing":0,"Tingsha":27,"Eternal Feather":55,"Snake Skull":9,"PreservedInsect":22,"Omamori":7,"War Paint":21,"Sozu":34,"SlaversCollar":17,"Tough Bandages":29,"Dream Catcher":37,"Centennial Puzzle":41,"Ninja Scroll":10,"Orrery":44,"Tiny Chest":12,"Ring of the Snake":0},{"Darkstone Periapt":11,"Lantern":3,"NeowsBlessing":0,"Tingsha":12,"Eternal Feather":23,"Snake Skull":3,"PreservedInsect":9,"Omamori":3,"War Paint":9,"Sozu":15,"SlaversCollar":7,"Tough Bandages":13,"Dream Catcher":16,"Centennial Puzzle":18,"Ninja Scroll":4,"Orrery":18,"Tiny Chest":5,"Ring of the Snake":0},{"Darkstone Periapt":46,"Lantern":4,"NeowsBlessing":0,"Tingsha":50,"Eternal Feather":96,"Snake Skull":4,"PreservedInsect":34,"Omamori":4,"War Paint":34,"Sozu":67,"SlaversCollar":23,"Tough Bandages":56,"Dream Catcher":71,"Centennial Puzzle":77,"Ninja Scroll":10,"Orrery":77,"Tiny Chest":13,"Ring of the Snake":0}],"Ring of the Snake":[48]},"card_choices":[{"not_picked":["Catalyst","Slice"],"picked":"Predator","floor":1.0},{"not_picked":["Prepared","PiercingWail"],"picked":"Deadly Poison","floor":3.0},{"not_picked":["Endless Agony","Well Laid Plans"],"picked":"Dagger Throw","floor":6.0},{"not_picked":["A Thousand Cuts","Blade Dance"],"picked":"Sucker Punch","floor":10.0},{"not_picked":["Cloak And Dagger","Masterful Stab"],"picked":"Caltrops","floor":12.0},{"not_picked":["Prepared","Flying Knee","Setup"],"picked":"SKIP","floor":13.0},{"not_picked":["Bullet Time","After Image"],"picked":"Wraith Form v2","floor":16.0},{"not_picked":["Acrobatics","Setup"],"picked":"Catalyst","floor":18.0},{"not_picked":["Blade Dance","Tactician+1"],"picked":"PiercingWail","floor":20.0},{"not_picked":["Distraction+1","Eviscerate","Dagger Throw"],"picked":"SKIP","floor":23.0},{"not_picked":["Underhanded Strike","Prepared","Distraction"],"picked":"SKIP","floor":25.0},{"not_picked":["Underhanded Strike","Prepared","Distraction"],"picked":"SKIP","floor":25.0},{"not_picked":["Calculated Gamble","Night Terror"],"picked":"Bouncing Flask","floor":27.0},{"not_picked":["Predator","Deadly Poison"],"picked":"Catalyst+1","floor":29.0},{"not_picked":["Dagger Spray","Underhanded Strike"],"picked":"Noxious Fumes","floor":31.0},{"not_picked":["Malaise","Glass Knife"],"picked":"Burst","floor":33.0},{"not_picked":["Caltrops","Quick Slash"],"picked":"PiercingWail+1","floor":35.0},{"not_picked":["Deflect","Backflip"],"picked":"Calculated Gamble","floor":38.0},{"not_picked":["Bane","Dash"],"picked":"Catalyst","floor":41.0},{"not_picked":["Dark Shackles","Mayhem"],"picked":"Deep Breath","floor":42.0},{"not_picked":["Calculated Gamble","Terror"],"picked":"Corpse Explosion","floor":44.0},{"not_picked":["Accuracy+1","Flechettes"],"picked":"Prepared+1","floor":44.0},{"not_picked":["Dodge and Roll","Dagger Throw"],"picked":"Footwork","floor":44.0},{"not_picked":["Noxious Fumes","Reflex"],"picked":"Malaise","floor":44.0},{"not_picked":["All Out Attack","Eviscerate"],"picked":"Blur","floor":44.0},{"not_picked":["Flying Knee","Acrobatics"],"picked":"Escape Plan","floor":45.0},{"not_picked":["Dagger Spray","Prepared"],"picked":"Backflip+1","floor":46},{"not_picked":["Sucker Punch+1","Dodge and Roll"],"picked":"Calculated Gamble","floor":47},{"not_picked":["Backflip","Dodge and Roll","Slice"],"picked":"SKIP","floor":55}],"player_experience":1232059,"relics_obtained":[{"floor":6.0,"key":"Lantern"},{"floor":7.0,"key":"Omamori"},{"floor":9.0,"key":"Snake Skull"},{"floor":10.0,"key":"Ninja Scroll"},{"floor":12.0,"key":"Tiny Chest"},{"floor":22.0,"key":"PreservedInsect"},{"floor":26.0,"key":"Darkstone Periapt"},{"floor":27.0,"key":"Tingsha"},{"floor":29.0,"key":"Tough Bandages"},{"floor":37.0,"key":"Dream Catcher"},{"floor":41.0,"key":"Centennial Puzzle"},{"floor":55,"key":"Eternal Feather"}],"event_choices":[{"damage_healed":0.0,"max_hp_gain":0.0,"max_hp_loss":0.0,"gold_gain":75.0,"event_name":"World of Goop","player_choice":"Gather Gold","floor":2.0,"gold_loss":0.0,"damage_taken":11.0},{"cards_removed":["Strike_G"],"damage_healed":0.0,"max_hp_gain":0.0,"max_hp_loss":0.0,"gold_gain":0.0,"event_name":"The Cleric","player_choice":"Card Removal","floor":4.0,"gold_loss":75.0,"damage_taken":0.0},{"damage_healed":0.0,"max_hp_gain":0.0,"max_hp_loss":0.0,"gold_gain":0.0,"event_name":"Lab","player_choice":"Got Potions","floor":19.0,"gold_loss":0.0,"damage_taken":0.0},{"damage_healed":0.0,"max_hp_gain":0.0,"max_hp_loss":0.0,"gold_gain":0.0,"event_name":"The Library","player_choice":"Read","floor":30.0,"gold_loss":0.0,"damage_taken":0.0,"cards_obtained":["Leg Sweep"]},{"damage_healed":0.0,"max_hp_gain":0.0,"max_hp_loss":0.0,"gold_gain":0.0,"event_name":"Mysterious Sphere","player_choice":"Ignored","floor":36.0,"gold_loss":0.0,"damage_taken":0.0},{"damage_healed":13.0,"max_hp_gain":0.0,"max_hp_loss":0.0,"gold_gain":0.0,"event_name":"Winding Halls","player_choice":"Writhe","floor":39.0,"gold_loss":0.0,"damage_taken":0.0,"cards_obtained":["Writhe"]},{"damage_healed":0.0,"max_hp_gain":0.0,"max_hp_loss":0.0,"gold_gain":0.0,"event_name":"SensoryStone","player_choice":"Memory 1","floor":42.0,"gold_loss":0.0,"damage_taken":0.0}],"is_beta":false,"boss_relics":[{"not_picked":["Busted Crown","Empty Cage"],"picked":"SlaversCollar"},{"not_picked":["Black Star","Runic Dome"],"picked":"Sozu"}],"items_purged_floors":[5,14,48],"is_endless":false,"potions_floor_spawned":[1,3,10,12,23,25,27,33,35,41,45],"ascension_level":20}}