{"host":"txhhdwa0hqfs4jhb","time":1613511311,"event":{"mods":["BaseMod","Better Third Choice","Filter the Spire","Minty Spire (QoL Compilation)","Relic Filter Mod","Relic Stats","Reliquary","StSLib","Thieving Mod"],"gold_per_floor":[109,109,109,34,44,44,44],"floor_reached":6,"language":"ENG","playtime":223,"items_purged":["Defend_P"],"score":51,"play_id":"e39518dc-ff4f-4bc9-abdd-7a7f37e70bb9","local_time":"20210216213511","is_ascension_mode":true,"campfire_choices":[],"circlet_count":0,"master_deck":["AscendersBane","Strike_P","Strike_P","Strike_P","Strike_P","Defend_P","Defend_P","Defend_P","Vigilance","PathToVictory"],"relics":["Sozu","FossilizedHelix","reliquary:Stiletto","ClockworkSouvenir"],"acts_visited":["Exordium"],"potions_floor_usage":[],"damage_taken":[{"damage":1.0,"enemies":"Small Slimes","floor":1.0,"turns":3.0},{"damage":0,"enemies":"Cultist","floor":5,"turns":3},{"damage":62,"enemies":"3 Sentries","floor":6,"turns":10}],"seed_played":"-4787085608297928830","potions_obtained":[],"is_trial":false,"path_per_floor":["M","?","?","$","M","E"],"character_chosen":"WATCHER","items_purchased":[],"campfire_rested":0,"item_purchase_floors":[],"current_hp_per_floor":[64,57,57,57,57,0,0],"gold":44,"neow_bonus":"BOSS_RELIC","is_daily":false,"chose_seed":false,"campfire_upgraded":0,"win_rate":0.0,"timestamp":1613511311,"path_taken":["M","?","?","$","M","E"],"items_purchased_type":[],"build_version":"2020-12-22","purchased_purges":1,"victory":false,"max_hp_per_floor":[72,72,72,72,72,72,72],"relic_stats":{"Sozu":0,"counters":[3,16],"obtain_stats":[{"Sozu":0,"reliquary:Stiletto":4,"PureWater":0,"FossilizedHelix":3,"ClockworkSouvenir":4},{"Sozu":0,"reliquary:Stiletto":1,"PureWater":0,"FossilizedHelix":1,"ClockworkSouvenir":1},{"Sozu":0,"reliquary:Stiletto":3,"PureWater":0,"FossilizedHelix":3,"ClockworkSouvenir":3}]},"card_choices":[{"not_picked":["FollowUp","FlurryOfBlows"],"picked":"PathToVictory","floor":1.0},{"not_picked":["Evaluate","EmptyFist","FlyingSleeves"],"picked":"SKIP","floor":5}],"player_experience":319656,"relics_obtained":[{"floor":3.0,"key":"FossilizedHelix"}],"event_choices":[{"cards_removed":["Eruption"],"damage_healed":0.0,"max_hp_gain":0.0,"max_hp_loss":0.0,"gold_gain":0.0,"event_name":"Golden Wing","player_choice":"Card Removal","floor":2.0,"gold_loss":0.0,"damage_taken":7.0},{"damage_healed":0.0,"max_hp_gain":0.0,"max_hp_loss":0.0,"gold_gain":0.0,"event_name":"Wheel of Change","player_choice":"Relic","floor":3.0,"gold_loss":0.0,"damage_taken":0.0}],"is_beta":false,"boss_relics":[],"items_purged_floors":[4],"is_endless":false,"potions_floor_spawned":[],"killed_by":"3 Sentries","ascension_level":10}}