{"host":"ssceekdvsvld625r","time":1613470050,"event":{"mods":["AchievementEnabler","BaseMod","Better Third Choice","Block Reminder","Colored Map","Colored Powertips","Highlight Path","Minty Spire (QoL Compilation)","Permanent Neow","Quick Restart","Rare Cards Sparkle","Relic Stats","Shop Mod","StSLib"],"gold_per_floor":[112,128,128,128,128,128,156,156,180,215,134,134,161,161,161,266,266,277,277,295,295,320,365,377,415,476,488,49,66,84,84,84],"floor_reached":31,"language":"ENG","playtime":1646,"items_purged":[],"score":316,"play_id":"b724b4af-47c6-48ec-8de7-b636eacc9b83","local_time":"20210216030730","is_ascension_mode":true,"campfire_choices":[{"data":"Zap","floor":6,"key":"SMITH"},{"floor":8,"key":"REST"},{"floor":12,"key":"REST"},{"floor":15,"key":"REST"},{"floor":24,"key":"REST"},{"floor":27,"key":"REST"}],"circlet_count":0,"master_deck":["Defend_B","Defend_B","Defend_B","Defend_B","Zap+1","Dualcast","Beam Cell","Loop","Static Discharge","Double Energy","Redo","Thunder Strike","Coolheaded","Bite","Bite","Bite","Bite","Bite","Biased Cognition","Tempest","Electrodynamics","Defragment","Hello World","Redo+1","Chill"],"relics":["Cracked Core","Tiny Chest","White Beast Statue","Potion Belt","Dream Catcher","Vajra","Runic Pyramid","MawBank","Blood Vial","Oddly Smooth Stone","Centennial Puzzle","Membership Card","Lantern","Pantograph"],"acts_visited":["Exordium","TheCity"],"potions_floor_usage":[16,25,25,29,30,31,31],"damage_taken":[{"damage":1,"enemies":"Cultist","floor":1,"turns":3},{"damage":2,"enemies":"2 Louse","floor":2,"turns":3},{"damage":68,"enemies":"Gremlin Nob","floor":7,"turns":5},{"damage":21,"enemies":"Lagavulin","floor":10,"turns":7},{"damage":42,"enemies":"The Guardian","floor":16,"turns":7},{"damage":5,"enemies":"Chosen","floor":18,"turns":4},{"damage":15,"enemies":"Shell Parasite","floor":20,"turns":5},{"damage":40,"enemies":"Gremlin Leader","floor":23,"turns":7},{"damage":45,"enemies":"Slavers","floor":25,"turns":4},{"damage":8,"enemies":"Centurion and Healer","floor":29,"turns":3},{"damage":24,"enemies":"Shelled Parasite and Fungi","floor":30,"turns":4},{"damage":22,"enemies":"Snake Plant","floor":31,"turns":2}],"seed_played":"4217782327644021143","potions_obtained":[{"floor":7,"key":"BlessingOfTheForge"},{"floor":10,"key":"SpeedPotion"},{"floor":16,"key":"FearPotion"},{"floor":18,"key":"Block Potion"},{"floor":20,"key":"FearPotion"},{"floor":23,"key":"Explosive Potion"},{"floor":25,"key":"FearPotion"},{"floor":29,"key":"CultistPotion"},{"floor":30,"key":"EssenceOfSteel"}],"is_trial":false,"path_per_floor":["M","M","?","?","?","R","E","R","T","E","$","R","T","?","R","B",null,"M","?","M","?","T","E","R","E","T","R","$","M","M","M"],"character_chosen":"DEFECT","items_purchased":["Loop","Hello World","Membership Card","Lantern","Pantograph","BlessingOfTheForge"],"campfire_rested":5,"item_purchase_floors":[11,28,28,28,28,28],"current_hp_per_floor":[74,72,72,72,77,77,9,33,33,12,12,36,36,36,60,18,80,75,56,53,53,53,30,46,9,9,25,25,29,15,0,0],"gold":84,"neow_bonus":"RANDOM_COMMON_RELIC","is_daily":false,"chose_seed":false,"campfire_upgraded":1,"win_rate":0.0,"timestamp":1613470050,"path_taken":["M","M","?","?","?","R","E","R","T","E","$","R","?","?","R","BOSS","M","?","M","?","?","E","R","E","T","R","$","M","M","M"],"items_purchased_type":["Card","Card","Relic","Relic","Relic","Potion"],"build_version":"2020-12-22","purchased_purges":0,"victory":false,"max_hp_per_floor":[75,75,75,75,80,80,80,80,80,80,80,80,80,80,80,80,80,80,56,56,56,56,56,56,56,56,56,56,56,56,56,56],"relic_stats":{"Blood Vial":8,"Dream Catcher":4,"Centennial Puzzle":[9],"counters":[12,53],"Pantograph":0,"Tiny Chest":2,"MawBank":72,"obtain_stats":[{"Potion Belt":9,"Lantern":28,"Vajra":13,"Oddly Smooth Stone":25,"MawBank":22,"White Beast Statue":7,"Blood Vial":23,"Dream Catcher":10,"Centennial Puzzle":26,"Pantograph":28,"Tiny Chest":0,"Membership Card":28,"Cracked Core":0,"Runic Pyramid":17},{"Potion Belt":3,"Lantern":9,"Vajra":4,"Oddly Smooth Stone":9,"MawBank":7,"White Beast Statue":3,"Blood Vial":8,"Dream Catcher":4,"Centennial Puzzle":9,"Pantograph":9,"Tiny Chest":0,"Membership Card":9,"Cracked Core":0,"Runic Pyramid":5},{"Potion Belt":11,"Lantern":44,"Vajra":18,"Oddly Smooth Stone":44,"MawBank":34,"White Beast Statue":11,"Blood Vial":41,"Dream Catcher":18,"Centennial Puzzle":44,"Pantograph":44,"Tiny Chest":0,"Membership Card":44,"Cracked Core":0,"Runic Pyramid":25}]},"card_choices":[{"not_picked":["Conserve Battery","Skim","Blizzard"],"picked":"SKIP","floor":1},{"not_picked":["Steam","Cold Snap","Rainbow"],"picked":"SKIP","floor":2},{"not_picked":["Hologram","Go for the Eyes"],"picked":"Rebound","floor":7},{"not_picked":["Conserve Battery","Steam Power"],"picked":"Beam Cell","floor":10},{"not_picked":["Rip and Tear","BootSequence"],"picked":"Static Discharge","floor":12},{"not_picked":["Consume","FTL"],"picked":"Redo","floor":15},{"not_picked":["Rainbow","Multi-Cast"],"picked":"Thunder Strike","floor":16},{"not_picked":["Rebound","Steam+1"],"picked":"Coolheaded","floor":18},{"not_picked":["Stack","Gash","Steam+1"],"picked":"SKIP","floor":20},{"not_picked":["Sweeping Beam","Hologram"],"picked":"Biased Cognition","floor":23},{"not_picked":["Leap","Streamline+1"],"picked":"Tempest","floor":24},{"not_picked":["Aggregate+1","Compile Driver+1"],"picked":"Electrodynamics","floor":25},{"not_picked":["Chaos","Conserve Battery+1"],"picked":"Defragment","floor":27},{"not_picked":["Reinforced Body+1","Steam+1"],"picked":"Redo+1","floor":29},{"not_picked":["Aggregate+1","Sweeping Beam"],"picked":"Chill","floor":30}],"player_experience":32552,"relics_obtained":[{"floor":7,"key":"White Beast Statue"},{"floor":9,"key":"Potion Belt"},{"floor":10,"key":"Dream Catcher"},{"floor":13,"key":"Vajra"},{"floor":22,"key":"MawBank"},{"floor":23,"key":"Blood Vial"},{"floor":25,"key":"Oddly Smooth Stone"},{"floor":26,"key":"Centennial Puzzle"}],"event_choices":[{"damage_healed":0,"gold_gain":0,"player_choice":"Ignored","damage_taken":128,"max_hp_gain":0,"max_hp_loss":0,"event_name":"betterThird:BetterSerpent","floor":3,"gold_loss":0},{"damage_healed":0,"gold_gain":0,"player_choice":"Leave","damage_taken":0,"max_hp_gain":0,"max_hp_loss":0,"event_name":"The Cleric","floor":4,"gold_loss":0},{"damage_healed":0,"gold_gain":0,"player_choice":"Donut","damage_taken":0,"max_hp_gain":5,"max_hp_loss":0,"event_name":"Big Fish","floor":5,"gold_loss":0},{"damage_healed":0,"gold_gain":0,"cards_transformed":["Rebound"],"player_choice":"Transformed","damage_taken":0,"max_hp_gain":0,"max_hp_loss":0,"event_name":"Transmorgrifier","floor":14,"gold_loss":0,"cards_obtained":["Double Energy"]},{"damage_healed":0,"gold_gain":0,"player_choice":"Became a vampire","damage_taken":0,"max_hp_gain":0,"max_hp_loss":24,"event_name":"Vampires","floor":19,"gold_loss":0,"cards_obtained":["Bite","Bite","Bite","Bite","Bite"]},{"damage_healed":0,"gold_gain":0,"player_choice":"Ignored","damage_taken":0,"max_hp_gain":0,"max_hp_loss":0,"event_name":"Ghosts","floor":21,"gold_loss":0}],"is_beta":false,"boss_relics":[{"not_picked":["Snecko Eye","Philosopher\u0027s Stone"],"picked":"Runic Pyramid"}],"items_purged_floors":[],"is_endless":false,"potions_floor_spawned":[7,10,16,18,20,23,25,29,30],"killed_by":"Snake Plant","ascension_level":1}}