{"host":"smn2tb46ysgs1sad","time":1613454901,"event":{"mods":["AchievementEnabler","Aspiration","BaseMod","Colored Powertips","Downfall","Hermit","Minty Spire (QoL Compilation)","Replay The Spire","StSLib","The Cursed","The Disciple","The Hierophant"],"gold_per_floor":[99,109,109,124,180,192,215,215,249,262,309,328,328,361,380,380,380,380],"floor_reached":16,"language":"ENG","playtime":755,"items_purged":[],"score":112,"play_id":"1434c8a7-a0c0-4be6-97b2-9b656b33b69e","local_time":"20210215215501","is_ascension_mode":false,"campfire_choices":[{"data":"champ:Taunt","floor":1.0,"key":"SMITH"},{"data":"champ:TornadoPunch","floor":8.0,"key":"SMITH"},{"floor":13,"key":"REST"}],"circlet_count":0,"master_deck":["champ:Strike","champ:Strike","champ:Strike","champ:Strike","champ:Defend","champ:Defend","champ:Defend","champ:Defend","champ:Execute","champ:Taunt+1","champ:SkillfulDodge","champ:CrookedStrike","champ:TornadoPunch+1","champ:FanOfKnives","Demon Form","champ:AdrenalArmor","champ:FocusedBerserking","Reaper","champ:StanceDance"],"relics":["m_IronCrown","Onion Ring","Vajra","Simple Rune","aspiration:Lifesprig","Replay:Mystery Machine"],"acts_visited":["Exordium"],"potions_floor_usage":[],"damage_taken":[{"damage":10.0,"enemies":"Small Slimes","floor":2.0,"turns":3.0},{"damage":10.0,"enemies":"Jaw Worm","floor":4.0,"turns":5.0},{"damage":54.0,"enemies":"Gremlin Nob","floor":5.0,"turns":5.0},{"damage":14.0,"enemies":"Cultist","floor":6.0,"turns":4.0},{"damage":49.0,"enemies":"Lagavulin","floor":9.0,"turns":7.0},{"damage":24,"enemies":"Exordium Thugs","floor":10,"turns":5},{"damage":9,"enemies":"Lots of Slimes","floor":12,"turns":3},{"damage":37,"enemies":"3 Sentries","floor":14,"turns":4},{"damage":25,"enemies":"2 Fungi Beasts","floor":15,"turns":4},{"damage":46,"enemies":"IC_STATUS_ARCHETYPE","floor":16,"turns":4}],"seed_played":"1800255324098478394","potions_obtained":[{"floor":4.0,"key":"Explosive Potion"},{"floor":5.0,"key":"Fire Potion"},{"floor":6.0,"key":"Milkshake"},{"floor":14,"key":"Toxic Potion"}],"is_trial":false,"path_per_floor":["R","M","?","M","?","M","T","R","E","M","T","M","R","E","M","B"],"character_chosen":"THE_CHAMP","items_purchased":[],"campfire_rested":1,"item_purchase_floors":[],"current_hp_per_floor":[99,99,99,99,71,73,73,73,35,27,27,24,53,32,42,0,0,0],"gold":380,"neow_bonus":"TEN_PERCENT_HP_BONUS","is_daily":false,"chose_seed":false,"campfire_upgraded":2,"win_rate":0.0,"timestamp":1613454901,"path_taken":["R","M","?","M","?","M","T","R","E","M","?","M","R","E","M","BOSS"],"items_purchased_type":[],"build_version":"2020-12-22","purchased_purges":0,"victory":false,"max_hp_per_floor":[99,99,99,99,99,99,99,99,99,99,99,99,99,99,99,99,99,99],"card_choices":[{"not_picked":["champ:FalseCounter","champ:FancyFootwork"],"picked":"champ:SkillfulDodge","floor":2.0},{"not_picked":["champ:DeathBlow","Heavy Blade"],"picked":"champ:CrookedStrike","floor":4.0},{"not_picked":["Hemokinesis","champ:Circumvent"],"picked":"champ:TornadoPunch","floor":5.0},{"not_picked":["champ:HeartStrike","champ:FlashCut"],"picked":"champ:FanOfKnives","floor":6.0},{"not_picked":["champ:RecklessLeap","Offering"],"picked":"Demon Form","floor":9.0},{"not_picked":["champ:EnGarde","champ:FanOfKnives"],"picked":"champ:AdrenalArmor","floor":10},{"not_picked":["champ:SkillfulDodge","champ:Backstep"],"picked":"champ:FocusedBerserking","floor":12},{"not_picked":["champ:CrownThrow","champ:GladiatorStyle"],"picked":"Reaper","floor":14},{"not_picked":["champ:CrownThrow","Heavy Blade"],"picked":"champ:StanceDance","floor":15}],"player_experience":189669,"relics_obtained":[{"floor":5.0,"key":"Onion Ring"},{"floor":7.0,"key":"Vajra"},{"floor":9.0,"key":"Simple Rune"},{"floor":11,"key":"aspiration:Lifesprig"},{"floor":14,"key":"Replay:Mystery Machine"}],"event_choices":[],"is_beta":false,"boss_relics":[],"items_purged_floors":[],"is_endless":false,"potions_floor_spawned":[4,5,6,14,15],"killed_by":"IC_STATUS_ARCHETYPE","ascension_level":0}}