{"host":"7zq0fgva91iwgkd5","time":1613517696,"event":{"mods":["AchievementEnabler","BaseMod","Bestiary","Colored Map","Curses Come First","DeckTracker","Minty Spire (QoL Compilation)","Rare Cards Sparkle","StSLib","Unceasing Turn Reminder"],"gold_per_floor":[109,122,122,197,122,153,153,164,164,179,198,223,223,235,235,309,309,320,333,345,361,66,66,95,106,159,109,124,124,144,225,225,225,225],"floor_reached":33,"language":"ENG","playtime":1106,"items_purged":[],"score":568,"play_id":"92f10917-511a-49a0-a497-c2007181c8bf","local_time":"20210217002136","is_ascension_mode":true,"campfire_choices":[{"data":"Feed","floor":7,"key":"SMITH"},{"data":"Carnage","floor":13,"key":"SMITH"},{"floor":15,"key":"REST"},{"floor":23,"key":"REST"},{"floor":29,"key":"REST"},{"floor":32,"key":"REST"}],"circlet_count":0,"master_deck":["AscendersBane","Strike_R","Strike_R","Strike_R","Strike_R","Defend_R","Defend_R","Defend_R+1","Defend_R","Bash","Carnage+1","Disarm+1","Feed+1","Spot Weakness+1","Pommel Strike","Anger","Shockwave","Demon Form","Sword Boomerang+1","Ghostly Armor","Whirlwind","Limit Break","Barricade"],"relics":["Burning Blood","NeowsBlessing","Darkstone Periapt","Magic Flower","Odd Mushroom","Sozu","War Paint","ClockworkSouvenir","Vajra","Bronze Scales","Sundial"],"acts_visited":["Exordium","TheCity"],"potions_floor_usage":[1,10,12,12,18],"damage_taken":[{"damage":0,"enemies":"Cultist","floor":1,"turns":1},{"damage":0,"enemies":"Small Slimes","floor":2,"turns":1},{"damage":0,"enemies":"3 Sentries","floor":6,"turns":2},{"damage":4,"enemies":"2 Louse","floor":8,"turns":3},{"damage":9,"enemies":"2 Fungi Beasts","floor":10,"turns":2},{"damage":18,"enemies":"Red Slaver","floor":11,"turns":3},{"damage":11,"enemies":"The Mushroom Lair","floor":12,"turns":5},{"damage":30,"enemies":"Exordium Thugs","floor":14,"turns":5},{"damage":58,"enemies":"Slime Boss","floor":16,"turns":11},{"damage":13,"enemies":"3 Byrds","floor":18,"turns":5},{"damage":25,"enemies":"Spheric Guardian","floor":19,"turns":4},{"damage":23,"enemies":"Cultist and Chosen","floor":20,"turns":5},{"damage":58,"enemies":"Centurion and Healer","floor":21,"turns":7},{"damage":34,"enemies":"Gremlin Leader","floor":24,"turns":7},{"damage":23,"enemies":"Snecko","floor":25,"turns":4},{"damage":18,"enemies":"Sentry and Sphere","floor":28,"turns":4},{"damage":22,"enemies":"Snake Plant","floor":30,"turns":3},{"damage":87,"enemies":"Automaton","floor":33,"turns":6}],"seed_played":"147381875701127176","potions_obtained":[{"floor":1,"key":"Fruit Juice"},{"floor":8,"key":"SteroidPotion"},{"floor":10,"key":"HeartOfIron"},{"floor":11,"key":"ColorlessPotion"},{"floor":16,"key":"AttackPotion"}],"is_trial":false,"path_per_floor":["M","M","$","?","?","E","R","M","T","M","M","?","R","M","R","B",null,"M","M","M","M","$","R","E","M","T","?","M","R","M","T","R","B"],"character_chosen":"IRONCLAD","items_purchased":["War Paint","ClockworkSouvenir"],"campfire_rested":4,"item_purchase_floors":[22,22],"current_hp_per_floor":[79,80,80,69,69,75,75,81,81,87,78,82,82,67,95,52,88,90,80,72,23,23,56,31,23,23,23,14,48,35,35,69,0,0],"gold":225,"neow_bonus":"THREE_ENEMY_KILL","is_daily":false,"chose_seed":false,"campfire_upgraded":2,"win_rate":0.0,"timestamp":1613517696,"path_taken":["M","M","$","?","?","E","R","M","T","M","M","?","R","M","R","BOSS","M","M","M","M","$","R","E","M","T","?","?","R","M","?","R","BOSS"],"items_purchased_type":["Relic","Relic"],"build_version":"2020-12-22","purchased_purges":0,"victory":false,"max_hp_per_floor":[80,80,80,80,80,80,80,84,84,88,88,92,92,96,96,100,100,104,108,112,112,112,112,112,116,116,116,116,116,116,116,116,116,116],"card_choices":[{"not_picked":["Cleave","Perfected Strike"],"picked":"Carnage","floor":1},{"not_picked":["Sever Soul","Iron Wave"],"picked":"Disarm","floor":2},{"not_picked":["Armaments","Anger"],"picked":"Feed","floor":6},{"not_picked":["Wild Strike","Whirlwind"],"picked":"Spot Weakness","floor":8},{"not_picked":["Sword Boomerang","Wild Strike"],"picked":"Pommel Strike","floor":10},{"not_picked":["Body Slam","Fire Breathing","Sever Soul"],"picked":"SKIP","floor":11},{"not_picked":["Iron Wave","Body Slam"],"picked":"Anger","floor":12},{"not_picked":["Metallicize","Twin Strike"],"picked":"Shockwave","floor":14},{"not_picked":["Berserk","Double Tap"],"picked":"Demon Form","floor":16},{"not_picked":["Body Slam","Wild Strike"],"picked":"Sword Boomerang","floor":18},{"not_picked":["Pommel Strike+1","Uppercut"],"picked":"Ghostly Armor","floor":19},{"not_picked":["Pommel Strike","Wild Strike","Searing Blow"],"picked":"SKIP","floor":20},{"not_picked":["Anger","Body Slam"],"picked":"Whirlwind","floor":21},{"not_picked":["Second Wind","Cleave"],"picked":"Limit Break","floor":24},{"not_picked":["Shockwave","Sentinel+1","Thunderclap"],"picked":"SKIP","floor":25},{"not_picked":["Pommel Strike","Body Slam","True Grit"],"picked":"SKIP","floor":28},{"not_picked":["Clash+1","True Grit"],"picked":"Barricade","floor":30}],"player_experience":167773,"relics_obtained":[{"floor":6,"key":"Darkstone Periapt"},{"floor":9,"key":"Magic Flower"},{"floor":12,"key":"Odd Mushroom"},{"floor":24,"key":"Vajra"},{"floor":26,"key":"Bronze Scales"},{"floor":31,"key":"Sundial"}],"event_choices":[{"damage_healed":0,"gold_gain":75,"player_choice":"Gather Gold","damage_taken":11,"max_hp_gain":0,"max_hp_loss":0,"event_name":"World of Goop","floor":4,"gold_loss":0},{"cards_removed":["Strike_R"],"damage_healed":0,"gold_gain":0,"player_choice":"Card Removal","damage_taken":0,"max_hp_gain":0,"max_hp_loss":0,"event_name":"The Cleric","floor":5,"gold_loss":75},{"damage_healed":0,"gold_gain":0,"player_choice":"Fought Mushrooms","damage_taken":0,"max_hp_gain":0,"max_hp_loss":0,"event_name":"Mushrooms","floor":12,"gold_loss":0},{"damage_healed":0,"gold_gain":0,"player_choice":"Upgraded Two","damage_taken":0,"max_hp_gain":0,"max_hp_loss":0,"event_name":"Designer","floor":27,"gold_loss":50,"cards_upgraded":["Disarm","Sword Boomerang"]}],"is_beta":false,"boss_relics":[{"not_picked":["Empty Cage","Runic Pyramid"],"picked":"Sozu"}],"items_purged_floors":[],"is_endless":false,"potions_floor_spawned":[1,8,10,11,16,21,24],"killed_by":"Automaton","ascension_level":15}}