{"host":"wwo1kwxjf4eyz37q","time":1613496956,"event":{"mods":["AchievementEnabler","BaseMod","Colored Map","Minty Spire (QoL Compilation)","Quick Restart","SuperFastMode"],"gold_per_floor":[115,133,51,1,1,34,45,75,75,106,106,181,36,55,55,153,153,166,177,177,190,5,5,5,17,17,17,31,31,43,66,66,66,66],"floor_reached":33,"language":"KOR","playtime":1561,"items_purged":["Strike_G"],"score":488,"play_id":"111a969d-a567-4b8e-bad6-5ff350e11b03","local_time":"20210217023556","is_ascension_mode":true,"campfire_choices":[{"data":"Neutralize","floor":11.0,"key":"SMITH"},{"data":"Footwork","floor":15,"key":"SMITH"},{"data":"Strike_G","floor":23,"key":"PURGE"},{"data":"Strike_G","floor":27,"key":"PURGE"},{"data":"Cloak And Dagger","floor":29,"key":"SMITH"},{"floor":32,"key":"REST"}],"circlet_count":0,"master_deck":["AscendersBane","Defend_G","Defend_G","Defend_G","Defend_G","Defend_G","Survivor","Neutralize+1","Blade Dance","Backstab","Tactician","Acrobatics","Backflip","Dagger Spray","Blur","Footwork+1","Grand Finale","Slice+1","Cloak And Dagger+1","Backstab","Acrobatics","Footwork","Purity","Cloak And Dagger+1","Acrobatics+1","Die Die Die"],"relics":["Ring of the Snake","NeowsBlessing","Pear","Dream Catcher","Mercury Hourglass","Peace Pipe","Sozu","Toy Ornithopter"],"acts_visited":["Exordium","TheCity"],"potions_floor_usage":[16],"damage_taken":[{"damage":0.0,"enemies":"Cultist","floor":1.0,"turns":1.0},{"damage":0.0,"enemies":"2 Louse","floor":2.0,"turns":1.0},{"damage":0.0,"enemies":"Gremlin Nob","floor":6.0,"turns":1.0},{"damage":0.0,"enemies":"Small Slimes","floor":7.0,"turns":3.0},{"damage":30.0,"enemies":"3 Sentries","floor":8.0,"turns":11.0},{"damage":0.0,"enemies":"Gremlin Nob","floor":10.0,"turns":2.0},{"damage":0,"enemies":"3 Louse","floor":14,"turns":2},{"damage":22,"enemies":"Hexaghost","floor":16,"turns":13},{"damage":1,"enemies":"3 Byrds","floor":18,"turns":5},{"damage":22,"enemies":"2 Thieves","floor":19,"turns":5},{"damage":2,"enemies":"Centurion and Healer","floor":21,"turns":9},{"damage":0,"enemies":"3 Cultists","floor":25,"turns":6},{"damage":0,"enemies":"Chosen and Byrds","floor":28,"turns":9},{"damage":0,"enemies":"Cultist and Chosen","floor":30,"turns":8},{"damage":14,"enemies":"Collector","floor":33,"turns":14}],"seed_played":"6126585612800885624","potions_obtained":[{"floor":1.0,"key":"SteroidPotion"},{"floor":6.0,"key":"SteroidPotion"},{"floor":10.0,"key":"Energy Potion"},{"floor":14,"key":"CultistPotion"}],"is_trial":false,"path_per_floor":["M","M","$","?","$","E","M","E","T","E","R","?","$","M","R","B",null,"M","M","?","M","$","R","?","M","T","R","M","R","M","T","R","B"],"character_chosen":"THE_SILENT","items_purchased":["Tactician","Footwork","Acrobatics","Footwork","Purity"],"campfire_rested":1,"item_purchase_floors":[3,13,22,22,22],"current_hp_per_floor":[63,63,63,63,63,73,73,43,43,43,43,32,32,32,32,10,63,62,40,40,38,38,38,30,30,30,30,30,30,30,30,54,40,40],"gold":66,"neow_bonus":"THREE_ENEMY_KILL","is_daily":false,"chose_seed":false,"campfire_upgraded":3,"win_rate":0.0,"timestamp":1613496956,"path_taken":["M","?","$","?","$","E","M","E","T","E","R","?","$","M","R","BOSS","M","M","?","M","$","R","?","M","T","R","M","R","?","?","R","BOSS"],"items_purchased_type":["Card","Card","Card","Card","Card"],"build_version":"2020-12-22","purchased_purges":1,"victory":false,"max_hp_per_floor":[70,70,70,70,70,80,80,80,80,80,80,80,80,80,80,80,80,80,80,80,80,80,80,80,80,80,80,80,80,80,80,80,80,80],"card_choices":[{"not_picked":["Leg Sweep","Expertise"],"picked":"Blade Dance","floor":1.0},{"not_picked":["Backstab","Catalyst","Deflect"],"picked":"SKIP","floor":2.0},{"not_picked":["Catalyst","Deflect"],"picked":"Backstab","floor":2.0},{"not_picked":["Flying Knee","Masterful Stab"],"picked":"Acrobatics","floor":6.0},{"not_picked":["Dagger Throw","Masterful Stab"],"picked":"Backflip","floor":7.0},{"not_picked":["Underhanded Strike","Prepared"],"picked":"Dagger Spray","floor":8.0},{"not_picked":["Distraction","Poisoned Stab"],"picked":"Blur","floor":10.0},{"not_picked":["PiercingWail","Quick Slash","All Out Attack"],"picked":"SKIP","floor":14},{"not_picked":["Malaise","Burst"],"picked":"Grand Finale","floor":16},{"not_picked":["Sucker Punch","Heel Hook"],"picked":"Slice+1","floor":18},{"not_picked":["Dodge and Roll","Blade Dance+1"],"picked":"Cloak And Dagger+1","floor":19},{"not_picked":["Storm of Steel","Terror"],"picked":"Backstab","floor":21},{"not_picked":["Deflect","Deadly Poison+1"],"picked":"Cloak And Dagger","floor":25},{"not_picked":["Dagger Spray","Infinite Blades"],"picked":"Acrobatics+1","floor":28},{"not_picked":["Slice","Dagger Throw"],"picked":"Die Die Die","floor":30}],"player_experience":260822,"relics_obtained":[{"floor":6.0,"key":"Pear"},{"floor":8.0,"key":"Dream Catcher"},{"floor":9.0,"key":"Mercury Hourglass"},{"floor":10.0,"key":"Peace Pipe"},{"floor":31,"key":"Toy Ornithopter"}],"event_choices":[{"cards_removed":["Strike_G"],"damage_healed":0.0,"max_hp_gain":0.0,"max_hp_loss":0.0,"gold_gain":0.0,"event_name":"The Cleric","player_choice":"Card Removal","floor":4.0,"gold_loss":50.0,"damage_taken":0.0},{"damage_healed":0.0,"max_hp_gain":0.0,"max_hp_loss":0.0,"gold_gain":75.0,"event_name":"World of Goop","player_choice":"Gather Gold","floor":12.0,"gold_loss":0.0,"damage_taken":11.0},{"cards_removed":["Strike_G"],"damage_healed":0,"gold_gain":0,"player_choice":"Elegance","damage_taken":0,"max_hp_gain":0,"max_hp_loss":0,"event_name":"Back to Basics","floor":20,"gold_loss":0},{"damage_healed":0,"gold_gain":0,"player_choice":"Damaged","damage_taken":8,"max_hp_gain":0,"max_hp_loss":0,"event_name":"Wheel of Change","floor":24,"gold_loss":0}],"is_beta":false,"boss_relics":[{"not_picked":["Tiny House","SacredBark"],"picked":"Sozu"}],"items_purged_floors":[13],"is_endless":false,"potions_floor_spawned":[1,6,10,14,28,30],"killed_by":"Collector","ascension_level":11}}