{"host":"Luke","time":1613434940,"event":{"mods":["BaseMod","Downfall","Hermit","Minty Spire (QoL Compilation)","StSLib"],"gold_per_floor":[13,13,28,28,28,28,62,62,134,157,173,214,237,237,237,358,358,382,382,395,395,44,44,143,186,186,186,186,202,202,226,226,226,226],"floor_reached":33,"language":"ENG","playtime":1392,"items_purged":["downfall:Haunted"],"score":287,"play_id":"ff0ef788-000e-4c89-8a6c-77f9c50d42b2","local_time":"20210216002220","is_ascension_mode":true,"campfire_choices":[{"floor":6,"key":"REST"},{"floor":8,"key":"REST"},{"data":"1","floor":15,"key":"LIFT"},{"data":"2","floor":23,"key":"LIFT"},{"data":"3","floor":28,"key":"LIFT"},{"floor":30,"key":"RECALL"},{"data":"hermit:Showdown","floor":32,"key":"PURGE"}],"circlet_count":0,"master_deck":["hermit:Defend_Hermit","hermit:Defend_Hermit","hermit:Defend_Hermit","hermit:Defend_Hermit+1","hermit:Snapshot","hermit:Covet","hermit:DeadMansHand","Injury","hermit:Quickdraw+1","hermit:FinalCanter","hermit:BodyArmor","hermit:Enervate","hermit:Brawl","hermit:Gambit","CurseOfTheBell","Slimebound:Tackle+1","Slimebound:Tackle+1","Slimebound:Tackle+1","hermit:TakeAim+1","hermit:FromBeyond","hermit:BlackWind","Doubt","Decay"],"relics":["hermit:Momento","Incense Burner","Golden Idol","Girya","Eternal Feather","MealTicket","Smiling Mask","Calling Bell","Strawberry","Singing Bowl","Peace Pipe","Blood Vial","Strange Spoon","Ice Cream","hermit:CharredGlove","Nloth\u0027s Gift"],"acts_visited":["Exordium","TheCity"],"potions_floor_usage":[12,18,18,25,25,29],"damage_taken":[{"damage":5,"enemies":"2 Louse","floor":1,"turns":3},{"damage":1,"enemies":"Jaw Worm","floor":3,"turns":3},{"damage":34,"enemies":"Gremlin Nob","floor":7,"turns":5},{"damage":0,"enemies":"Small Slimes","floor":10,"turns":2},{"damage":0,"enemies":"Looter","floor":11,"turns":3},{"damage":6,"enemies":"3 Sentries","floor":12,"turns":8},{"damage":0,"enemies":"2 Fungi Beasts","floor":13,"turns":3},{"damage":41,"enemies":"Hexaghost","floor":16,"turns":12},{"damage":0,"enemies":"Shell Parasite","floor":18,"turns":4},{"damage":9,"enemies":"Spheric Guardian","floor":20,"turns":1},{"damage":24,"enemies":"Gremlin Leader","floor":25,"turns":7},{"damage":0,"enemies":"Snecko","floor":29,"turns":4},{"damage":15,"enemies":"Snake Plant","floor":31,"turns":4},{"damage":100,"enemies":"Collector","floor":33,"turns":10}],"seed_played":"403692027055746238","potions_obtained":[{"floor":10,"key":"Slimebound:ThreeZeroPotion"},{"floor":11,"key":"EssenceOfSteel"},{"floor":13,"key":"hermit:Tonic"},{"floor":16,"key":"EssenceOfSteel"},{"floor":20,"key":"hermit:Tonic"},{"floor":25,"key":"ColorlessPotion"}],"is_trial":false,"path_per_floor":["M","?","M","?","$","R","E","R","T","M","M","E","M","?","R","B",null,"M","?","M","?","$","R","?","E","T","?","R","M","R","M","R","B"],"character_chosen":"HERMIT","items_purchased":["Blood Vial","Strange Spoon"],"campfire_rested":2,"item_purchase_floors":[22,22],"current_hp_per_floor":[70,70,69,54,54,75,41,63,63,63,63,57,57,39,48,7,82,84,84,75,75,84,84,84,60,60,60,72,76,86,73,85,0,0],"gold":226,"neow_bonus":"ONE_RARE_RELIC","is_daily":false,"chose_seed":false,"campfire_upgraded":0,"win_rate":0.0,"timestamp":1613434940,"path_taken":["M","?","M","?","?","R","E","R","T","M","M","E","?","?","R","BOSS","M","?","M","?","$","R","?","E","T","?","R","?","R","M","R","BOSS"],"items_purchased_type":["Relic","Relic"],"build_version":"2020-12-18","purchased_purges":1,"victory":false,"max_hp_per_floor":[75,75,75,75,75,75,75,75,75,75,75,75,75,75,75,75,82,84,84,84,84,84,84,84,84,84,84,84,86,86,88,88,88,88],"card_choices":[{"not_picked":["hermit:HighCaliber","hermit:Desperado"],"picked":"hermit:DeadMansHand","floor":1},{"not_picked":["hermit:Snipe","hermit:Glare"],"picked":"hermit:Quickdraw","floor":3},{"not_picked":["hermit:TrackingShot","hermit:Deadeye"],"picked":"hermit:FinalCanter","floor":7},{"not_picked":["hermit:LowProfile","hermit:Vantage"],"picked":"hermit:Showdown","floor":10},{"not_picked":["hermit:HoleUp","hermit:Vantage"],"picked":"hermit:BodyArmor","floor":11},{"not_picked":["hermit:Coalescence","hermit:NoHoldsBarred"],"picked":"hermit:Enervate","floor":12},{"not_picked":["hermit:Glare","hermit:Desperado"],"picked":"hermit:Brawl","floor":13},{"not_picked":["hermit:HeroicBravado","hermit:Adapt"],"picked":"hermit:Gambit","floor":16},{"not_picked":["hermit:CalledShot","hermit:Coalescence","hermit:Shortfuse"],"picked":"Singing Bowl","floor":18},{"not_picked":["hermit:Determination","hermit:BigShot+1"],"picked":"hermit:TakeAim+1","floor":20},{"not_picked":["hermit:ItchyTrigger","hermit:Ricochet"],"picked":"hermit:BlackWind","floor":25},{"not_picked":["hermit:Virtue+1","hermit:PistolWhip+1","hermit:GoldenBullet"],"picked":"Singing Bowl","floor":29},{"not_picked":["hermit:CalledShot+1","hermit:HoleUp","hermit:HighCaliber"],"picked":"Singing Bowl","floor":31}],"player_experience":745296,"relics_obtained":[{"floor":7,"key":"Girya"},{"floor":9,"key":"Eternal Feather"},{"floor":12,"key":"MealTicket"},{"floor":17,"key":"Strawberry"},{"floor":17,"key":"Singing Bowl"},{"floor":17,"key":"Peace Pipe"},{"floor":25,"key":"Ice Cream"},{"floor":26,"key":"hermit:CharredGlove"}],"event_choices":[{"damage_healed":0,"gold_gain":0,"player_choice":"Take Wound","damage_taken":0,"relics_obtained":["Golden Idol"],"max_hp_gain":0,"max_hp_loss":0,"event_name":"Golden Idol","floor":2,"gold_loss":0,"cards_obtained":["Injury"]},{"damage_healed":0,"gold_gain":0,"player_choice":"Entered Light","damage_taken":15,"max_hp_gain":0,"max_hp_loss":0,"event_name":"Shining Light","floor":4,"gold_loss":0,"cards_upgraded":["hermit:Defend_Hermit","hermit:Quickdraw"]},{"damage_healed":0,"gold_gain":0,"player_choice":"Success","damage_taken":18,"relics_obtained":["Smiling Mask"],"max_hp_gain":0,"max_hp_loss":0,"event_name":"Scrap Ooze","floor":14,"gold_loss":0},{"damage_healed":0,"gold_gain":99,"player_choice":"Stole From Cult","damage_taken":0,"max_hp_gain":0,"max_hp_loss":0,"event_name":"Nest","floor":24,"gold_loss":0},{"damage_healed":0,"gold_gain":0,"player_choice":"Traded Relic","damage_taken":0,"relics_obtained":["Nloth\u0027s Gift"],"max_hp_gain":0,"max_hp_loss":0,"event_name":"N\u0027loth","floor":27,"relics_lost":["downfall:ExtraCursedKey"],"gold_loss":0}],"is_beta":true,"boss_relics":[{"not_picked":["Empty Cage","Ectoplasm"],"picked":"Calling Bell"}],"items_purged_floors":[22],"is_endless":false,"potions_floor_spawned":[10,11,13,16,20,25],"killed_by":"Collector","ascension_level":1}}