{"host":"xc18ixkpjvqrt8st","time":1613493464,"event":{"mods":["Act Like it!","BaseMod","Better Match","Better Third Choice","Conspire","Hallownest","Hermit","Hubris","Jorbs\u0027s Wanderer Trilogy","Minty Spire (QoL Compilation)","Reliquary","Robot Space Explorer","Shade Mod","Shop Mod","Spicy Shops","Spire Arcade","StSLib","The Jungle","The Sage"],"gold_per_floor":[119,138,138,167,179,179,21,51,76,76,94,124,124,134,134,231,231,244,244,244,255,26,26,58,58,58,77,77,95,107,119,119,214,214,214,225,23,36,36,71,71,71,71,71,85,85,196,196,196],"floor_reached":48,"language":"ENG","playtime":2425,"items_purged":[],"score":569,"play_id":"62e7ef3c-006e-45a4-b7e0-2f738b44716d","local_time":"20210216103744","is_ascension_mode":false,"campfire_choices":[{"floor":6,"key":"REST"},{"floor":10,"key":"RECALL"},{"floor":13,"key":"REST"},{"data":"Shade:Putrefaction","floor":15,"key":"SMITH"},{"data":"Shade:LichForm","floor":23,"key":"SMITH"},{"floor":25,"key":"REST"},{"data":"Shade:Tombstone","floor":28,"key":"SMITH"},{"floor":32,"key":"REST"},{"floor":41,"key":"REST"},{"data":"Shade:SkeletonHug","floor":44,"key":"SMITH"},{"floor":46,"key":"REST"}],"circlet_count":0,"master_deck":["Shade:Strike_Shade","Shade:Strike_Shade","Shade:Strike_Shade","Shade:Strike_Shade","Shade:Defend_Shade","Shade:Defend_Shade","Shade:Defend_Shade","Shade:Defend_Shade","Shade:AnimateDead","Shade:CarefulCut","Shade:Putrefaction+1","Shade:Trample","Shade:GraveStillness","Shade:RavenousHorde","Shade:Bite_Shade","conspire:Banana","Shade:PoundOfFlesh","Shade:FleshToFlesh","Shade:BoneShards","Shade:FreshBones","Shade:FingerOfDeath","Shade:LichForm+1","Shade:CoffinDance","Shade:FuneraryArmor","Shade:OneIsEnough","Shade:Tombstone+1","Shade:AncientSpear","Shade:SoulToxin+1","Shade:TouchOfTheGrave","Shade:AncientSpear+1","Shade:ClawBack","Shade:FleshToFlesh","Shade:SkeletonArmy","Shade:UnbarTheGrave","Shade:Brains","Shade:SkeletonHug+1","Shade:WallOfFlesh","Writhe","Shade:DangerousRitual","Shade:ScuttlingHand","Parasite","Shade:Frenzy+1","Shade:FleshToFlesh+1","Shade:GoDigging+1"],"relics":["Shade:YorickSkull","Anchor","White Beast Statue","MealTicket","Velvet Choker","Dream Catcher","conspire:Boomerang","SacredBark","PreservedInsect","Vajra","hubris:Icosahedron","Gremlin Horn"],"acts_visited":["Exordium","TheCity","TheBeyond"],"potions_floor_usage":[4,12,20,24,30,30,33,33,35,38,40,48],"damage_taken":[{"damage":6,"enemies":"Jaw Worm","floor":1,"turns":4},{"damage":0,"enemies":"2 Louse","floor":2,"turns":4},{"damage":11,"enemies":"conspire:MimicChest","floor":4,"turns":5},{"damage":0,"enemies":"Cultist","floor":5,"turns":4},{"damage":4,"enemies":"Lagavulin","floor":8,"turns":7},{"damage":0,"enemies":"Red Slaver","floor":11,"turns":4},{"damage":27,"enemies":"Gremlin Nob","floor":12,"turns":5},{"damage":0,"enemies":"Looter","floor":14,"turns":3},{"damage":30,"enemies":"The Guardian","floor":16,"turns":10},{"damage":11,"enemies":"Spheric Guardian","floor":18,"turns":7},{"damage":0,"enemies":"Shell Parasite","floor":20,"turns":1},{"damage":20,"enemies":"Sentry and Sphere","floor":21,"turns":5},{"damage":14,"enemies":"Book of Stabbing","floor":24,"turns":5},{"damage":3,"enemies":"Centurion and Healer","floor":27,"turns":6},{"damage":10,"enemies":"Snecko","floor":29,"turns":6},{"damage":31,"enemies":"3 Cultists","floor":30,"turns":6},{"damage":14,"enemies":"Centurion and Healer","floor":31,"turns":5},{"damage":37,"enemies":"conspire:MysteriousRune","floor":33,"turns":7},{"damage":0,"enemies":"3 Darklings","floor":35,"turns":1},{"damage":8,"enemies":"Orb Walker","floor":36,"turns":3},{"damage":7,"enemies":"3 Darklings","floor":38,"turns":4},{"damage":24,"enemies":"Nemesis","floor":40,"turns":7},{"damage":42,"enemies":"Writhing Mass","floor":45,"turns":6},{"damage":11,"enemies":"Sphere and 2 Shapes","floor":47,"turns":5},{"damage":73,"enemies":"Maw","floor":48,"turns":9}],"seed_played":"-6995972456377230093","potions_obtained":[{"floor":1,"key":"BlessingOfTheForge"},{"floor":11,"key":"AttackPotion"},{"floor":12,"key":"LiquidMemories"},{"floor":14,"key":"SmokeBomb"},{"floor":16,"key":"SkillPotion"},{"floor":21,"key":"Block Potion"},{"floor":24,"key":"Dexterity Potion"},{"floor":30,"key":"BlessingOfTheForge"},{"floor":31,"key":"Explosive Potion"},{"floor":33,"key":"SmokeBomb"},{"floor":36,"key":"PowerPotion"},{"floor":38,"key":"ColorlessPotion"},{"floor":40,"key":"Block Potion"},{"floor":45,"key":"SkillPotion"},{"floor":47,"key":"conspire:TimeTravelPotion"}],"is_trial":false,"path_per_floor":["M","M","?","?","M","R","$","E","T","R","M","E","R","M","R","B",null,"M","?","M","M","$","R","E","R","T","M","R","M","M","M","R","B",null,"M","M","$","M","?","E","R","?","T","R","M","R","M","M"],"character_chosen":"SHADE","items_purchased":["conspire:Banana","Shade:PoundOfFlesh","Shade:OneIsEnough","Shade:Tombstone","PreservedInsect","Shade:SkeletonHug"],"campfire_rested":6,"item_purchase_floors":[7,7,22,22,37,37],"current_hp_per_floor":[59,59,59,48,48,65,65,64,64,64,67,45,65,68,68,43,70,62,62,62,45,60,60,49,70,70,70,70,63,37,26,49,23,79,79,74,80,73,80,57,81,81,81,81,42,66,57,0,0],"gold":196,"neow_bonus":"ONE_RANDOM_RARE_CARD","is_daily":false,"chose_seed":false,"campfire_upgraded":4,"win_rate":0.0,"timestamp":1613493464,"path_taken":["M","M","?","?","M","R","$","E","T","R","M","E","R","?","R","BOSS","M","?","M","M","$","R","E","R","T","?","R","M","M","M","R","BOSS","M","M","$","M","?","E","R","?","T","R","M","R","M","M"],"items_purchased_type":["Card","Card","Card","Card","Relic","Card"],"build_version":"2020-12-22","purchased_purges":0,"victory":false,"max_hp_per_floor":[65,65,65,65,65,65,65,66,66,66,67,68,68,69,69,70,70,71,71,71,72,72,72,73,73,73,74,74,75,76,77,77,79,79,79,80,80,80,80,81,81,81,81,81,82,82,82,83,83],"card_choices":[{"not_picked":["Shade:PoundOfFlesh","Shade:FleshLikeOak"],"picked":"Shade:Trample","floor":1},{"not_picked":["Shade:WallOfFlesh","Shade:Trample"],"picked":"Shade:GraveStillness","floor":2},{"not_picked":["Shade:FreshBones","Shade:Patience"],"picked":"Shade:RavenousHorde","floor":4},{"not_picked":["Shade:OfferingToTheBeyond","Shade:CoffinDance"],"picked":"Shade:Bite_Shade","floor":5},{"not_picked":["Shade:GraveStillness","Shade:MadHubris"],"picked":"Shade:FleshToFlesh","floor":8},{"not_picked":["Shade:GraveStillness","Shade:Premonition"],"picked":"Shade:BoneShards","floor":11},{"not_picked":["Shade:SpectralStrikes","Shade:RitualOffering"],"picked":"Shade:FreshBones","floor":12},{"not_picked":["Shade:CoffinDance","Shade:Trample"],"picked":"Shade:FingerOfDeath","floor":14},{"not_picked":["Shade:Tombstone","Shade:OneIsEnough"],"picked":"Shade:LichForm","floor":16},{"not_picked":["Shade:Premonition","Shade:ExtraLimbs"],"picked":"Shade:CoffinDance","floor":18},{"not_picked":["Shade:CoffinDance","Shade:Premonition"],"picked":"Shade:FuneraryArmor","floor":21},{"not_picked":["Shade:PressTheAttack+1","Shade:FleshToFlesh"],"picked":"Shade:AncientSpear","floor":24},{"not_picked":["Shade:Excise","Shade:SanguineRitual"],"picked":"Shade:SoulToxin+1","floor":25},{"not_picked":["Shade:FingerOfDeath","Shade:WallOfFlesh"],"picked":"Shade:TouchOfTheGrave","floor":27},{"not_picked":["Shade:DangerousRitual+1","Shade:FingerOfDeath+1"],"picked":"Shade:AncientSpear+1","floor":29},{"not_picked":["Shade:CoffinDance","Shade:Premonition+1"],"picked":"Shade:ClawBack","floor":30},{"not_picked":["Shade:TouchOfTheGrave","Shade:OminousRitual"],"picked":"Shade:FleshToFlesh","floor":31},{"not_picked":["Shade:FingerOfDeath","Shade:CommandSoldier"],"picked":"Shade:SkeletonArmy","floor":32},{"not_picked":["Shade:SoulPierce","Shade:Tombstone"],"picked":"Shade:UnbarTheGrave","floor":33},{"not_picked":["Shade:Bonestorm","Shade:AblativeArmor+1"],"picked":"Shade:Brains","floor":36},{"not_picked":["Shade:OpenGraves","Shade:FingerOfDeath+1"],"picked":"Shade:WallOfFlesh","floor":38},{"not_picked":["Shade:Trample","Shade:Premonition"],"picked":"Shade:DangerousRitual","floor":40},{"not_picked":["Shade:SkeletonArmy","Shade:AuraOfUnlife"],"picked":"Shade:ScuttlingHand","floor":41},{"not_picked":["Shade:PotionOfRestlessness","Shade:TouchOfTheGrave"],"picked":"Shade:Frenzy+1","floor":45},{"not_picked":["Shade:CallWraith","Shade:WallOfFlesh"],"picked":"Shade:FleshToFlesh+1","floor":46},{"not_picked":["Shade:SkeletonArmy+1","Shade:RitualOffering"],"picked":"Shade:GoDigging+1","floor":47}],"player_experience":522748,"relics_obtained":[{"floor":4,"key":"Anchor"},{"floor":8,"key":"White Beast Statue"},{"floor":12,"key":"MealTicket"},{"floor":24,"key":"Dream Catcher"},{"floor":26,"key":"conspire:Boomerang"},{"floor":40,"key":"Vajra"},{"floor":43,"key":"Gremlin Horn"}],"event_choices":[{"damage_healed":0,"gold_gain":0,"player_choice":"Leave","damage_taken":0,"max_hp_gain":0,"max_hp_loss":0,"event_name":"The Cleric","floor":3,"gold_loss":0},{"damage_healed":0,"gold_gain":0,"player_choice":"Ignored","damage_taken":0,"max_hp_gain":0,"max_hp_loss":0,"event_name":"Purifier","floor":19,"gold_loss":0},{"damage_healed":20,"gold_gain":0,"player_choice":"Writhe","damage_taken":0,"max_hp_gain":0,"max_hp_loss":0,"event_name":"Winding Halls","floor":39,"gold_loss":0,"cards_obtained":["Writhe"]}],"is_beta":false,"boss_relics":[{"not_picked":["conspire:SeveredTorchhead","Astrolabe"],"picked":"Velvet Choker"},{"not_picked":["conspire:RoyalGoblet","hubris:RunicObelisk"],"picked":"SacredBark"}],"items_purged_floors":[],"is_endless":false,"potions_floor_spawned":[1,11,12,14,16,18,20,21,24,27,29,30,31,33,35,36,38,40,45,47],"killed_by":"Maw","ascension_level":0}}