{"host":"ifvrsrzj00f2ebkn","time":1613487622,"event":{"mods":["BaseMod","Colored Map","Colored Powertips","Minty Spire (QoL Compilation)","Random Character Button","Shop Mod","StSLib"],"gold_per_floor":[118,136,61,61,77,103,103,117,117,146,8,26,41,41,41,136,136,154,166,166,177,102,102,102,102,102],"floor_reached":25,"language":"ENG","playtime":2247,"items_purged":["Strike_B","Strike_B"],"score":213,"play_id":"20f3e342-e16b-4c9c-8f20-7aeec7a4ddf0","local_time":"20210216230022","is_ascension_mode":false,"campfire_choices":[{"floor":7,"key":"REST"},{"floor":15,"key":"REST"},{"floor":23,"key":"REST"}],"circlet_count":0,"master_deck":["Defend_B","Defend_B","Defend_B","Defend_B","Zap","Dualcast","Defragment+1","Redo","White Noise","Conserve Battery","Leap","Storm","Sweeping Beam","Ball Lightning","Thunder Strike","Defragment","Steam"],"relics":["Cracked Core","Ice Cream","Unceasing Top","Incense Burner","Black Star","Enchiridion"],"acts_visited":["Exordium","TheCity"],"potions_floor_usage":[6,16,16,18],"damage_taken":[{"damage":0,"enemies":"Cultist","floor":1,"turns":3},{"damage":4,"enemies":"Small Slimes","floor":2,"turns":4},{"damage":1,"enemies":"2 Louse","floor":5,"turns":3},{"damage":29,"enemies":"3 Sentries","floor":6,"turns":8},{"damage":9,"enemies":"2 Fungi Beasts","floor":8,"turns":5},{"damage":10,"enemies":"Lagavulin","floor":10,"turns":6},{"damage":0,"enemies":"Looter","floor":12,"turns":5},{"damage":0,"enemies":"Exordium Wildlife","floor":13,"turns":3},{"damage":40,"enemies":"Hexaghost","floor":16,"turns":10},{"damage":14,"enemies":"Chosen","floor":18,"turns":6},{"damage":17,"enemies":"Spheric Guardian","floor":19,"turns":4},{"damage":17,"enemies":"Shelled Parasite and Fungi","floor":21,"turns":7},{"damage":36,"enemies":"Gremlin Leader","floor":25,"turns":4}],"seed_played":"5557652459233292654","potions_obtained":[{"floor":1,"key":"SpeedPotion"},{"floor":6,"key":"GamblersBrew"},{"floor":12,"key":"Fire Potion"},{"floor":16,"key":"LiquidBronze"},{"floor":21,"key":"Explosive Potion"}],"is_trial":false,"path_per_floor":["M","M","$","?","M","E","R","M","T","E","$","M","M","$","R","B",null,"M","M","?","M","?","R","$","E"],"character_chosen":"DEFECT","items_purchased":["Storm"],"campfire_rested":3,"item_purchase_floors":[11],"current_hp_per_floor":[75,71,71,71,70,41,63,54,54,44,44,44,44,44,66,26,75,61,44,28,11,11,33,33,0,0],"gold":102,"neow_bonus":"TRANSFORM_CARD","is_daily":false,"chose_seed":false,"campfire_upgraded":0,"win_rate":0.0,"timestamp":1613487622,"path_taken":["M","M","?","?","M","E","R","M","T","E","$","M","?","$","R","BOSS","M","M","?","M","?","R","$","E"],"items_purchased_type":["Card"],"build_version":"2020-12-22","purchased_purges":2,"victory":false,"max_hp_per_floor":[75,75,75,75,75,75,75,75,75,75,75,75,75,75,75,75,75,75,75,75,75,75,75,75,75,75],"card_choices":[{"not_picked":["Self Repair","Chill"],"picked":"Redo","floor":1},{"not_picked":["Hologram","Chaos"],"picked":"White Noise","floor":2},{"not_picked":["Barrage","Melter"],"picked":"Conserve Battery","floor":5},{"not_picked":["Go for the Eyes","Force Field"],"picked":"Leap","floor":6},{"not_picked":["Compile Driver","Stack","Beam Cell"],"picked":"SKIP","floor":8},{"not_picked":["Multi-Cast","Genetic Algorithm","Hello World"],"picked":"SKIP","floor":10},{"not_picked":["Beam Cell","Go for the Eyes"],"picked":"Sweeping Beam","floor":12},{"not_picked":["Coolheaded","Gash"],"picked":"Ball Lightning","floor":13},{"not_picked":["Seek","Reboot"],"picked":"Thunder Strike","floor":16},{"not_picked":["Blizzard","Lockon","Compile Driver+1"],"picked":"SKIP","floor":18},{"not_picked":["Redo","Consume"],"picked":"Defragment","floor":19},{"not_picked":["Streamline","Beam Cell"],"picked":"Steam","floor":21}],"player_experience":109109,"relics_obtained":[{"floor":6,"key":"Ice Cream"},{"floor":9,"key":"Unceasing Top"},{"floor":10,"key":"Incense Burner"},{"floor":20,"key":"Enchiridion"}],"event_choices":[{"damage_healed":0,"gold_gain":0,"player_choice":"Forge","damage_taken":0,"max_hp_gain":0,"max_hp_loss":0,"event_name":"Accursed Blacksmith","floor":4,"gold_loss":0,"cards_upgraded":["Defragment"]},{"damage_healed":0,"gold_gain":0,"player_choice":"Obtained Book","damage_taken":16,"max_hp_gain":0,"max_hp_loss":0,"event_name":"Cursed Tome","floor":20,"gold_loss":0},{"cards_removed":["Strike_B"],"damage_healed":0,"gold_gain":0,"player_choice":"Gave Gold","damage_taken":0,"max_hp_gain":0,"max_hp_loss":0,"event_name":"Beggar","floor":22,"gold_loss":75}],"is_beta":false,"boss_relics":[{"not_picked":["FrozenCore","Fusion Hammer"],"picked":"Black Star"}],"items_purged_floors":[3,11],"is_endless":false,"potions_floor_spawned":[1,6,12,16,21],"killed_by":"Gremlin Leader","ascension_level":0}}