{"host":"syfsfjmzue8y1a6l","time":1613473917,"event":{"mods":["AchievementEnabler","BaseMod","Colored Map","DeckTracker","Minty Spire (QoL Compilation)","Permanent Neow","SuperFastMode"],"gold_per_floor":[117,129,140,160,180,180,205,219,270,301,316,328,208,233,233,332,332,350,360,59,76,95,95,95,112,112,112,112,137,12,46,46,151,151,169,24,39,57,70,70,86,86,86,86,86,36,36,52,52,52,52],"floor_reached":50,"language":"KOR","playtime":2557,"items_purged":["Strike_R","Strike_R","Defend_R"],"score":558,"play_id":"aa8bb14f-3c68-496f-a352-9dcdec3f68aa","local_time":"20210216201157","is_ascension_mode":false,"campfire_choices":[{"data":"Bash","floor":6,"key":"SMITH"},{"data":"Seeing Red","floor":15,"key":"SMITH"},{"data":"Warcry","floor":23,"key":"SMITH"},{"data":"Flex","floor":27,"key":"SMITH"},{"data":"Spot Weakness","floor":32,"key":"SMITH"},{"floor":40,"key":"REST"},{"floor":42,"key":"RECALL"},{"floor":49,"key":"REST"}],"circlet_count":0,"master_deck":["Strike_R","Strike_R","Defend_R+1","Bash+1","Sword Boomerang","Twin Strike","Sword Boomerang","Limit Break","Heavy Blade","Double Tap+1","Warcry+1","Seeing Red+1","Limit Break+1","Clash+1","Flex+1","Dual Wield","Second Wind","Spot Weakness+1","Demon Form+1","Flex","Clash+1","Strike_R","Clash"],"relics":["Burning Blood","Potion Belt","Red Skull","PreservedInsect","Kunai","SlaversCollar","War Paint","Frozen Egg 2","Bag of Preparation","Pantograph","Empty Cage","Centennial Puzzle","Question Card"],"acts_visited":["Exordium","TheCity","TheBeyond"],"potions_floor_usage":[7,14,16,16,38,41,48,50],"damage_taken":[{"damage":17,"enemies":"Cultist","floor":1,"turns":6},{"damage":4,"enemies":"Jaw Worm","floor":2,"turns":5},{"damage":8,"enemies":"Small Slimes","floor":3,"turns":3},{"damage":10,"enemies":"Looter","floor":4,"turns":3},{"damage":8,"enemies":"Red Slaver","floor":5,"turns":4},{"damage":34,"enemies":"Lagavulin","floor":7,"turns":7},{"damage":5,"enemies":"3 Louse","floor":8,"turns":2},{"damage":0,"enemies":"Gremlin Nob","floor":10,"turns":2},{"damage":33,"enemies":"Gremlin Gang","floor":11,"turns":4},{"damage":0,"enemies":"Large Slime","floor":12,"turns":2},{"damage":0,"enemies":"Lagavulin","floor":14,"turns":2},{"damage":19,"enemies":"Hexaghost","floor":16,"turns":5},{"damage":45,"enemies":"Chosen","floor":18,"turns":7},{"damage":15,"enemies":"Shell Parasite","floor":19,"turns":3},{"damage":10,"enemies":"Sentry and Sphere","floor":21,"turns":3},{"damage":20,"enemies":"Cultist and Chosen","floor":22,"turns":7},{"damage":0,"enemies":"Snake Plant","floor":25,"turns":2},{"damage":25,"enemies":"Gremlin Leader","floor":29,"turns":3},{"damage":12,"enemies":"Book of Stabbing","floor":31,"turns":2},{"damage":6,"enemies":"Champ","floor":33,"turns":6},{"damage":15,"enemies":"Orb Walker","floor":35,"turns":2},{"damage":21,"enemies":"3 Shapes","floor":37,"turns":6},{"damage":26,"enemies":"Sphere and 2 Shapes","floor":38,"turns":3},{"damage":25,"enemies":"Maw","floor":39,"turns":3},{"damage":36,"enemies":"Jaw Worm Horde","floor":41,"turns":3},{"damage":12,"enemies":"Transient","floor":48,"turns":5},{"damage":70,"enemies":"Donu and Deca","floor":50,"turns":4}],"seed_played":"-1958702131267679872","potions_obtained":[{"floor":3,"key":"FearPotion"},{"floor":4,"key":"GamblersBrew"},{"floor":5,"key":"Ancient Potion"},{"floor":12,"key":"Energy Potion"},{"floor":14,"key":"ColorlessPotion"},{"floor":18,"key":"FairyPotion"},{"floor":19,"key":"Dexterity Potion"},{"floor":25,"key":"PowerPotion"},{"floor":29,"key":"Explosive Potion"},{"floor":35,"key":"PowerPotion"},{"floor":48,"key":"BlessingOfTheForge"}],"is_trial":false,"path_per_floor":["M","M","M","M","M","R","E","M","T","E","M","M","$","E","R","B",null,"M","M","$","M","M","R","$","M","T","R","?","E","$","E","R","B",null,"M","$","M","M","M","R","M","R","T","?","?","$","?","M","R","B"],"character_chosen":"IRONCLAD","items_purchased":["Warcry","Flex","War Paint","Centennial Puzzle","BloodPotion"],"campfire_rested":2,"item_purchase_floors":[13,20,20,36,46],"current_hp_per_floor":[69,71,69,65,63,63,35,36,36,42,15,21,21,27,27,14,80,41,32,32,28,14,14,14,20,20,20,20,27,27,21,21,46,80,71,71,56,36,17,41,11,11,11,11,11,11,11,20,42,0,0],"gold":52,"neow_bonus":"RANDOM_COMMON_RELIC","is_daily":false,"chose_seed":false,"campfire_upgraded":5,"win_rate":0.0,"timestamp":1613473917,"path_taken":["M","M","M","M","M","R","E","M","T","E","M","M","$","E","R","BOSS","M","M","?","M","M","R","$","M","T","R","?","E","$","E","R","BOSS","M","$","M","M","M","R","?","R","T","?","?","$","?","?","R","BOSS"],"items_purchased_type":["Card","Card","Relic","Relic","Potion"],"build_version":"2020-12-22","purchased_purges":3,"victory":false,"max_hp_per_floor":[80,80,80,80,80,80,80,80,80,80,80,80,80,80,80,80,80,80,80,80,80,80,80,80,80,80,80,80,80,80,80,80,80,80,80,80,80,80,80,80,80,80,80,80,76,76,76,76,76,76,76],"card_choices":[{"not_picked":["Body Slam","Armaments"],"picked":"Sword Boomerang","floor":1},{"not_picked":["Dual Wield","Clothesline"],"picked":"Twin Strike","floor":2},{"not_picked":["True Grit","Heavy Blade"],"picked":"Sword Boomerang","floor":3},{"not_picked":["Clash","True Grit"],"picked":"Limit Break","floor":4},{"not_picked":["Perfected Strike","Anger","Thunderclap"],"picked":"SKIP","floor":5},{"not_picked":["True Grit","Iron Wave","Thunderclap"],"picked":"SKIP","floor":7},{"not_picked":["Clothesline","Perfected Strike","Thunderclap"],"picked":"SKIP","floor":8},{"not_picked":["Brutality","Entrench"],"picked":"Heavy Blade","floor":10},{"not_picked":["Carnage","Body Slam","Cleave"],"picked":"SKIP","floor":11},{"not_picked":["Headbutt","Hemokinesis"],"picked":"Double Tap","floor":12},{"not_picked":["Corruption","Body Slam"],"picked":"Seeing Red","floor":14},{"not_picked":["Bludgeon","Reaper"],"picked":"Limit Break","floor":16},{"not_picked":["Intimidate","Blood for Blood+1"],"picked":"Clash+1","floor":18},{"not_picked":["Sword Boomerang","Combust","True Grit"],"picked":"SKIP","floor":19},{"not_picked":["Reckless Charge","Sword Boomerang"],"picked":"Dual Wield","floor":21},{"not_picked":["Fire Breathing","Metallicize"],"picked":"Second Wind","floor":22},{"not_picked":["Ghostly Armor+1","Cleave","Shrug It Off"],"picked":"SKIP","floor":25},{"not_picked":["Flame Barrier","Fire Breathing+1","True Grit"],"picked":"SKIP","floor":29},{"not_picked":["Fire Breathing+1","Hemokinesis+1"],"picked":"Spot Weakness","floor":31},{"not_picked":["Fiend Fire","Barricade+1"],"picked":"Demon Form+1","floor":33},{"not_picked":["Metallicize+1","Headbutt+1"],"picked":"Flex","floor":35},{"not_picked":["Hemokinesis","Combust+1"],"picked":"Clash+1","floor":37},{"not_picked":["Flex+1","Blood for Blood+1","Clothesline+1"],"picked":"SKIP","floor":38},{"not_picked":["Thunderclap+1","Cleave+1","Shrug It Off"],"picked":"SKIP","floor":39},{"not_picked":["Dark Embrace+1","Metallicize+1","Flex+1"],"picked":"SKIP","floor":41},{"not_picked":["Pommel Strike","Warcry","Anger+1"],"picked":"Clash","floor":48}],"player_experience":92128,"relics_obtained":[{"floor":7,"key":"Red Skull"},{"floor":10,"key":"PreservedInsect"},{"floor":14,"key":"Kunai"},{"floor":26,"key":"Frozen Egg 2"},{"floor":29,"key":"Bag of Preparation"},{"floor":31,"key":"Pantograph"},{"floor":43,"key":"Question Card"}],"event_choices":[{"damage_healed":0,"gold_gain":0,"player_choice":"Upgraded","damage_taken":0,"max_hp_gain":0,"max_hp_loss":0,"event_name":"Upgrade Shrine","floor":28,"gold_loss":0,"cards_upgraded":["Limit Break"]},{"damage_healed":0,"gold_gain":0,"player_choice":"Ignored","damage_taken":0,"max_hp_gain":0,"max_hp_loss":0,"event_name":"Mysterious Sphere","floor":44,"gold_loss":0},{"damage_healed":0,"gold_gain":0,"player_choice":"Max HP","damage_taken":0,"max_hp_gain":0,"max_hp_loss":4,"event_name":"Winding Halls","floor":45,"gold_loss":0},{"cards_removed":["Defend_R"],"damage_healed":0,"gold_gain":0,"player_choice":"Took Card","damage_taken":0,"max_hp_gain":0,"max_hp_loss":0,"event_name":"NoteForYourself","floor":47,"gold_loss":0,"cards_obtained":["Strike_R"]}],"is_beta":false,"boss_relics":[{"not_picked":["Fusion Hammer","Runic Dome"],"picked":"SlaversCollar"},{"not_picked":["Coffee Dripper","SacredBark"],"picked":"Empty Cage"}],"items_purged_floors":[13,20,30],"is_endless":false,"potions_floor_spawned":[3,4,5,12,14,18,19,25,29,35,48],"killed_by":"Donu and Deca","ascension_level":0}}