{"host":"1ooxfz79hmpvpehx","time":1613437469,"event":{"mods":["BaseMod","Better Altar","Better Match","Better Note","Better Sensory Stone","Better Skull","Better Third Choice","Infinite Spire","Marked Mod","Minty Spire (QoL Compilation)","Quick Restart","RNG Fix","Replay The Spire","StSLib","SuperFastMode"],"gold_per_floor":[368,388,313,313,313,345,345,359,435,454,454,489,489,141,141,141,141],"floor_reached":16,"language":"ENG","playtime":324,"items_purged":["Defend_B","Strike_B"],"score":133,"play_id":"b8dcf2ad-48c8-4b6a-aca5-ebdc6a08e31b","local_time":"20210215220429","is_ascension_mode":false,"campfire_choices":[{"data":"Defragment","floor":7.0,"key":"SMITH"},{"data":"Storm","floor":15,"key":"SMITH"}],"circlet_count":0,"master_deck":["Strike_B","Strike_B","Strike_B","Defend_B","Defend_B","Zap","Dualcast","ReplayTheSpireMod:System Scan+1","Defragment+1","Doom and Gloom+1","Recycle","Storm+1"],"relics":["Cracked Core","Sundial","Solar Panel","Replay:Bottled Eggs","Golden Idol","infinitespire:PuzzleCube","infinitespire:BottledMercury"],"acts_visited":["Exordium"],"potions_floor_usage":[12,16,16,16],"damage_taken":[{"damage":1.0,"enemies":"Jaw Worm","floor":1.0,"turns":3.0},{"damage":0.0,"enemies":"Cultist","floor":2.0,"turns":3.0},{"damage":43.0,"enemies":"Lagavulin","floor":6.0,"turns":7.0},{"damage":0.0,"enemies":"2 Louse","floor":8.0,"turns":2.0},{"damage":7.0,"enemies":"Blue Slaver","floor":10.0,"turns":2.0},{"damage":5,"enemies":"Gremlin Nob","floor":12,"turns":4},{"damage":5,"enemies":"The Guardian","floor":16,"turns":4}],"seed_played":"3598517929088096928","potions_obtained":[{"floor":6.0,"key":"DuplicationPotion"},{"floor":8.0,"key":"EntropicBrew"},{"floor":10.0,"key":"Doom Potion"},{"floor":12,"key":"Fire Potion"}],"is_trial":false,"path_per_floor":["M","M","$","?","?","E","R","M","T","M","?","E","?","$","R","B"],"character_chosen":"DEFECT","items_purchased":["infinitespire:BottledMercury"],"campfire_rested":0,"item_purchase_floors":[14],"current_hp_per_floor":[53,53,53,53,53,10,10,12,12,7,7,4,4,4,4,0,0],"gold":141,"neow_bonus":"TWO_FIFTY_GOLD","is_daily":false,"chose_seed":false,"campfire_upgraded":2,"win_rate":0.0,"timestamp":1613437469,"path_taken":["M","M","$","?","?","E","R","M","T","M","?","E","?","$","R","BOSS"],"items_purchased_type":["Relic"],"build_version":"2020-12-22","purchased_purges":2,"victory":false,"max_hp_per_floor":[75,75,75,75,75,75,75,75,75,75,69,69,69,69,69,69,69],"card_choices":[{"not_picked":["Streamline","Panic Button","Stack"],"picked":"SKIP","floor":1.0},{"not_picked":["Go for the Eyes","FTL","Panic Button"],"picked":"SKIP","floor":2.0},{"not_picked":["Streamline","Amplify"],"picked":"Defragment","floor":6.0},{"not_picked":["Crystallizer","Steam Power"],"picked":"Doom and Gloom","floor":8.0},{"not_picked":["Fusion","Beam Cell"],"picked":"Recycle","floor":10.0},{"not_picked":["BasicCrystalCard","Go for the Eyes"],"picked":"Storm","floor":12}],"player_experience":39873,"relics_obtained":[{"floor":6.0,"key":"Solar Panel"},{"floor":9.0,"key":"Replay:Bottled Eggs"},{"floor":12,"key":"infinitespire:PuzzleCube"}],"event_choices":[{"damage_healed":0.0,"max_hp_gain":0.0,"max_hp_loss":0.0,"gold_gain":0.0,"event_name":"Big Fish","player_choice":"Box","floor":5.0,"gold_loss":0.0,"damage_taken":0.0,"relics_obtained":["Sundial"],"cards_obtained":["Regret"]},{"damage_healed":0.0,"max_hp_gain":0.0,"max_hp_loss":6.0,"gold_gain":0.0,"event_name":"Golden Idol","player_choice":"Lose Max HP","floor":11.0,"gold_loss":0.0,"damage_taken":0.0,"relics_obtained":["Golden Idol"]},{"cards_removed":["Regret"],"damage_healed":0,"gold_gain":0,"player_choice":"Card Removal","damage_taken":0,"max_hp_gain":0,"max_hp_loss":0,"event_name":"Wheel of Change","floor":13,"gold_loss":0}],"is_beta":false,"boss_relics":[],"items_purged_floors":[3,14],"is_endless":false,"potions_floor_spawned":[6,8,10,12],"killed_by":"The Guardian","ascension_level":0}}