{"host":"p7cjtxxrilhp4dw7","time":1613517304,"event":{"mods":["BaseMod","Block Reminder","Colored Map","Curses Come First","Downfall","Highlight Path","Minty Spire (QoL Compilation)","StSLib"],"gold_per_floor":[99,115,132,132,232,232,232,282,113,140,158,158,208,233,243,343,343,343,393,408,425,267,347,374,391,468,518,518,545,545,562,578,676,676,676,696,746,796,587,599,626,701,701,751,801,759,787,801,821,821],"floor_reached":51,"language":"ENG","playtime":4863,"items_purged":["Guardian:Strike_Guardian"],"score":751,"play_id":"12f359fc-b5e7-49c9-b4ac-6ee4059e7381","local_time":"20210216161504","is_ascension_mode":false,"campfire_choices":[{"data":"Guardian:TwinSlam","floor":1,"key":"SMITH"},{"data":"Guardian:HyperBeam_Guardian","floor":12,"key":"SMITH"},{"data":"Guardian:BaubleBeam","floor":18,"key":"SMITH"},{"data":"Guardian:RollAttack","floor":28,"key":"SMITH"},{"floor":30,"key":"REST"},{"data":"Guardian:CurlUp","floor":35,"key":"SMITH"},{"floor":43,"key":"REST"}],"circlet_count":0,"master_deck":["Guardian:Strike_Guardian","Guardian:Strike_Guardian","Guardian:Strike_Guardian","Guardian:Defend_Guardian+1","Guardian:Defend_Guardian+1","Guardian:CurlUp+1","Guardian:TwinSlam+1","Guardian:RollAttack+1","Guardian:DonusPower+1","Guardian:HyperBeam_Guardian+1","Guardian:DecasProtection+1","Guardian:Gem_Red","Guardian:Gem_White","Guardian:Recover+1","Guardian:BaubleBeam+1","Guardian:ArmoredProtocol","Guardian:ShieldCharger+1","Guardian:ShieldSpikes+1","Guardian:SphericShield+1","Guardian:DecasProtection+1","Guardian:Gem_Crimson","expansioncontent:PrepareCrush+1","expansioncontent:YouAreMine+1","expansioncontent:StudyTheSpire+1","Guardian:FloatingOrbs+1","Guardian:RollAttack+1","Guardian:PrimingBeam+1","Guardian:DonusPower+1"],"relics":["Guardian:ModeShifter","SsserpentHead","Toxic Egg 2","Tiny Chest","Guardian:SackOfGems","Sozu","Guardian:BottledStasis","Red Mask","Juzu Bracelet","Blood Vial","Strawberry","Orichalcum","War Paint","Happy Flower","Ornamental Fan","Bronze Scales"],"acts_visited":["Exordium","TheCity","TheBeyond"],"potions_floor_usage":[14,16,29,29,33],"damage_taken":[{"damage":0,"enemies":"2 Louse","floor":2,"turns":4},{"damage":0,"enemies":"Small Slimes","floor":3,"turns":3},{"damage":0,"enemies":"Cultist","floor":8,"turns":1},{"damage":0,"enemies":"downfall:FleeingMerchant","floor":9,"turns":4},{"damage":8,"enemies":"Gremlin Nob","floor":10,"turns":4},{"damage":0,"enemies":"3 Louse","floor":11,"turns":2},{"damage":0,"enemies":"3 Sentries","floor":14,"turns":2},{"damage":5,"enemies":"Red Slaver","floor":15,"turns":4},{"damage":2,"enemies":"WA_ARCHETYPE_RETAIN","floor":16,"turns":8},{"damage":3,"enemies":"Shell Parasite","floor":20,"turns":6},{"damage":5,"enemies":"Chosen","floor":21,"turns":3},{"damage":0,"enemies":"downfall:FleeingMerchant","floor":22,"turns":4},{"damage":8,"enemies":"Masked Bandits","floor":23,"turns":5},{"damage":5,"enemies":"Snake Plant","floor":25,"turns":6},{"damage":19,"enemies":"Gremlin Leader","floor":29,"turns":6},{"damage":0,"enemies":"Centurion and Healer","floor":31,"turns":5},{"damage":11,"enemies":"Snecko","floor":32,"turns":5},{"damage":70,"enemies":"SI_MIRROR_ARCHETYPE","floor":33,"turns":19},{"damage":0,"enemies":"3 Shapes","floor":36,"turns":3},{"damage":0,"enemies":"downfall:FleeingMerchant","floor":39,"turns":4},{"damage":22,"enemies":"3 Darklings","floor":40,"turns":2},{"damage":0,"enemies":"downfall:FleeingMerchant","floor":46,"turns":4},{"damage":23,"enemies":"Giant Head","floor":47,"turns":7},{"damage":7,"enemies":"Transient","floor":48,"turns":5},{"damage":0,"enemies":"Spire Growth","floor":49,"turns":4},{"damage":29,"enemies":"IC_BLOCK_ARCHETYPE","floor":50,"turns":12}],"seed_played":"-5744115393886157667","potions_obtained":[{"floor":3,"key":"Guardian:BlockOnCardUsePotion"},{"floor":10,"key":"ColorlessPotion"},{"floor":11,"key":"Ancient Potion"},{"floor":13,"key":"Fire Potion"},{"floor":14,"key":"Guardian:BlockOnCardUsePotion"},{"floor":16,"key":"SteroidPotion"}],"is_trial":false,"path_per_floor":["R","M","M","?","?","?","T","M","$","E","M","R","?","E","M","B",null,"R","?","M","M","$","?","T","M","T","?","R","E","R","M","M","B",null,"R","M","?","?","$","M","T","T","R","?","?","$","E","M","M","B",null],"character_chosen":"GUARDIAN","items_purchased":["Guardian:DecasProtection+1","Guardian:BottledStasis","expansioncontent:StudyTheSpire+1","Happy Flower","Ornamental Fan"],"campfire_rested":2,"item_purchase_floors":[9,22,39,46,46],"current_hp_per_floor":[88,88,88,88,88,88,88,88,88,80,80,80,80,80,75,73,88,88,88,85,80,80,72,72,67,67,67,67,57,85,87,78,10,95,95,95,95,90,92,72,72,72,95,95,95,95,72,67,69,52],"gold":821,"neow_bonus":"TEN_PERCENT_HP_BONUS","is_daily":false,"chose_seed":false,"campfire_upgraded":5,"win_rate":0.0,"timestamp":1613517304,"path_taken":["R","M","M","?","?","?","T","?","$","E","M","R","?","E","M","BOSS","R","?","M","M","$","?","T","M","?","?","R","E","R","M","M","BOSS","R","M","?","?","$","M","T","?","R","?","?","$","E","M","M","BOSS"],"items_purchased_type":["Card","Relic","Card","Relic","Relic"],"build_version":"2020-12-22","purchased_purges":1,"victory":true,"max_hp_per_floor":[88,88,88,88,88,88,88,88,88,88,88,88,88,88,88,88,88,88,88,88,88,88,88,88,88,88,88,88,95,95,95,95,95,95,95,95,95,95,95,95,95,95,95,95,95,95,95,95,95,95],"card_choices":[{"not_picked":["Guardian:PrimingBeam","Guardian:Gem_Green"],"picked":"Guardian:RollAttack","floor":2},{"not_picked":["Guardian:WalkerClaw","Guardian:Planning"],"picked":"Guardian:Gem_Fragmented","floor":3},{"not_picked":["Guardian:Gem_Purple","Guardian:Incinerate"],"picked":"Guardian:DonusPower+1","floor":8},{"not_picked":["Guardian:ShieldCharger+1","Guardian:RollAttack"],"picked":"Guardian:HyperBeam_Guardian","floor":9},{"not_picked":["Guardian:Reroute","Guardian:RollAttack","Guardian:Planning+1"],"picked":"SKIP","floor":10},{"not_picked":["Guardian:Gem_Blue","Guardian:TimeCapacitor"],"picked":"Guardian:Gem_Red","floor":11},{"not_picked":["Guardian:CrystalBeam","Guardian:Planning+1"],"picked":"Guardian:Recover+1","floor":14},{"not_picked":["Guardian:PolyBeam","Guardian:Gem_Purple","Guardian:Repulse"],"picked":"SKIP","floor":15},{"not_picked":["Guardian:RevengeProtocol","Guardian:ExploitGems+1"],"picked":"Guardian:BaubleBeam","floor":16},{"not_picked":["Guardian:Gem_Blue","Guardian:Incinerate"],"picked":"Guardian:ArmoredProtocol","floor":20},{"not_picked":["Guardian:Incinerate","Guardian:RollAttack","Guardian:TemporalShield+1"],"picked":"SKIP","floor":21},{"not_picked":["Guardian:TimeCapacitor","Guardian:Gem_Purple"],"picked":"Guardian:ShieldCharger+1","floor":22},{"not_picked":["Guardian:Gem_Red","Guardian:RollAttack"],"picked":"Guardian:ShieldSpikes+1","floor":23},{"not_picked":["Guardian:TemporalStrike","Guardian:TimeCapacitor+1","Guardian:Gem_Yellow"],"picked":"SKIP","floor":25},{"not_picked":["Guardian:Clone+1","Guardian:Gem_Fragmented","Guardian:Gem_Red"],"picked":"SKIP","floor":29},{"not_picked":["Guardian:Gem_Fragmented","Guardian:DecasProtection+1"],"picked":"Guardian:PolyBeam+1","floor":31},{"not_picked":["Guardian:RefractedBeam","Guardian:Repulse","Guardian:Incinerate"],"picked":"SKIP","floor":32},{"not_picked":["Guardian:BaubleBeam","Guardian:HyperBeam_Guardian"],"picked":"Guardian:SphericShield+1","floor":33},{"not_picked":["Guardian:RollAttack","Guardian:Planning+1"],"picked":"Guardian:DecasProtection+1","floor":36},{"not_picked":["expansioncontent:InvincibleStrength","expansioncontent:PolyBeam"],"picked":"expansioncontent:PrepareCrush","floor":38},{"not_picked":["expansioncontent:Chronoboost","expansioncontent:PrepareCrush"],"picked":"expansioncontent:YouAreMine","floor":38},{"not_picked":["Guardian:Suspension+1","Guardian:Incinerate+1","Guardian:Gem_White"],"picked":"SKIP","floor":39},{"not_picked":["Guardian:TimeCapacitor+1","Guardian:RollAttack"],"picked":"Guardian:FloatingOrbs+1","floor":40},{"not_picked":["Guardian:Emergency+1","Guardian:Gem_Red"],"picked":"Guardian:RollAttack+1","floor":46},{"not_picked":["Guardian:WalkerClaw+1","Guardian:RollAttack+1"],"picked":"Guardian:PrimingBeam+1","floor":47},{"not_picked":["Guardian:Gem_Red","Guardian:RefractedBeam+1","Guardian:VentSteam+1"],"picked":"SKIP","floor":48},{"not_picked":["Guardian:Planning+1","Guardian:Suspension+1"],"picked":"Guardian:DonusPower+1","floor":49}],"player_experience":778651,"relics_obtained":[{"floor":7,"key":"Toxic Egg 2"},{"floor":10,"key":"Tiny Chest"},{"floor":14,"key":"Guardian:SackOfGems"},{"floor":23,"key":"Red Mask"},{"floor":24,"key":"Juzu Bracelet"},{"floor":26,"key":"Blood Vial"},{"floor":29,"key":"Strawberry"},{"floor":41,"key":"Orichalcum"},{"floor":42,"key":"War Paint"},{"floor":47,"key":"Bronze Scales"}],"event_choices":[{"damage_healed":0,"gold_gain":0,"player_choice":"Trade","damage_taken":0,"relics_obtained":["SsserpentHead"],"max_hp_gain":0,"max_hp_loss":0,"event_name":"FaceTrader","floor":6,"gold_loss":0},{"damage_healed":0,"gold_gain":0,"player_choice":"Got Potions","damage_taken":0,"max_hp_gain":0,"max_hp_loss":0,"event_name":"Lab","floor":13,"gold_loss":0},{"damage_healed":0,"gold_gain":0,"player_choice":"Ignored","damage_taken":0,"max_hp_gain":0,"max_hp_loss":0,"event_name":"Vampires","floor":19,"gold_loss":0},{"damage_healed":0,"gold_gain":0,"player_choice":"Fought Bandits","damage_taken":0,"max_hp_gain":0,"max_hp_loss":0,"event_name":"Masked Bandits","floor":23,"gold_loss":0},{"cards_removed":["Guardian:PolyBeam"],"damage_healed":0,"gold_gain":0,"player_choice":"Removed Attack","damage_taken":0,"max_hp_gain":0,"max_hp_loss":0,"event_name":"Falling","floor":44,"gold_loss":0}],"is_beta":false,"boss_relics":[{"not_picked":["Runic Pyramid","SacredBark"],"picked":"Sozu"},{"not_picked":["Velvet Choker","Fusion Hammer","Pandora\u0027s Box"]}],"items_purged_floors":[9],"is_endless":false,"potions_floor_spawned":[3,10,11,14,16,21,31,32,33,47,48,49],"ascension_level":0}}