{"host":"7sni158j623xchr2","time":1613436052,"event":{"mods":["BaseMod","Colored Map","Highlight Path","Minty Spire (QoL Compilation)","Permanent Neow","Potion Indicator Mod","Rare Cards Sparkle","Relic Sorter","Relic Stats","StSLib","everything is the same but u backflip on backflip"],"gold_per_floor":[115,65,76,76,101,101,101,101,101,142,66,66,166,186,186,310,310,335,515,97,112,132,132,132],"floor_reached":23,"language":"ENG","playtime":770,"items_purged":["Strike_B"],"score":217,"play_id":"e3b0560e-2b32-4da5-92a8-fe692d7b34c5","local_time":"20210215184052","is_ascension_mode":true,"campfire_choices":[{"data":"Cold Snap","floor":6,"key":"SMITH"},{"data":"Coolheaded","floor":8,"key":"SMITH"},{"data":"Strike_B","floor":12,"key":"SMITH"},{"data":"Strike_B","floor":15,"key":"SMITH"}],"circlet_count":0,"master_deck":["Strike_B+1","Strike_B+1","Strike_B","Defend_B","Defend_B","Defend_B","Zap","Dualcast","Coolheaded+1","Cold Snap+1","Loop+1","Force Field","Biased Cognition","Sunder","Sweeping Beam"],"relics":["Snecko Eye","Golden Idol","InkBottle","Omamori","Nuclear Battery","Bag of Marbles"],"acts_visited":["Exordium","TheCity"],"potions_floor_usage":[23,23],"damage_taken":[{"damage":8,"enemies":"2 Louse","floor":1,"turns":3},{"damage":0,"enemies":"Jaw Worm","floor":3,"turns":5},{"damage":12,"enemies":"Small Slimes","floor":5,"turns":4},{"damage":4,"enemies":"Lagavulin","floor":10,"turns":6},{"damage":2,"enemies":"Red Slaver","floor":14,"turns":3},{"damage":7,"enemies":"The Guardian","floor":16,"turns":15},{"damage":6,"enemies":"Shell Parasite","floor":18,"turns":8},{"damage":1,"enemies":"2 Thieves","floor":21,"turns":3},{"damage":0,"enemies":"Snake Plant","floor":22,"turns":3},{"damage":67,"enemies":"Gremlin Leader","floor":23,"turns":7}],"seed_played":"-2185023235750145908","potions_obtained":[{"floor":3,"key":"SpeedPotion"},{"floor":5,"key":"Explosive Potion"},{"floor":10,"key":"Regen Potion"}],"is_trial":false,"path_per_floor":["M","?","M","?","M","R","?","R","T","E","$","R","?","M","R","B",null,"M","?","$","M","M","E"],"character_chosen":"DEFECT","items_purchased":["DuplicationPotion","Bag of Marbles","Sweeping Beam","Fire Potion","FairyPotion"],"campfire_rested":0,"item_purchase_floors":[11,20,20,20,20],"current_hp_per_floor":[67,67,67,67,55,55,55,55,55,51,51,51,51,49,49,42,69,63,44,44,43,43,0,0],"gold":132,"neow_bonus":"BOSS_RELIC","is_daily":false,"chose_seed":false,"campfire_upgraded":4,"win_rate":0.0,"timestamp":1613436052,"path_taken":["M","?","M","?","M","R","?","R","T","E","$","R","?","M","R","BOSS","M","?","$","M","?","E"],"items_purchased_type":["Potion","Relic","Card","Potion","Potion"],"build_version":"2020-12-22","purchased_purges":1,"victory":false,"max_hp_per_floor":[75,75,75,69,69,69,69,69,69,69,69,69,69,69,69,69,69,69,69,69,69,69,69,69],"relic_stats":{"counters":[10,56],"Golden Idol":54,"Snecko Eye":[113,111,121,113],"obtain_stats":[{"Golden Idol":4,"Snecko Eye":0,"Omamori":10,"Bag of Marbles":20,"Cracked Core":0,"InkBottle":9,"Nuclear Battery":17},{"Golden Idol":2,"Snecko Eye":0,"Omamori":4,"Bag of Marbles":7,"Cracked Core":0,"InkBottle":3,"Nuclear Battery":6},{"Golden Idol":8,"Snecko Eye":0,"Omamori":18,"Bag of Marbles":43,"Cracked Core":0,"InkBottle":12,"Nuclear Battery":35}],"InkBottle":[17]},"card_choices":[{"not_picked":["Rebound","Steam"],"picked":"Coolheaded","floor":1},{"not_picked":["Self Repair","Leap"],"picked":"Cold Snap","floor":3},{"not_picked":["Redo","Storm"],"picked":"Loop","floor":5},{"not_picked":["Cold Snap","Static Discharge","Gash"],"picked":"SKIP","floor":10},{"not_picked":["Redo","Recycle"],"picked":"Force Field","floor":14},{"not_picked":["Hyperbeam","Buffer"],"picked":"Biased Cognition","floor":16},{"not_picked":["Undo+1","Rip and Tear+1"],"picked":"Sunder","floor":18},{"not_picked":["Redo","Turbo+1","Stack"],"picked":"SKIP","floor":21},{"not_picked":["Gash","Beam Cell","Conserve Battery"],"picked":"SKIP","floor":22}],"player_experience":1812392,"relics_obtained":[{"floor":9,"key":"InkBottle"},{"floor":10,"key":"Omamori"}],"event_choices":[{"cards_removed":["Defend_B"],"damage_healed":0,"gold_gain":0,"player_choice":"Card Removal","damage_taken":0,"max_hp_gain":0,"max_hp_loss":0,"event_name":"The Cleric","floor":2,"gold_loss":50},{"damage_healed":0,"gold_gain":0,"player_choice":"Lose Max HP","damage_taken":0,"relics_obtained":["Golden Idol"],"max_hp_gain":0,"max_hp_loss":6,"event_name":"Golden Idol","floor":4,"gold_loss":0},{"damage_healed":0,"gold_gain":0,"player_choice":"Grow","damage_taken":0,"max_hp_gain":0,"max_hp_loss":0,"event_name":"Living Wall","floor":7,"gold_loss":0,"cards_upgraded":["Loop"]},{"damage_healed":0,"gold_gain":100,"player_choice":"Pray","damage_taken":0,"max_hp_gain":0,"max_hp_loss":0,"event_name":"Golden Shrine","floor":13,"gold_loss":0},{"damage_healed":0,"gold_gain":180,"player_choice":"GOLD GOLD ","damage_taken":19,"max_hp_gain":0,"max_hp_loss":0,"event_name":"Knowing Skull","floor":19,"potions_obtained":[],"gold_loss":0,"cards_obtained":[]}],"is_beta":false,"boss_relics":[{"not_picked":["Runic Dome","SacredBark"],"picked":"Nuclear Battery"}],"items_purged_floors":[20],"is_endless":false,"potions_floor_spawned":[3,5,10,16,21],"killed_by":"Gremlin Leader","ascension_level":3}}