{"host":"8anmd7ibyxevnonj","time":1613486082,"event":{"mods":["BaseMod","Curses Come First","Minty Spire (QoL Compilation)","Reliquary","StSLib"],"gold_per_floor":[13,13,26,43,57,83,95,108,108,108,124,74,109,109,109,205,205,220,232,232,232,242,242,271,271,294,51,66,99,119,146,146,146,146],"floor_reached":33,"language":"ENG","playtime":1990,"items_purged":[],"score":319,"play_id":"1a8c04b8-6a01-4db1-bd89-bc88cee8dc96","local_time":"20210216153442","is_ascension_mode":false,"campfire_choices":[{"data":"1","floor":10,"key":"LIFT"},{"data":"2","floor":15,"key":"LIFT"},{"data":"Flame Barrier","floor":23,"key":"SMITH"},{"data":"3","floor":25,"key":"LIFT"},{"data":"Barricade","floor":32,"key":"SMITH"}],"circlet_count":0,"master_deck":["Strike_R","Strike_R","Strike_R","Defend_R","Defend_R","Defend_R","Defend_R","Bash","Flame Barrier+1","Bludgeon","Pommel Strike","Intimidate","Cleave","Shrug It Off","Barricade+1","Headbutt","Fiend Fire","Disarm+1","Iron Wave","Dark Embrace","Thunderclap+1","Sever Soul","Sword Boomerang+1","Dropkick"],"relics":["Black Blood","Girya","reliquary:Boomerang","Meat on the Bone","Charon\u0027s Ashes","reliquary:PrincelyHelmet","reliquary:FerryPass","Eternal Feather","reliquary:FeatherDuster","Happy Flower"],"acts_visited":["Exordium","TheCity"],"potions_floor_usage":[5,13,24,31,31],"damage_taken":[{"damage":8,"enemies":"Jaw Worm","floor":1,"turns":5},{"damage":9,"enemies":"Cultist","floor":3,"turns":4},{"damage":0,"enemies":"Small Slimes","floor":4,"turns":4},{"damage":0,"enemies":"Blue Slaver","floor":5,"turns":1},{"damage":27,"enemies":"3 Sentries","floor":6,"turns":11},{"damage":0,"enemies":"Looter","floor":7,"turns":3},{"damage":6,"enemies":"Lots of Slimes","floor":8,"turns":4},{"damage":12,"enemies":"3 Louse","floor":11,"turns":2},{"damage":6,"enemies":"Gremlin Nob","floor":13,"turns":3},{"damage":39,"enemies":"Slime Boss","floor":16,"turns":12},{"damage":0,"enemies":"Chosen","floor":18,"turns":4},{"damage":20,"enemies":"3 Byrds","floor":19,"turns":7},{"damage":19,"enemies":"Centurion and Healer","floor":22,"turns":7},{"damage":33,"enemies":"Book of Stabbing","floor":24,"turns":6},{"damage":30,"enemies":"Shelled Parasite and Fungi","floor":28,"turns":8},{"damage":34,"enemies":"Gremlin Leader","floor":29,"turns":10},{"damage":9,"enemies":"3 Cultists","floor":30,"turns":6},{"damage":15,"enemies":"Slavers","floor":31,"turns":5},{"damage":78,"enemies":"Collector","floor":33,"turns":8}],"seed_played":"1160530553621528820","potions_obtained":[{"floor":1,"key":"LiquidMemories"},{"floor":2,"key":"DuplicationPotion"},{"floor":2,"key":"PowerPotion"},{"floor":5,"key":"GamblersBrew"},{"floor":7,"key":"Weak Potion"},{"floor":11,"key":"AttackPotion"},{"floor":13,"key":"Weak Potion"},{"floor":18,"key":"EssenceOfSteel"},{"floor":30,"key":"LiquidMemories"},{"floor":31,"key":"Explosive Potion"}],"is_trial":false,"path_per_floor":["M","?","M","M","M","E","M","M","T","R","M","?","E","?","R","B",null,"M","M","?","?","M","R","E","R","T","$","M","E","M","E","R","B"],"character_chosen":"IRONCLAD","items_purchased":["Eternal Feather"],"campfire_rested":0,"item_purchase_floors":[27],"current_hp_per_floor":[78,78,75,80,80,59,65,65,65,65,59,59,59,59,59,38,80,80,72,57,57,62,62,53,53,53,53,47,37,52,61,73,0,0],"gold":146,"neow_bonus":"ONE_RARE_RELIC","is_daily":false,"chose_seed":false,"campfire_upgraded":2,"win_rate":0.0,"timestamp":1613486082,"path_taken":["M","?","M","M","M","E","M","?","T","R","M","?","E","?","R","BOSS","M","M","?","?","M","R","E","R","T","$","?","E","M","E","R","BOSS"],"items_purchased_type":["Relic"],"build_version":"2020-12-13","purchased_purges":0,"victory":false,"max_hp_per_floor":[80,80,80,80,80,80,80,80,80,80,80,80,80,80,80,80,80,80,80,85,85,85,85,85,85,85,85,85,85,85,85,85,85,85],"card_choices":[{"not_picked":["Anger","Body Slam"],"picked":"Flame Barrier","floor":1},{"not_picked":["Sever Soul","Pommel Strike"],"picked":"Bludgeon","floor":3},{"not_picked":["Twin Strike","Infernal Blade"],"picked":"Pommel Strike","floor":4},{"not_picked":["Twin Strike","Battle Trance"],"picked":"Intimidate","floor":5},{"not_picked":["Warcry","Body Slam"],"picked":"Cleave","floor":6},{"not_picked":["Anger","Iron Wave"],"picked":"Shrug It Off","floor":7},{"not_picked":["Pommel Strike","Flex"],"picked":"Barricade","floor":8},{"not_picked":["Armaments","Seeing Red"],"picked":"Headbutt","floor":11},{"not_picked":["Sword Boomerang","Intimidate"],"picked":"Iron Wave","floor":13},{"not_picked":["Offering","Barricade"],"picked":"Fiend Fire","floor":16},{"not_picked":["Bloodletting","Twin Strike+1"],"picked":"Disarm+1","floor":18},{"not_picked":["True Grit","Burning Pact","Combust"],"picked":"SKIP","floor":19},{"not_picked":["Flex","Clash"],"picked":"Dark Embrace","floor":22},{"not_picked":["Pommel Strike","Body Slam+1"],"picked":"Thunderclap","floor":24},{"not_picked":["Clash+1","Sword Boomerang"],"picked":"Thunderclap+1","floor":28},{"not_picked":["Shrug It Off","Bludgeon"],"picked":"Sever Soul","floor":29},{"not_picked":["Dual Wield","Twin Strike"],"picked":"Sword Boomerang+1","floor":30},{"not_picked":["Dual Wield","Clash"],"picked":"Dropkick","floor":31}],"player_experience":5640,"relics_obtained":[{"floor":6,"key":"reliquary:Boomerang"},{"floor":9,"key":"Meat on the Bone"},{"floor":13,"key":"Charon\u0027s Ashes"},{"floor":24,"key":"reliquary:PrincelyHelmet"},{"floor":26,"key":"reliquary:FerryPass"},{"floor":29,"key":"reliquary:FeatherDuster"},{"floor":31,"key":"Happy Flower"}],"event_choices":[{"damage_healed":0,"gold_gain":0,"player_choice":"Got Potions","damage_taken":0,"max_hp_gain":0,"max_hp_loss":0,"event_name":"Lab","floor":2,"gold_loss":0},{"cards_removed":["Strike_R"],"damage_healed":0,"gold_gain":0,"player_choice":"Card Removal","damage_taken":0,"max_hp_gain":0,"max_hp_loss":0,"event_name":"The Cleric","floor":12,"gold_loss":50},{"damage_healed":0,"gold_gain":0,"player_choice":"Ignored","damage_taken":0,"max_hp_gain":0,"max_hp_loss":0,"event_name":"Liars Game","floor":14,"gold_loss":0},{"damage_healed":0,"gold_gain":0,"player_choice":"Shed Blood","damage_taken":20,"max_hp_gain":5,"max_hp_loss":0,"event_name":"Forgotten Altar","floor":20,"gold_loss":0},{"cards_removed":["Strike_R"],"damage_healed":0,"gold_gain":0,"player_choice":"Took Card","damage_taken":0,"max_hp_gain":0,"max_hp_loss":0,"event_name":"NoteForYourself","floor":21,"gold_loss":0,"cards_obtained":["Iron Wave"]}],"is_beta":false,"boss_relics":[{"not_picked":["reliquary:Ember","Ectoplasm"],"picked":"Black Blood"}],"items_purged_floors":[],"is_endless":false,"potions_floor_spawned":[1,5,7,8,11,13,18,30,31],"killed_by":"Collector","ascension_level":0}}