{"host":"2lo6hma6kymb0g9i","time":1613465140,"event":{"mods":["BaseMod","Colored Map","DeckTracker","Minty Spire (QoL Compilation)"],"gold_per_floor":[117,133,149,149,160,193,193,222,246,246,259,184,184,202,202,273,273,292,307,154,69,69,69,69],"floor_reached":23,"language":"JPN","playtime":1152,"items_purged":["Strike_R","Strike_R"],"score":402,"play_id":"7a1dd2ba-8631-4f68-b9b4-f1de944c3884","local_time":"20210216174540","is_ascension_mode":true,"campfire_choices":[{"data":"Whirlwind","floor":7.0,"key":"SMITH"},{"data":"Bash","floor":10.0,"key":"SMITH"},{"floor":15,"key":"REST"}],"circlet_count":0,"master_deck":["AscendersBane","Strike_R+1","Defend_R","Defend_R","Defend_R","Defend_R","Bash+1","Spot Weakness","Whirlwind+1","Pummel+1","Pommel Strike+1","Headbutt","Reaper","Sword Boomerang","Shrug It Off"],"relics":["Burning Blood","Toy Ornithopter","Bronze Scales","PreservedInsect","Whetstone","Empty Cage","Ancient Tea Set","MutagenicStrength"],"acts_visited":["Exordium","TheCity"],"potions_floor_usage":[11,16,23],"damage_taken":[{"damage":0.0,"enemies":"Small Slimes","floor":1.0,"turns":4.0},{"damage":2.0,"enemies":"Cultist","floor":2.0,"turns":4.0},{"damage":12.0,"enemies":"2 Louse","floor":3.0,"turns":4.0},{"damage":14.0,"enemies":"Blue Slaver","floor":5.0,"turns":4.0},{"damage":35.0,"enemies":"3 Sentries","floor":6.0,"turns":7.0},{"damage":35.0,"enemies":"Lagavulin","floor":8.0,"turns":6.0},{"damage":24,"enemies":"Large Slime","floor":11,"turns":5},{"damage":27,"enemies":"Exordium Thugs","floor":14,"turns":3},{"damage":29,"enemies":"Hexaghost","floor":16,"turns":7},{"damage":7,"enemies":"3 Byrds","floor":18,"turns":3},{"damage":64,"enemies":"Shell Parasite","floor":19,"turns":6},{"damage":0,"enemies":"Gremlin Leader","floor":23,"turns":2}],"seed_played":"6945636996629276754","potions_obtained":[{"floor":4.0,"key":"ElixirPotion"},{"floor":4.0,"key":"FairyPotion"},{"floor":5.0,"key":"PowerPotion"},{"floor":8.0,"key":"SkillPotion"},{"floor":11,"key":"BloodPotion"},{"floor":16,"key":"SteroidPotion"}],"is_trial":false,"path_per_floor":["M","M","M","?","M","E","R","E","T","R","M","$","?","M","R","B",null,"M","M","$","?","?","E"],"character_chosen":"IRONCLAD","items_purchased":["Shrug It Off"],"campfire_rested":1,"item_purchase_floors":[20],"current_hp_per_floor":[74,75,69,69,61,37,37,8,8,8,28,28,28,7,29,26,63,62,19,19,19,19,40,40],"gold":69,"neow_bonus":"RANDOM_COMMON_RELIC","is_daily":false,"chose_seed":false,"campfire_upgraded":2,"win_rate":0.0,"timestamp":1613465140,"path_taken":["M","M","M","?","M","E","R","E","T","R","?","?","?","M","R","BOSS","M","M","$","?","?","E"],"items_purchased_type":["Card"],"build_version":"2020-12-22","purchased_purges":2,"victory":false,"max_hp_per_floor":[75,75,75,75,75,75,75,75,75,75,75,75,75,75,75,75,75,75,75,75,75,75,75,75],"card_choices":[{"not_picked":["Twin Strike","Thunderclap","Iron Wave"],"picked":"SKIP","floor":1.0},{"not_picked":["Uppercut","Twin Strike"],"picked":"Spot Weakness","floor":2.0},{"not_picked":["Armaments","True Grit"],"picked":"Whirlwind","floor":3.0},{"not_picked":["Body Slam","Inflame"],"picked":"Pummel","floor":5.0},{"not_picked":["Clash","Entrench","Dark Embrace"],"picked":"SKIP","floor":6.0},{"not_picked":["Bludgeon","Intimidate"],"picked":"Pommel Strike","floor":8.0},{"not_picked":["Evolve","Body Slam"],"picked":"Headbutt","floor":11},{"not_picked":["Warcry","Twin Strike","Clash"],"picked":"SKIP","floor":14},{"not_picked":["Bludgeon","Feed"],"picked":"Reaper","floor":16},{"not_picked":["Bloodletting","Iron Wave","Dual Wield"],"picked":"SKIP","floor":18},{"not_picked":["Metallicize","Perfected Strike"],"picked":"Sword Boomerang","floor":19}],"player_experience":1210915,"relics_obtained":[{"floor":6.0,"key":"Bronze Scales"},{"floor":8.0,"key":"PreservedInsect"},{"floor":9.0,"key":"Whetstone"}],"event_choices":[{"damage_healed":0.0,"max_hp_gain":0.0,"max_hp_loss":0.0,"gold_gain":0.0,"event_name":"Lab","player_choice":"Got Potions","floor":4.0,"gold_loss":0.0,"damage_taken":0.0},{"damage_healed":0,"gold_gain":0,"player_choice":"Upgraded","damage_taken":0,"max_hp_gain":0,"max_hp_loss":0,"event_name":"Upgrade Shrine","floor":13,"gold_loss":0,"cards_upgraded":["Pommel Strike"]},{"damage_healed":0,"gold_gain":0,"player_choice":"Obtained Relic","damage_taken":0,"relics_obtained":["Ancient Tea Set"],"max_hp_gain":0,"max_hp_loss":0,"event_name":"Addict","floor":21,"gold_loss":85},{"damage_healed":0,"gold_gain":0,"player_choice":"Inject Mutagens","damage_taken":0,"relics_obtained":["MutagenicStrength"],"max_hp_gain":0,"max_hp_loss":0,"event_name":"Drug Dealer","floor":22,"gold_loss":0}],"is_beta":false,"boss_relics":[{"not_picked":["Astrolabe","SlaversCollar"],"picked":"Empty Cage"}],"items_purged_floors":[12,20],"is_endless":false,"potions_floor_spawned":[5,8,11,16],"killed_by":"Gremlin Leader","ascension_level":20}}