{"host":"ymmeoa1x24ihslbm","time":1613515501,"event":{"mods":["AchievementEnabler","BaseMod","Colored Map","Colored Powertips","Defuse TimeMaze Blight","Highlight Path","Minty Spire (QoL Compilation)","Permanent Neow","Quick Restart","StSLib","Unceasing Turn Reminder"],"gold_per_floor":[112,187,202,218,235,235,251,278,278,288,288,9,9,25,25,99,99,109,119,132,146,146,146,146,146],"floor_reached":24,"language":"ENG","playtime":28851,"items_purged":[],"score":354,"play_id":"485c71f3-b383-4838-9e7d-4b2ea82303e1","local_time":"20210216234501","is_ascension_mode":true,"campfire_choices":[{"data":"Neutralize","floor":6,"key":"SMITH"},{"data":"Setup","floor":13,"key":"SMITH"},{"data":"Tactician","floor":15,"key":"SMITH"},{"data":"Tools of the Trade","floor":23,"key":"SMITH"}],"circlet_count":0,"master_deck":["AscendersBane","Strike_G","Strike_G","Strike_G","Strike_G","Strike_G","Defend_G","Defend_G","Defend_G","Defend_G","Defend_G","Survivor","Neutralize+1","Dagger Throw","Tactician+1","Setup+1","Prepared","Underhanded Strike","Blur","Escape Plan","Predator","Tools of the Trade+1","Reflex+1","Calculated Gamble","Prepared"],"relics":["Runic Pyramid","Vajra","StrikeDummy","Membership Card","Pantograph","Coffee Dripper"],"acts_visited":["Exordium","TheCity"],"potions_floor_usage":[1,8,14,16,20,21],"damage_taken":[{"damage":2,"enemies":"Jaw Worm","floor":1,"turns":4},{"damage":0,"enemies":"Cultist","floor":3,"turns":4},{"damage":1,"enemies":"2 Louse","floor":4,"turns":3},{"damage":3,"enemies":"Looter","floor":5,"turns":4},{"damage":5,"enemies":"Blue Slaver","floor":7,"turns":5},{"damage":35,"enemies":"3 Sentries","floor":8,"turns":14},{"damage":0,"enemies":"2 Fungi Beasts","floor":10,"turns":4},{"damage":4,"enemies":"Large Slime","floor":14,"turns":7},{"damage":5,"enemies":"The Guardian","floor":16,"turns":12},{"damage":8,"enemies":"Shell Parasite","floor":18,"turns":6},{"damage":7,"enemies":"Spheric Guardian","floor":19,"turns":4},{"damage":28,"enemies":"Shelled Parasite and Fungi","floor":20,"turns":6},{"damage":21,"enemies":"Snake Plant","floor":21,"turns":3},{"damage":35,"enemies":"Book of Stabbing","floor":24,"turns":5}],"seed_played":"869375524238473685","potions_obtained":[{"floor":1,"key":"Fruit Juice"},{"floor":5,"key":"Energy Potion"},{"floor":8,"key":"Fruit Juice"},{"floor":10,"key":"EssenceOfSteel"},{"floor":14,"key":"Energy Potion"},{"floor":19,"key":"Poison Potion"},{"floor":20,"key":"LiquidBronze"}],"is_trial":false,"path_per_floor":["M","?","M","M","M","R","M","E","T","M","?","$","R","M","R","B",null,"M","M","M","M","?","R","E"],"character_chosen":"THE_SILENT","items_purchased":["Membership Card","Pantograph"],"campfire_rested":0,"item_purchase_floors":[12,12],"current_hp_per_floor":[62,51,51,50,47,47,42,12,12,12,17,17,17,13,13,33,69,61,54,26,5,21,21,0,0],"gold":146,"neow_bonus":"BOSS_RELIC","is_daily":false,"chose_seed":false,"campfire_upgraded":4,"win_rate":0.0,"timestamp":1613515501,"path_taken":["M","?","M","M","M","R","M","E","T","M","?","?","R","M","R","BOSS","M","M","?","M","?","R","E"],"items_purchased_type":["Relic","Relic"],"build_version":"2020-12-22","purchased_purges":0,"victory":false,"max_hp_per_floor":[71,71,71,71,71,71,71,76,76,76,81,81,81,81,81,81,81,81,81,81,81,81,81,81,81],"card_choices":[{"not_picked":["Masterful Stab","Backflip"],"picked":"Dagger Throw","floor":1},{"not_picked":["Skewer","Expertise"],"picked":"Tactician","floor":3},{"not_picked":["Accuracy","Dagger Spray"],"picked":"Setup","floor":4},{"not_picked":["Expertise","Caltrops"],"picked":"Prepared","floor":5},{"not_picked":["Bane","Deflect"],"picked":"Underhanded Strike","floor":7},{"not_picked":["Quick Slash","Deadly Poison"],"picked":"Blur","floor":8},{"not_picked":["Caltrops","Poisoned Stab"],"picked":"Escape Plan","floor":10},{"not_picked":["Cloak And Dagger","Setup"],"picked":"Predator","floor":14},{"not_picked":["Adrenaline","Glass Knife"],"picked":"Tools of the Trade","floor":16},{"not_picked":["Underhanded Strike","Backflip"],"picked":"Reflex+1","floor":18},{"not_picked":["Prepared","Catalyst"],"picked":"Calculated Gamble","floor":19},{"not_picked":["Calculated Gamble","Acrobatics","Bane"],"picked":"SKIP","floor":20},{"not_picked":["Dodge and Roll","Poisoned Stab"],"picked":"Prepared","floor":21}],"player_experience":600557,"relics_obtained":[{"floor":8,"key":"Vajra"},{"floor":9,"key":"StrikeDummy"}],"event_choices":[{"damage_healed":0,"gold_gain":75,"player_choice":"Gather Gold","damage_taken":11,"max_hp_gain":0,"max_hp_loss":0,"event_name":"World of Goop","floor":2,"gold_loss":0},{"damage_healed":0,"gold_gain":0,"player_choice":"Donut","damage_taken":0,"max_hp_gain":5,"max_hp_loss":0,"event_name":"Big Fish","floor":11,"gold_loss":0},{"damage_healed":16,"gold_gain":0,"player_choice":"Heal","damage_taken":0,"max_hp_gain":0,"max_hp_loss":0,"event_name":"The Library","floor":22,"gold_loss":0}],"is_beta":false,"boss_relics":[{"not_picked":["Snecko Eye","Velvet Choker"],"picked":"Coffee Dripper"}],"items_purged_floors":[],"is_endless":false,"potions_floor_spawned":[1,5,8,10,14,19,20],"killed_by":"Book of Stabbing","ascension_level":15}}