{"host":"od06gsur5w60l0yz","time":1613507205,"event":{"mods":["BaseMod","Better Match","Better Third Choice","Colored Map","Downfall","GifTheSpireLib","Googly Eyes","Hermit","Hubris","Minty Spire (QoL Compilation)","Reliquary","Replay The Spire","StSLib","The Cursed","The Forsaken","The Hierophant","The Necromancer","The Saiyan","The Senshi"],"gold_per_floor":[89,106,126,126,126,157,157,172,172,187,215,235,83,103,103,204,204,222,222,222,232,243,268,280,280,332,346,346,362,287,314,314,417,417,430,430,446,458,475,475,91,91,91,111,162,194,266,336,336,346,346,346,45,91,111],"floor_reached":56,"language":"ENG","playtime":6266,"items_purged":["Parasite"],"score":1283,"play_id":"e73e469d-66e9-4299-9914-fb5715357150","local_time":"20210216182645","is_ascension_mode":false,"campfire_choices":[{"floor":7.0,"key":"REST"},{"floor":15.0,"key":"REST"},{"floor":25.0,"key":"REST"},{"floor":28.0,"key":"RECALL"},{"floor":32.0,"key":"REST"},{"floor":40.0,"key":"REST"},{"floor":42.0,"key":"REST"},{"floor":49.0,"key":"DIG"},{"floor":52.0,"key":"DIG"}],"circlet_count":0,"master_deck":["Saiyan:SAIYA_Strike","Saiyan:SAIYA_Strike","Saiyan:SAIYA_Defend","Saiyan:SAIYA_Defend+1","Saiyan:SAIYA_Defend","Saiyan:SAIYA_Defend","Saiyan:EnergyBlast","Saiyan:KaioKen","Saiyan:RuthlessBlow+1","Saiyan:ReverberatingForce","Saiyan:SaiyanHubris+1","Saiyan:Flurry","Saiyan:Planning","Saiyan:TurtleShell","Saiyan:HyperTimeChamber+1","Saiyan:SuperSaiyanForm+1","Saiyan:GhostAttack+1","Saiyan:KiStrike","Saiyan:SenzuBean+1","Saiyan:SoulSpice+1","Saiyan:PowerUp+1","Saiyan:ExpandingShockwave+1","Saiyan:GhostAttack","Saiyan:FingerParry+1","Saiyan:SoulSpice+1","Saiyan:SolarFlare+1","Saiyan:Quickening+1","Saiyan:BackAttack+1"],"relics":["SaiyanSoul","SaiyanHeart","Peace Pipe","CaptainsWheel","hubris:ToyBattleship","Gremlin Food","SlaversCollar","Ring of Searing","Kunai","Replay:Wax Seal","Strawberry","reliquary:Knoch","reliquary:RoseTintedGlasses","SacredBark","ReplayTheSpireMod:Lightbulb","reliquary:Spinner","Replay:Bandana","reliquary:Aerogel","theForsaken:Lifeblossom","reliquary:Stiletto","Toy Ornithopter","Replay:Baseball","Potion Belt","Shovel","FossilizedHelix","reliquary:SilkGlove","reliquary:ExpiredCoupon","Onion Ring","theForsaken:Gavel","Guide Book","ReplayTheSpireMod:TigerMarble","Ice Cream"],"acts_visited":["Exordium","TheCity","TheBeyond","TheEnding"],"potions_floor_usage":[55,55],"damage_taken":[{"damage":0.0,"enemies":"Cultist","floor":1.0,"turns":3.0},{"damage":0.0,"enemies":"Small Slimes","floor":2.0,"turns":4.0},{"damage":2.0,"enemies":"Jaw Worm","floor":3.0,"turns":4.0},{"damage":36.0,"enemies":"Lagavulin","floor":6.0,"turns":8.0},{"damage":6.0,"enemies":"Exordium Wildlife","floor":8.0,"turns":4.0},{"damage":5.0,"enemies":"Red Slaver","floor":10.0,"turns":3.0},{"damage":12.0,"enemies":"Replay:BlueRogue","floor":11.0,"turns":9.0},{"damage":11.0,"enemies":"Blue Slaver","floor":12.0,"turns":5.0},{"damage":1.0,"enemies":"Looter","floor":14.0,"turns":4.0},{"damage":32.0,"enemies":"Hexaghost","floor":16.0,"turns":13.0},{"damage":14.0,"enemies":"Chosen","floor":18.0,"turns":4.0},{"damage":18.0,"enemies":"Spheric Guardian","floor":21.0,"turns":5.0},{"damage":0.0,"enemies":"Snecko","floor":22.0,"turns":7.0},{"damage":22.0,"enemies":"Slavers","floor":23.0,"turns":5.0},{"damage":0.0,"enemies":"Centurion and Healer","floor":24.0,"turns":4.0},{"damage":11.0,"enemies":"Shelled Parasite and Fungi","floor":27.0,"turns":8.0},{"damage":0.0,"enemies":"Snecko","floor":29.0,"turns":7.0},{"damage":40.0,"enemies":"Book of Stabbing","floor":31.0,"turns":10.0},{"damage":20.0,"enemies":"Pondfish","floor":33.0,"turns":10.0},{"damage":29.0,"enemies":"3 Shapes","floor":35.0,"turns":8.0},{"damage":10.0,"enemies":"3 Darklings","floor":37.0,"turns":8.0},{"damage":22.0,"enemies":"Sphere and 2 Shapes","floor":38.0,"turns":10.0},{"damage":23.0,"enemies":"Writhing Mass","floor":39.0,"turns":11.0},{"damage":11.0,"enemies":"Transient","floor":44.0,"turns":5.0},{"damage":22.0,"enemies":"Nemesis","floor":45.0,"turns":11.0},{"damage":1.0,"enemies":"4 Shapes","floor":46.0,"turns":7.0},{"damage":11.0,"enemies":"2 Orb Walkers","floor":47.0,"turns":6.0},{"damage":11.0,"enemies":"Mind Bloom Boss Battle","floor":48.0,"turns":12.0},{"damage":11.0,"enemies":"Donu and Deca","floor":50.0,"turns":8.0},{"damage":61.0,"enemies":"Shield and Spear","floor":54.0,"turns":19.0},{"damage":47,"enemies":"The Heart","floor":55,"turns":9}],"seed_played":"-2857086686911830605","potions_obtained":[{"floor":1.0,"key":"Dexterity Potion"},{"floor":10.0,"key":"PowerPotion"},{"floor":11.0,"key":"Strength Potion"},{"floor":14.0,"key":"BlessingOfTheForge"},{"floor":16.0,"key":"Guardian:BlockOnCardUsePotion"},{"floor":21.0,"key":"BlessingOfTheForge"},{"floor":27.0,"key":"EntropicBrew"},{"floor":31.0,"key":"Fruit Juice"},{"floor":33.0,"key":"LiquidMemories"},{"floor":37.0,"key":"LifebloodPotion"},{"floor":39.0,"key":"Venom Potion"},{"floor":45.0,"key":"champ:CounterPotion"},{"floor":48.0,"key":"sneckomod:MuddlingPotion"}],"is_trial":false,"path_per_floor":["M","M","M","?","?","E","R","M","T","M","E","M","$","M","R","B",null,"M","?","T","M","M","E","M","R","T","M","R","M","?","E","R","B",null,"M","?","M","M","M","R","$","R","T","M","E","M","?","?","R","B",null,"R","$","E","B",null],"character_chosen":"SAIYAJIN","items_purchased":["Gremlin Food","Saiyan:GhostAttack","theForsaken:Lifeblossom","theForsaken:Gavel","Guide Book"],"campfire_rested":6,"item_purchase_floors":[13,41,41,53,53],"current_hp_per_floor":[61,63,62,62,62,27,46,43,43,39,29,20,20,20,42,12,76,65,65,65,49,49,29,30,55,55,45,45,46,46,19,47,32,99,71,71,61,39,18,48,48,77,77,73,58,65,62,58,58,54,107,107,107,49,20],"gold":111,"neow_bonus":"TRANSFORM_CARD","is_daily":false,"chose_seed":false,"campfire_upgraded":0,"win_rate":0.0,"timestamp":1613507205,"path_taken":["M","M","M","?","?","E","R","?","T","M","E","M","$","M","R","BOSS","M","?","?","M","M","E","M","R","T","M","R","?","?","E","R","BOSS","M","?","M","?","M","R","$","R","T","M","E","M","?","?","R","BOSS","R","$","E","BOSS"],"items_purchased_type":["Relic","Card","Relic","Relic","Relic"],"build_version":"2020-12-22","purchased_purges":1,"victory":true,"max_hp_per_floor":[61,63,64,64,64,65,65,68,68,69,71,73,73,74,74,76,76,79,79,79,81,81,83,84,84,84,85,85,86,86,94,94,99,99,100,100,100,100,102,102,99,99,99,100,101,103,105,106,106,107,107,107,107,109,111],"card_choices":[{"not_picked":["Saiyan:Expend","Saiyan:KameHameHa"],"picked":"Saiyan:SaiyanHubris","floor":1.0},{"not_picked":["Saiyan:PowerPole","Saiyan:DoubleMasenko"],"picked":"Saiyan:Flurry","floor":2.0},{"not_picked":["Saiyan:PlotArmor","Saiyan:Flurry","Saiyan:Scouter"],"picked":"SKIP","floor":3.0},{"not_picked":["Saiyan:MeteorDash","Saiyan:Taunt"],"picked":"Saiyan:Planning","floor":6.0},{"not_picked":["Saiyan:Honing","Saiyan:Taunt","Saiyan:PowerUp"],"picked":"SKIP","floor":8.0},{"not_picked":["Saiyan:GhostAttack","Saiyan:BackAttack"],"picked":"Saiyan:TurtleShell","floor":10.0},{"not_picked":["Saiyan:TurtleShell","Saiyan:DragonFist"],"picked":"Saiyan:HyperTimeChamber","floor":11.0},{"not_picked":["Saiyan:Expend","Saiyan:DoubleMasenko"],"picked":"Saiyan:SuperSaiyanForm","floor":12.0},{"not_picked":["Saiyan:MeteorDash","Saiyan:FingerParry","Saiyan:Taunt"],"picked":"SKIP","floor":14.0},{"not_picked":["Saiyan:Momentum","Saiyan:Rekindle"],"picked":"Saiyan:GhostAttack","floor":16.0},{"not_picked":["Saiyan:AugmentedBlast","Saiyan:MeteorDash","Saiyan:SaiyanHubris"],"picked":"SKIP","floor":18.0},{"not_picked":["Saiyan:FingerParry+1","Saiyan:TurtleShell"],"picked":"Saiyan:KiStrike","floor":21.0},{"not_picked":["Saiyan:RemoveWeights","Saiyan:BurningSoul+1","Saiyan:BigBangAttack"],"picked":"SKIP","floor":22.0},{"not_picked":["Saiyan:PlotArmor+1","Saiyan:Makankosappo","Saiyan:Teleport"],"picked":"SKIP","floor":23.0},{"not_picked":["Saiyan:Momentum","Saiyan:Quickening","Saiyan:KiExplosion"],"picked":"SKIP","floor":24.0},{"not_picked":["Saiyan:PlotArmor","Saiyan:Pacing","Saiyan:PowerPole"],"picked":"SKIP","floor":27.0},{"not_picked":["Saiyan:BackAttack","Saiyan:Planning+1","Saiyan:ConcussiveBlow"],"picked":"SKIP","floor":29.0},{"not_picked":["Saiyan:GenkiDama+1","Saiyan:TransfigurationBeam+1"],"picked":"Saiyan:SenzuBean+1","floor":30.0},{"not_picked":["Saiyan:Endure+1","Saiyan:Makankosappo"],"picked":"Saiyan:SoulSpice+1","floor":31.0},{"not_picked":["Saiyan:DragonFist","Saiyan:DragonRadar"],"picked":"Saiyan:PowerUp+1","floor":35.0},{"not_picked":["Saiyan:Taunt+1","Saiyan:Twize+1"],"picked":"Saiyan:ExpandingShockwave+1","floor":37.0},{"not_picked":["Saiyan:Honing","Saiyan:SpiritSword","Saiyan:Endure+1"],"picked":"SKIP","floor":38.0},{"not_picked":["Saiyan:Flurry","Saiyan:Quickening","Saiyan:KiExplosion+1"],"picked":"SKIP","floor":39.0},{"not_picked":["Saiyan:Scouter","Saiyan:RemoveWeights","Saiyan:Planning"],"picked":"SKIP","floor":44.0},{"not_picked":["Saiyan:ThirstForFight+1","Saiyan:ReverberatingForce+1"],"picked":"Saiyan:FingerParry+1","floor":45.0},{"not_picked":["Saiyan:Flurry","Saiyan:PowerUp"],"picked":"Saiyan:SoulSpice+1","floor":46.0},{"not_picked":["Saiyan:PowerStance","Saiyan:BackAttack"],"picked":"Saiyan:SolarFlare","floor":47.0},{"not_picked":["Saiyan:SpiritSword+1","Saiyan:Makankosappo+1"],"picked":"Saiyan:Quickening+1","floor":48.0},{"not_picked":["Saiyan:SaiyanHubris","Saiyan:TurtleShell+1"],"picked":"Saiyan:BackAttack+1","floor":54.0}],"player_experience":231292,"relics_obtained":[{"floor":6.0,"key":"Peace Pipe"},{"floor":9.0,"key":"CaptainsWheel"},{"floor":11.0,"key":"hubris:ToyBattleship"},{"floor":19.0,"key":"Ring of Searing"},{"floor":20.0,"key":"Kunai"},{"floor":23.0,"key":"Replay:Wax Seal"},{"floor":31.0,"key":"Strawberry"},{"floor":31.0,"key":"reliquary:Knoch"},{"floor":33.0,"key":"reliquary:RoseTintedGlasses"},{"floor":35.0,"key":"ReplayTheSpireMod:Lightbulb"},{"floor":37.0,"key":"reliquary:Spinner"},{"floor":38.0,"key":"Replay:Bandana"},{"floor":39.0,"key":"reliquary:Aerogel"},{"floor":43.0,"key":"reliquary:Stiletto"},{"floor":44.0,"key":"Toy Ornithopter"},{"floor":45.0,"key":"Replay:Baseball"},{"floor":46.0,"key":"Potion Belt"},{"floor":47.0,"key":"Shovel"},{"floor":48.0,"key":"FossilizedHelix"},{"floor":48.0,"key":"reliquary:SilkGlove"},{"floor":49.0,"key":"reliquary:ExpiredCoupon"},{"floor":52.0,"key":"Onion Ring"},{"floor":54.0,"key":"ReplayTheSpireMod:TigerMarble"},{"floor":54.0,"key":"Ice Cream"}],"event_choices":[{"cards_removed":["Saiyan:SAIYA_Strike"],"damage_healed":0.0,"max_hp_gain":0.0,"max_hp_loss":0.0,"gold_gain":0.0,"event_name":"Purifier","player_choice":"Purged","floor":5.0,"gold_loss":0.0,"damage_taken":0.0},{"damage_healed":0.0,"max_hp_gain":0.0,"max_hp_loss":0.0,"gold_gain":0.0,"event_name":"betterMatch:BetterMatch","player_choice":"2","floor":30.0,"gold_loss":0.0,"damage_taken":0.0,"cards_obtained":["betterMatch:RareCard"]},{"damage_healed":0.0,"max_hp_gain":0.0,"max_hp_loss":0.0,"gold_gain":0.0,"event_name":"The Woman in Blue","player_choice":"Bought 0 Potions","floor":36.0,"gold_loss":0.0,"damage_taken":0.0},{"damage_healed":0.0,"max_hp_gain":0.0,"max_hp_loss":0.0,"gold_gain":0.0,"event_name":"Mysterious Sphere","player_choice":"Fight","floor":47.0,"gold_loss":0.0,"damage_taken":0.0},{"damage_healed":0.0,"max_hp_gain":0.0,"max_hp_loss":0.0,"gold_gain":0.0,"event_name":"MindBloom","player_choice":"Fight","floor":48.0,"gold_loss":0.0,"damage_taken":0.0}],"is_beta":false,"boss_relics":[{"not_picked":["ReplayTheSpireMod:DimensionalGlitch","Kintsugi"],"picked":"SlaversCollar"},{"not_picked":["Runic Pyramid","Replay:Drink Me"],"picked":"SacredBark"}],"items_purged_floors":[41],"is_endless":false,"potions_floor_spawned":[1,10,11,14,16,21,27,29,31,33,35,37,39,45,48],"ascension_level":0}}