{"host":"o6j8h35axmoodbwy","time":1613479893,"event":{"mods":["2.2 Compatiblity","Act Like it!","BaseMod","Colored Map","Colored Powertips","Faster Ascension Climbing","MarisaÅiñ∂âJÅ@ñÇóùçπÅj","Minty Spire (QoL Compilation)","Prisma Mod","Quick Restart","Shop Mod","StSLib","SuperFastMode","Td1madao Mod"],"gold_per_floor":[114,114,133,30,43,43,55,65,117,17,17,37,53,73,73,148,148,163,163,213,56,56,66,66,78,78,78,88,88,102,116,116,192,192,204,204,218,218,230,230,249,249,329,329,346,360,375,13,13,13,13],"floor_reached":50,"language":"JPN","playtime":4628,"items_purged":["Pain","Strike_R"],"score":865,"play_id":"c9644a0a-92e8-4203-be01-3bc4d73e87eb","local_time":"20210216215133","is_ascension_mode":true,"campfire_choices":[{"data":"Bash","floor":6.0,"key":"SMITH"},{"data":"Sword Boomerang","floor":11.0,"key":"SMITH"},{"data":"True Grit","floor":15.0,"key":"SMITH"},{"data":"Metallicize","floor":24.0,"key":"SMITH"},{"data":"Ghostly","floor":29.0,"key":"SMITH"},{"data":"Ghostly","floor":32.0,"key":"SMITH"},{"data":"Ghostly","floor":40.0,"key":"SMITH"},{"floor":42.0,"key":"REST"},{"data":"Metallicize","floor":49.0,"key":"SMITH"}],"circlet_count":0,"master_deck":["AscendersBane","Strike_R+1","Strike_R+1","Defend_R","Defend_R","Defend_R","Defend_R","Bash+1","Pommel Strike","Battle Trance","Sword Boomerang+1","Evolve","Intimidate","Intimidate","Inflame+1","Shrug It Off","True Grit+1","Feed","Havoc","Offering","Metallicize+1","Metallicize+1","Ghostly+1","Ghostly+1","Ghostly+1","Carnage","Blood for Blood","Reaper","Exhume","Blood for Blood","Wraith","Sever Soul+1","Headbutt+1","Entrench","Spot Weakness","Immolate","Flash of Steel","Shrug It Off"],"relics":["Burning Blood","Nunchaku","WarpedTongs","Whetstone","Snecko Eye","Chemical X","InkBottle","Philosopher\u0027s Stone","Blue Candle","Membership Card"],"acts_visited":["Exordium","TheCity","TheBeyond"],"potions_floor_usage":[50,50],"damage_taken":[{"damage":3.0,"enemies":"2 Louse","floor":1.0,"turns":6.0},{"damage":4.0,"enemies":"Cultist","floor":3.0,"turns":4.0},{"damage":4.0,"enemies":"Jaw Worm","floor":5.0,"turns":3.0},{"damage":9.0,"enemies":"2 Fungi Beasts","floor":7.0,"turns":3.0},{"damage":15.0,"enemies":"Lots of Slimes","floor":8.0,"turns":6.0},{"damage":0.0,"enemies":"Large Slime","floor":12.0,"turns":3.0},{"damage":6.0,"enemies":"Looter","floor":13.0,"turns":3.0},{"damage":8.0,"enemies":"2 Fungi Beasts","floor":14.0,"turns":3.0},{"damage":21.0,"enemies":"Hexaghost","floor":16.0,"turns":12.0},{"damage":19.0,"enemies":"Spheric Guardian","floor":18.0,"turns":4.0},{"damage":17.0,"enemies":"Shell Parasite","floor":23.0,"turns":7.0},{"damage":10.0,"enemies":"Snake Plant","floor":25.0,"turns":4.0},{"damage":7.0,"enemies":"Snecko","floor":28.0,"turns":6.0},{"damage":13.0,"enemies":"Cultist and Chosen","floor":30.0,"turns":9.0},{"damage":10.0,"enemies":"Snake Plant","floor":31.0,"turns":5.0},{"damage":28.0,"enemies":"Collector","floor":33.0,"turns":13.0},{"damage":1.0,"enemies":"3 Shapes","floor":35.0,"turns":6.0},{"damage":38.0,"enemies":"3 Darklings","floor":37.0,"turns":7.0},{"damage":6.0,"enemies":"Spire Growth","floor":39.0,"turns":5.0},{"damage":25.0,"enemies":"Transient","floor":41.0,"turns":6.0},{"damage":8.0,"enemies":"Jaw Worm Horde","floor":45.0,"turns":4.0},{"damage":9.0,"enemies":"4 Shapes","floor":46.0,"turns":14.0},{"damage":1.0,"enemies":"Maw","floor":47.0,"turns":7.0},{"damage":68,"enemies":"Awakened One","floor":50,"turns":12}],"seed_played":"-9173861982425312424","potions_obtained":[{"floor":3.0,"key":"SkillPotion"},{"floor":5.0,"key":"ColorlessPotion"},{"floor":16.0,"key":"SteroidPotion"},{"floor":18.0,"key":"Explosive Potion"},{"floor":25.0,"key":"Fire Potion"},{"floor":28.0,"key":"Weak Potion"},{"floor":37.0,"key":"DuplicationPotion"},{"floor":41.0,"key":"DistilledChaos"},{"floor":46.0,"key":"FearPotion"},{"floor":47.0,"key":"Dexterity Potion"}],"is_trial":false,"path_per_floor":["M","?","M","$","M","R","M","M","T","$","R","M","M","M","R","B",null,"M","?","?","$","?","M","R","M","T","?","M","R","M","M","R","B",null,"M","?","M","?","M","R","M","R","T","?","M","M","M","$","R","B"],"character_chosen":"IRONCLAD","items_purchased":["Sword Boomerang","Chemical X","Membership Card","Immolate","Strength Potion","Flash of Steel","Shrug It Off"],"campfire_rested":1,"item_purchase_floors":[4,21,48,48,48,48,48],"current_hp_per_floor":[71,71,73,73,75,75,72,63,63,63,63,69,69,67,67,52,69,56,56,56,56,56,45,45,44,44,39,38,38,35,31,31,19,37,42,42,17,17,31,31,19,33,33,33,31,47,53,53,53,0,0],"gold":13,"neow_bonus":"RANDOM_COMMON_RELIC","is_daily":false,"chose_seed":false,"campfire_upgraded":8,"win_rate":0.0,"timestamp":1613479893,"path_taken":["M","?","M","$","?","R","M","M","T","$","R","M","M","M","R","BOSS","M","?","?","?","?","M","R","?","T","?","M","R","M","M","R","BOSS","M","?","M","?","M","R","M","R","T","?","M","M","M","$","R","BOSS"],"items_purchased_type":["Card","Relic","Relic","Card","Potion","Card","Card"],"build_version":"2020-12-22","purchased_purges":2,"victory":false,"max_hp_per_floor":[75,75,75,75,75,75,75,75,75,75,75,75,75,75,75,75,75,75,75,75,75,75,75,75,78,78,39,39,39,43,43,43,43,43,43,43,43,43,47,47,47,47,47,47,47,50,53,53,53,53,53],"card_choices":[{"not_picked":["Uppercut","Twin Strike"],"picked":"Pommel Strike","floor":1.0},{"not_picked":["Second Wind","Headbutt"],"picked":"Battle Trance","floor":3.0},{"not_picked":["Seeing Red","Pommel Strike"],"picked":"Evolve","floor":5.0},{"not_picked":["Wild Strike","Clothesline"],"picked":"Intimidate","floor":7.0},{"not_picked":["Flex","Heavy Blade"],"picked":"Intimidate","floor":8.0},{"not_picked":["Havoc","Cleave"],"picked":"Inflame","floor":12.0},{"not_picked":["Heavy Blade","Havoc"],"picked":"Shrug It Off","floor":13.0},{"not_picked":["Twin Strike","Reaper"],"picked":"True Grit","floor":14.0},{"not_picked":["Fiend Fire","Corruption"],"picked":"Feed","floor":16.0},{"not_picked":["Twin Strike","Clash","Dropkick+1"],"picked":"SKIP","floor":18.0},{"not_picked":["Flex","Heavy Blade"],"picked":"Metallicize","floor":23.0},{"not_picked":["Clash","Anger"],"picked":"Metallicize","floor":25.0},{"not_picked":["Battle Trance+1","Rage"],"picked":"Carnage","floor":28.0},{"not_picked":["Pummel","Wild Strike"],"picked":"Blood for Blood","floor":30.0},{"not_picked":["Sever Soul","Reckless Charge+1"],"picked":"Reaper","floor":31.0},{"not_picked":["Corruption","Feed"],"picked":"Exhume","floor":33.0},{"not_picked":["Sword Boomerang","Second Wind"],"picked":"Blood for Blood","floor":35.0},{"not_picked":["Body Slam","Evolve","Havoc"],"picked":"SKIP","floor":37.0},{"not_picked":["Pommel Strike","Flex"],"picked":"Sever Soul+1","floor":39.0},{"not_picked":["Seeing Red","Heavy Blade"],"picked":"Headbutt+1","floor":41.0},{"not_picked":["Blood for Blood+1","Pommel Strike"],"picked":"Entrench","floor":45.0},{"not_picked":["Rage+1","Burning Pact+1","Perfected Strike"],"picked":"SKIP","floor":46.0},{"not_picked":["Armaments","Metallicize"],"picked":"Spot Weakness","floor":47.0}],"player_experience":437175,"relics_obtained":[{"floor":9.0,"key":"Whetstone"},{"floor":26.0,"key":"InkBottle"},{"floor":43.0,"key":"Blue Candle"}],"event_choices":[{"damage_healed":0.0,"max_hp_gain":0.0,"max_hp_loss":0.0,"gold_gain":0.0,"event_name":"Accursed Blacksmith","player_choice":"Rummage","floor":2.0,"gold_loss":0.0,"damage_taken":0.0,"relics_obtained":["WarpedTongs"],"cards_obtained":["Pain"]},{"damage_healed":0.0,"max_hp_gain":0.0,"max_hp_loss":0.0,"gold_gain":0.0,"cards_transformed":["Strike_R","Strike_R"],"event_name":"Drug Dealer","player_choice":"Became Test Subject","floor":19.0,"gold_loss":0.0,"damage_taken":0.0,"cards_obtained":["Havoc","Offering"]},{"damage_healed":0.0,"max_hp_gain":0.0,"max_hp_loss":0.0,"gold_gain":50.0,"event_name":"Nest","player_choice":"Stole From Cult","floor":20.0,"gold_loss":0.0,"damage_taken":0.0},{"damage_healed":0.0,"max_hp_gain":0.0,"max_hp_loss":0.0,"gold_gain":0.0,"event_name":"Upgrade Shrine","player_choice":"Upgraded","floor":22.0,"gold_loss":0.0,"damage_taken":0.0,"cards_upgraded":["Inflame"]},{"damage_healed":0.0,"max_hp_gain":0.0,"max_hp_loss":39.0,"gold_gain":0.0,"event_name":"Ghosts","player_choice":"Became a Ghost","floor":27.0,"gold_loss":0.0,"damage_taken":0.0,"cards_obtained":["Ghostly","Ghostly","Ghostly"]},{"damage_healed":0.0,"max_hp_gain":0.0,"max_hp_loss":0.0,"gold_gain":0.0,"event_name":"Mysterious Sphere","player_choice":"Ignored","floor":36.0,"gold_loss":0.0,"damage_taken":0.0},{"damage_healed":0.0,"max_hp_gain":0.0,"max_hp_loss":0.0,"gold_gain":0.0,"event_name":"OrinTheCat","player_choice":"Ignored","floor":38.0,"gold_loss":0.0,"damage_taken":0.0},{"damage_healed":0.0,"max_hp_gain":0.0,"max_hp_loss":0.0,"gold_gain":0.0,"event_name":"Tomb of Lord Red Mask","player_choice":"Ignored","floor":44.0,"gold_loss":0.0,"damage_taken":0.0}],"is_beta":false,"boss_relics":[{"not_picked":["Runic Pyramid","Runic Dome"],"picked":"Snecko Eye"},{"not_picked":["Black Star","Pandora\u0027s Box"],"picked":"Philosopher\u0027s Stone"}],"items_purged_floors":[4,10],"is_endless":false,"potions_floor_spawned":[3,5,8,14,16,18,25,28,30,37,41,46,47],"killed_by":"Awakened One","ascension_level":18}}