{"host":"xg4r5pv6chpuampg","time":1613501757,"event":{"mods":["AchievementEnabler","BaseMod","Googly Eyes","Minty Spire (QoL Compilation)","StSLib","Together in Spire"],"gold_per_floor":[111,127,127,202,214,214,230,281,306,336,351,351,331,341,341,442,442,455,468,383,85,85,104,104,27,27,27,61,79,79,92,92,92,92],"floor_reached":33,"language":"ENG","playtime":1169,"items_purged":[],"score":342,"play_id":"0666c502-ab7b-4d9f-9d7e-60862ff2b4e9","local_time":"20210216215557","is_ascension_mode":false,"campfire_choices":[{"data":"ForeignInfluence","floor":6,"key":"SMITH"},{"floor":15,"key":"REST"},{"floor":27,"key":"REST"},{"floor":32,"key":"REST"}],"circlet_count":0,"master_deck":["Defend_P","Defend_P+1","Defend_P","Defend_P","Eruption+1","Vigilance","Prostrate+1","Prostrate+1","ForeignInfluence+1","CarveReality","ConjureBlade","Study","Prostrate","Judgement","FollowUp","Collect","BattleHymn","Alpha","Bite","Bite","Bite","Bite","Bite","CrushJoints+1","CarveReality","CarveReality"],"relics":["PureWater","Art of War","PreservedInsect","Vajra","Happy Flower","Busted Crown","War Paint","Orrery","Damaru"],"acts_visited":["Exordium","TheCity"],"potions_floor_usage":[16,31],"damage_taken":[{"damage":1,"enemies":"2 Louse","floor":1,"turns":2},{"damage":15,"enemies":"Small Slimes","floor":2,"turns":3},{"damage":0,"enemies":"Jaw Worm","floor":5,"turns":2},{"damage":9,"enemies":"2 Fungi Beasts","floor":7,"turns":3},{"damage":0,"enemies":"Gremlin Nob","floor":10,"turns":2},{"damage":0,"enemies":"3 Louse","floor":11,"turns":1},{"damage":7,"enemies":"Gremlin Gang","floor":14,"turns":5},{"damage":26,"enemies":"Slime Boss","floor":16,"turns":7},{"damage":0,"enemies":"Spheric Guardian","floor":18,"turns":1},{"damage":22,"enemies":"2 Thieves","floor":19,"turns":3},{"damage":20,"enemies":"Shelled Parasite and Fungi","floor":23,"turns":3},{"damage":0,"enemies":"Gremlin Leader","floor":28,"turns":2},{"damage":7,"enemies":"Centurion and Healer","floor":29,"turns":2},{"damage":30,"enemies":"Snake Plant","floor":31,"turns":2},{"damage":52,"enemies":"Champ","floor":33,"turns":6}],"seed_played":"-3674023751027199997","potions_obtained":[{"floor":7,"key":"Block Potion"},{"floor":10,"key":"BottledMiracle"},{"floor":13,"key":"SteroidPotion"},{"floor":18,"key":"Block Potion"},{"floor":28,"key":"SmokeBomb"},{"floor":31,"key":"BottledMiracle"}],"is_trial":false,"path_per_floor":["M","M","?","?","M","R","M","T","T","E","M","?","?","M","R","B",null,"M","M","?","$","?","M","?","$","T","R","E","M","?","M","R","B"],"character_chosen":"WATCHER","items_purchased":["Collect","BattleHymn","Orrery","CarveReality"],"campfire_rested":3,"item_purchase_floors":[21,21,21,25],"current_hp_per_floor":[71,56,42,31,31,31,22,22,22,22,22,46,46,39,60,34,72,72,50,50,50,50,30,30,30,30,45,47,40,40,14,29,0,0],"gold":92,"neow_bonus":"RANDOM_COMMON_RELIC","is_daily":false,"chose_seed":false,"campfire_upgraded":1,"win_rate":0.0,"timestamp":1613501757,"path_taken":["M","M","?","?","M","R","M","?","T","E","M","?","?","?","R","BOSS","M","M","?","$","?","M","?","?","T","R","E","?","?","?","R","BOSS"],"items_purchased_type":["Card","Card","Relic","Card"],"build_version":"2020-12-22","purchased_purges":0,"victory":false,"max_hp_per_floor":[72,72,72,72,72,72,72,72,72,72,72,72,72,72,72,72,72,72,72,72,72,50,50,50,50,50,50,50,50,50,50,50,50,50],"card_choices":[{"not_picked":["Consecrate","ThirdEye"],"picked":"Prostrate","floor":1},{"not_picked":["FollowUp","WindmillStrike"],"picked":"Prostrate","floor":2},{"not_picked":["EmptyFist","Crescendo"],"picked":"ForeignInfluence","floor":5},{"not_picked":["Consecrate","Meditate"],"picked":"CarveReality","floor":7},{"not_picked":["Vengeance","Halt"],"picked":"ConjureBlade","floor":10},{"not_picked":["ThirdEye","JustLucky"],"picked":"Study","floor":11},{"not_picked":["Crescendo","EmptyFist"],"picked":"Prostrate","floor":14},{"not_picked":["Brilliance","Establishment"],"picked":"Judgement","floor":16},{"not_picked":[],"picked":"FollowUp","floor":18},{"not_picked":["WindmillStrike"],"picked":"SKIP","floor":19},{"not_picked":[],"picked":"Alpha","floor":21},{"not_picked":[],"picked":"CrushJoints+1","floor":23},{"not_picked":[],"picked":"CarveReality","floor":28},{"not_picked":["FlyingSleeves"],"picked":"SKIP","floor":29},{"not_picked":["BowlingBash"],"picked":"SKIP","floor":31}],"player_experience":138838,"relics_obtained":[{"floor":8,"key":"PreservedInsect"},{"floor":9,"key":"Vajra"},{"floor":10,"key":"Happy Flower"},{"floor":28,"key":"Damaru"}],"event_choices":[{"damage_healed":0,"gold_gain":0,"player_choice":"Entered Light","damage_taken":14,"max_hp_gain":0,"max_hp_loss":0,"event_name":"Shining Light","floor":3,"gold_loss":0,"cards_upgraded":["Eruption","Prostrate"]},{"damage_healed":0,"gold_gain":75,"player_choice":"Gather Gold","damage_taken":11,"max_hp_gain":0,"max_hp_loss":0,"event_name":"World of Goop","floor":4,"gold_loss":0},{"damage_healed":24,"gold_gain":0,"player_choice":"Banana","damage_taken":0,"max_hp_gain":0,"max_hp_loss":0,"event_name":"Big Fish","floor":12,"gold_loss":0},{"damage_healed":0,"gold_gain":0,"player_choice":"Bought 1 Potion","damage_taken":0,"max_hp_gain":0,"max_hp_loss":0,"event_name":"The Woman in Blue","floor":13,"gold_loss":0},{"damage_healed":0,"gold_gain":0,"player_choice":"Obtained Relic","damage_taken":0,"relics_obtained":["War Paint"],"max_hp_gain":0,"max_hp_loss":0,"event_name":"Addict","floor":20,"gold_loss":85},{"damage_healed":0,"gold_gain":0,"player_choice":"Became a vampire","damage_taken":0,"max_hp_gain":0,"max_hp_loss":22,"event_name":"Vampires","floor":22,"gold_loss":0,"cards_obtained":["Bite","Bite","Bite","Bite","Bite"]},{"damage_healed":0,"gold_gain":0,"player_choice":"Ignored","damage_taken":0,"max_hp_gain":0,"max_hp_loss":0,"event_name":"Ghosts","floor":24,"gold_loss":0},{"damage_healed":0,"gold_gain":0,"player_choice":"Ignored","damage_taken":0,"max_hp_gain":0,"max_hp_loss":0,"event_name":"N\u0027loth","floor":30,"gold_loss":0}],"is_beta":false,"boss_relics":[{"not_picked":["Cursed Key","Tiny House"],"picked":"Busted Crown"}],"items_purged_floors":[],"is_endless":false,"potions_floor_spawned":[7,10,14,18,23,28,31],"killed_by":"Champ","ascension_level":0}}