{"host":"tqat8h9oealf2qov","time":1613474742,"event":{"mods":["Aspiration","BaseMod","Downfall","Duelist Mod","GifTheSpireLib","Minty Spire (QoL Compilation)","StSLib"],"gold_per_floor":[99,99,99,99,117,117,141,151,167,167,77,92,92,77,90,187,187,187,201,201,140,140,102,178,178,178,178,278,278,305,360,372,474,474,474,474,324,344,357,391,391,137,169,169,200,213,213,228,240,240],"floor_reached":51,"language":"ZHS","playtime":4473,"items_purged":["Slimebound:Defend_Slimebound"],"score":860,"play_id":"6c16dd15-3d1e-4a81-b790-2e14ac285aef","local_time":"20210216192542","is_ascension_mode":true,"campfire_choices":[{"data":"Slimebound:Split","floor":1.0,"key":"SMITH"},{"data":"Slimebound:Repurpose","floor":13.0,"key":"SMITH"},{"data":"Slimebound:FirmFortitude","floor":18.0,"key":"SMITH"},{"data":"Slimebound:Split","floor":25.0,"key":"SMITH"},{"floor":27.0,"key":"REST"},{"data":"Slimebound:LeadByExample","floor":29.0,"key":"SMITH"},{"data":"Slimebound:SlimeBarrage","floor":35.0,"key":"SMITH"},{"floor":44.0,"key":"REST"},{"floor":47.0,"key":"REST"}],"circlet_count":0,"master_deck":["Slimebound:Strike_Slimebound","Slimebound:Tackle","Slimebound:Defend_Slimebound","Slimebound:Defend_Slimebound","Slimebound:Split+1","Slimebound:DivideAndConquer+1","Slimebound:SplitLeeching","Slimebound:SplitLeeching","Slimebound:Repurpose+1","Slimebound:Split+1","Slimebound:MassFeed+1","Slimebound:SplitBruiser","Slimebound:LeadByExample+1","Slimebound:Recycling","Slimebound:SplitAcid","Slimebound:FirmFortitude+1","Slimebound:SlimeBrawl","Slimebound:SlimeTap","Slimebound:SplitMire","Slimebound:SplitAcid","Slimebound:SplitMire","Slimebound:SplitLeeching","Slimebound:SlimeBarrage+1","Slimebound:SplitSpecialist","Slimebound:Recycling","Slimebound:SplitAcid+1","Slimebound:ForwardTackle+1"],"relics":["Slimebound:AbsorbEndCombat","downfall:HeartsMalice","Blood Vial","Empty Cage","aspiration:RitualStick","aspiration:SeaSaltIceCream","NeowsBlessing","Akabeko","Gambling Chip","aspiration:SecretTechniqueScroll","Du-Vu Doll","Regal Pillow","aspiration:FetidBarrel","Toy Ornithopter","Whetstone"],"acts_visited":["Exordium","TheCity","TheBeyond"],"potions_floor_usage":[50],"damage_taken":[{"damage":0.0,"enemies":"Small Slimes","floor":2.0,"turns":1.0},{"damage":0.0,"enemies":"Cultist","floor":3.0,"turns":1.0},{"damage":0.0,"enemies":"Jaw Worm","floor":4.0,"turns":1.0},{"damage":27.0,"enemies":"Large Slime","floor":5.0,"turns":6.0},{"damage":20.0,"enemies":"3 Louse","floor":8.0,"turns":4.0},{"damage":2.0,"enemies":"downfall:LooterAlt","floor":9.0,"turns":4.0},{"damage":0.0,"enemies":"downfall:FleeingMerchant","floor":11.0,"turns":4.0},{"damage":9.0,"enemies":"Exordium Wildlife","floor":12.0,"turns":3.0},{"damage":6.0,"enemies":"downfall:FleeingMerchant","floor":14.0,"turns":4.0},{"damage":21.0,"enemies":"Lots of Slimes","floor":15.0,"turns":4.0},{"damage":10.0,"enemies":"SI_SHIV_ARCHETYPE","floor":16.0,"turns":7.0},{"damage":16.0,"enemies":"Shell Parasite","floor":19.0,"turns":4.0},{"damage":4.0,"enemies":"downfall:FleeingMerchant","floor":21.0,"turns":4.0},{"damage":14.0,"enemies":"downfall:FleeingMerchant","floor":23.0,"turns":4.0},{"damage":0.0,"enemies":"Gremlin Leader","floor":30.0,"turns":1.0},{"damage":0.0,"enemies":"downfall:FleeingMerchant","floor":31.0,"turns":1.0},{"damage":0.0,"enemies":"3 Byrds","floor":32.0,"turns":1.0},{"damage":33.0,"enemies":"WA_ARCHETYPE_CALM","floor":33.0,"turns":8.0},{"damage":8.0,"enemies":"Orb Walker","floor":38.0,"turns":4.0},{"damage":18.0,"enemies":"3 Shapes","floor":39.0,"turns":2.0},{"damage":30.0,"enemies":"Nemesis","floor":40.0,"turns":5.0},{"damage":17.0,"enemies":"Giant Head","floor":43.0,"turns":6.0},{"damage":50.0,"enemies":"Reptomancer","floor":45.0,"turns":4.0},{"damage":0.0,"enemies":"Maw","floor":46.0,"turns":4.0},{"damage":8.0,"enemies":"4 Shapes","floor":48.0,"turns":2.0},{"damage":23.0,"enemies":"Writhing Mass","floor":49.0,"turns":4.0},{"damage":57,"enemies":"DF_ARCHETYPE_ORBS","floor":50,"turns":6}],"seed_played":"45250405435697277","potions_obtained":[{"floor":5.0,"key":"Guardian:BlockOnCardUsePotion"},{"floor":9.0,"key":"AttackPotion"},{"floor":15.0,"key":"ColorlessPotion"},{"floor":49.0,"key":"LiquidMemories"}],"is_trial":false,"path_per_floor":["R","M","M","M","M","?","T","M","M","?","$","M","R","$","M","B",null,"R","M","?","$","?","$","T","R","?","R","?","R","E","$","M","B",null,"R","?","?","M","M","E","T","$","E","R","E","M","R","M","M","B",null],"character_chosen":"SLIMEBOUND","items_purchased":["Slimebound:SplitMire","Slimebound:SplitMire","Gambling Chip","aspiration:FetidBarrel"],"campfire_rested":3,"item_purchase_floors":[21,23,31,42],"current_hp_per_floor":[65,65,65,65,43,43,43,27,34,34,42,37,37,35,31,27,77,77,66,50,54,54,42,42,42,42,66,66,66,68,70,72,50,83,83,83,93,87,82,58,58,58,51,96,50,58,104,98,92,50],"gold":240,"neow_bonus":"THREE_ENEMY_KILL","is_daily":false,"chose_seed":false,"campfire_upgraded":6,"win_rate":0.0,"timestamp":1613474742,"path_taken":["R","M","M","M","M","?","T","?","M","?","?","M","R","$","M","BOSS","R","M","?","$","?","$","T","R","?","R","?","R","E","$","M","BOSS","R","?","?","M","M","E","T","$","E","R","E","?","R","M","M","BOSS"],"items_purchased_type":["Card","Card","Relic","Relic"],"build_version":"2020-12-22","purchased_purges":1,"victory":true,"max_hp_per_floor":[65,65,65,65,65,65,65,65,68,68,68,68,68,68,77,77,77,77,80,80,80,80,80,80,80,80,80,80,80,80,80,80,83,83,83,83,93,93,102,102,102,102,102,102,102,106,106,106,110,110],"card_choices":[{"not_picked":["Slimebound:GoopSpray","Slimebound:HauntingLick"],"picked":"Slimebound:DivideAndConquer","floor":2.0},{"not_picked":["Slimebound:FinishingTackle","Slimebound:RainOfGoop"],"picked":"Slimebound:SplitLeeching","floor":3.0},{"not_picked":["Slimebound:RollThrough","Slimebound:GoopTackle"],"picked":"Slimebound:SplitLeeching","floor":4.0},{"not_picked":["Slimebound:SlimeTap","Slimebound:Prepare"],"picked":"Slimebound:Repurpose","floor":5.0},{"not_picked":["Slimebound:GrowthPunch","Slimebound:ProtectTheBoss"],"picked":"Slimebound:SplitBruiser","floor":8.0},{"not_picked":["Slimebound:RollThrough","Slimebound:Equalize","Slimebound:LivingWall"],"picked":"SKIP","floor":9.0},{"not_picked":["Slimebound:SplitBruiser","Slimebound:Prepare"],"picked":"Slimebound:LeadByExample","floor":11.0},{"not_picked":["Slimebound:ViciousTackle","Slimebound:ForwardTackle","Slimebound:HauntingLick"],"picked":"SKIP","floor":12.0},{"not_picked":["Slimebound:Teamwork","Slimebound:SamplingLick"],"picked":"Slimebound:Recycling","floor":14.0},{"not_picked":["Slimebound:PressTheAttack","Slimebound:MegaLick"],"picked":"Slimebound:SplitAcid","floor":15.0},{"not_picked":["Slimebound:OneTwoCombo","Slimebound:OozeBath"],"picked":"Slimebound:FirmFortitude","floor":16.0},{"not_picked":["Slimebound:FinishingTackle","Slimebound:ItLooksTasty"],"picked":"Slimebound:SlimeBrawl","floor":19.0},{"not_picked":["Slimebound:ComboTackle","Slimebound:RejuvenatingLick+1"],"picked":"Slimebound:SlimeTap","floor":21.0},{"not_picked":["Slimebound:RollThrough","Slimebound:LeechEnergy"],"picked":"Slimebound:SplitAcid","floor":23.0},{"not_picked":["Slimebound:SamplingLick","Slimebound:LeechingTouch"],"picked":"Slimebound:SplitLeeching","floor":30.0},{"not_picked":["Slimebound:SplitLeeching","Slimebound:GoopTackle"],"picked":"Slimebound:SlimeBarrage","floor":31.0},{"not_picked":["Slimebound:LivingWall","Slimebound:SplitBruiser"],"picked":"Slimebound:SplitSpecialist","floor":32.0},{"not_picked":["Slimebound:DouseInSlime","Slimebound:LeechLife"],"picked":"Slimebound:Recycling","floor":33.0},{"not_picked":["Slimebound:HauntingLick+1","Slimebound:HungryTackle"],"picked":"Slimebound:SplitAcid+1","floor":38.0},{"not_picked":["Slimebound:SlimeSpikes","Slimebound:Gluttony"],"picked":"Slimebound:ForwardTackle+1","floor":39.0},{"not_picked":["Slimebound:Schlurp","Slimebound:TongueLash","Slimebound:LeechEnergy"],"picked":"SKIP","floor":40.0},{"not_picked":["Slimebound:SlimeSlap","Slimebound:Equalize+1","Slimebound:Prepare"],"picked":"SKIP","floor":43.0},{"not_picked":["Slimebound:SlimeSlap","Slimebound:LivingWall","Slimebound:Prepare+1"],"picked":"SKIP","floor":45.0},{"not_picked":["Slimebound:Chomp+1","Slimebound:LeechingTouch","Slimebound:GoopTackle"],"picked":"SKIP","floor":46.0},{"not_picked":["Slimebound:RollThrough","Slimebound:GoopTackle+1","Slimebound:SlimeSpikes+1"],"picked":"SKIP","floor":48.0},{"not_picked":["Slimebound:FinishingTackle","Slimebound:LeechingTouch+1","Slimebound:ForwardTackle+1"],"picked":"SKIP","floor":49.0}],"player_experience":414696,"relics_obtained":[{"floor":7.0,"key":"Blood Vial"},{"floor":24.0,"key":"aspiration:SeaSaltIceCream"},{"floor":30.0,"key":"Akabeko"},{"floor":40.0,"key":"Du-Vu Doll"},{"floor":41.0,"key":"Regal Pillow"},{"floor":43.0,"key":"Toy Ornithopter"},{"floor":45.0,"key":"Whetstone"}],"event_choices":[{"damage_healed":0.0,"max_hp_gain":0.0,"max_hp_loss":0.0,"gold_gain":0.0,"event_name":"Ghosts","player_choice":"Ignored","floor":22.0,"gold_loss":0.0,"damage_taken":0.0},{"cards_removed":["Slimebound:Strike_Slimebound"],"damage_healed":0.0,"max_hp_gain":0.0,"max_hp_loss":0.0,"gold_gain":0.0,"event_name":"Falling","player_choice":"Removed Attack","floor":36.0,"gold_loss":0.0,"damage_taken":0.0}],"is_beta":false,"boss_relics":[{"not_picked":["aspiration:RitualDagger","Cursed Key"],"picked":"Empty Cage"},{"not_picked":["Black Star","Snecko Eye"],"picked":"aspiration:SecretTechniqueScroll"}],"items_purged_floors":[11],"is_endless":false,"potions_floor_spawned":[5,9,15,16,30,32,33,38,43,45,49],"ascension_level":2}}