{"host":"51mqhfpmwwd4kxyt","time":1613463417,"event":{"mods":["BaseMod","Colored Powertips","Downfall","Hermit","Highlight Path","Jorbs\u0027s Wanderer Trilogy","Minty Spire (QoL Compilation)","READ ME - Guardian Mod","Remilia??????","StSLib","The Animator","The Bug Knight","The Cursed","The Jungle","The Servant 0.9.4"],"gold_per_floor":[109,109,128,141,66,66,66,16,89,89,101,119,119,135,135,230,230,243,243,263,281,291,291,302,321,321,331,355,355,255,255,255,350,350,360,378,395,71,90,90,90,0,52,52,83,94,114,140,140,140],"floor_reached":51,"language":"ENG","playtime":2783,"items_purged":["Strike_R","Strike_R","Bash"],"score":939,"play_id":"64ba6308-71d5-4052-8ce7-584b83c51b3c","local_time":"20210216031657","is_ascension_mode":true,"campfire_choices":[{"data":"Armaments","floor":6.0,"key":"SMITH"},{"data":"Feel No Pain","floor":13.0,"key":"SMITH"},{"data":"Berserk","floor":15.0,"key":"SMITH"},{"floor":23.0,"key":"REST"},{"floor":29.0,"key":"REST"},{"data":"Berserk","floor":32.0,"key":"SMITH"},{"floor":40,"key":"REST"},{"floor":44,"key":"REST"},{"data":"Demon Form","floor":49,"key":"SMITH"}],"circlet_count":0,"master_deck":["Defend_R","Second Wind","Feel No Pain+1","Armaments+1","Wild Strike","Clash","Berserk+1","Immolate","CurseOfTheBell","Burning Pact","Second Wind","Warcry+1","Warcry+1","Shrug It Off","Berserk+1","Demon Form+1","Dark Embrace+1","Pommel Strike+1","Bludgeon+1","Shrug It Off","Flame Barrier+1","Ghostly Armor+1","Madness","Madness","Feel No Pain+1"],"relics":["Burning Blood","FossilizedHelix","Self Forming Clay","Potion Belt","Calling Bell","Akabeko","InkBottle","Ginger","Ancient Tea Set","PreservedInsect","Astrolabe","Strawberry","Red Mask","Toy Ornithopter","The Courier","MealTicket"],"acts_visited":["Exordium","TheCity","TheBeyond"],"potions_floor_usage":[36,36,39,39,50,50,50],"damage_taken":[{"damage":2.0,"enemies":"Jaw Worm","floor":1.0,"turns":4.0},{"damage":0.0,"enemies":"Cultist","floor":3.0,"turns":5.0},{"damage":0.0,"enemies":"2 Louse","floor":4.0,"turns":4.0},{"damage":4.0,"enemies":"Large Slime","floor":11.0,"turns":13.0},{"damage":0.0,"enemies":"Looter","floor":12.0,"turns":4.0},{"damage":0.0,"enemies":"Exordium Wildlife","floor":14.0,"turns":3.0},{"damage":57.0,"enemies":"Hexaghost","floor":16.0,"turns":12.0},{"damage":13.0,"enemies":"2 Thieves","floor":18.0,"turns":5.0},{"damage":1.0,"enemies":"Chosen","floor":20.0,"turns":6.0},{"damage":2.0,"enemies":"Centurion and Healer","floor":21.0,"turns":8.0},{"damage":19.0,"enemies":"Sentry and Sphere","floor":22.0,"turns":4.0},{"damage":53.0,"enemies":"Shelled Parasite and Fungi","floor":24.0,"turns":10.0},{"damage":13.0,"enemies":"Centurion and Healer","floor":25.0,"turns":4.0},{"damage":0.0,"enemies":"Cultist and Chosen","floor":27.0,"turns":6.0},{"damage":21.0,"enemies":"Collector","floor":33.0,"turns":11.0},{"damage":16,"enemies":"3 Shapes","floor":35,"turns":2},{"damage":15,"enemies":"3 Darklings","floor":36,"turns":5},{"damage":46,"enemies":"4 Shapes","floor":37,"turns":6},{"damage":0,"enemies":"Maw","floor":39,"turns":10},{"damage":0,"enemies":"Giant Head","floor":45,"turns":8},{"damage":0,"enemies":"Transient","floor":46,"turns":5},{"damage":15,"enemies":"Spire Growth","floor":47,"turns":6},{"damage":0,"enemies":"Nemesis","floor":48,"turns":7},{"damage":52,"enemies":"Donu and Deca","floor":50,"turns":9}],"seed_played":"3317015415313004065","potions_obtained":[{"floor":14.0,"key":"DistilledChaos"},{"floor":16.0,"key":"FearPotion"},{"floor":21.0,"key":"PowerPotion"},{"floor":24.0,"key":"DuplicationPotion"},{"floor":25.0,"key":"HeartOfIron"},{"floor":27.0,"key":"SkillPotion"},{"floor":33.0,"key":"Dexterity Potion"},{"floor":35,"key":"FearPotion"},{"floor":37,"key":"PowerPotion"},{"floor":45,"key":"SteroidPotion"},{"floor":48,"key":"FearPotion"}],"is_trial":false,"path_per_floor":["M","?","M","M","$","R","?","?","T","?","M","M","R","M","R","B",null,"M","?","M","M","M","R","M","M","T","M","T","R","$","?","R","B",null,"M","M","M","$","M","R","?","?","T","R","E","M","M","E","R","B",null],"character_chosen":"IRONCLAD","items_purchased":["Strawberry","PowerPotion"],"campfire_rested":4,"item_purchase_floors":[38,38],"current_hp_per_floor":[55,55,61,67,67,67,67,67,67,67,69,75,75,80,80,29,67,60,60,65,69,56,80,33,26,26,32,32,56,56,56,56,41,70,60,51,11,18,24,50,39,39,39,65,71,77,68,74,74,43],"gold":140,"neow_bonus":"ONE_RARE_RELIC","is_daily":false,"chose_seed":false,"campfire_upgraded":5,"win_rate":0.0,"timestamp":1613463417,"path_taken":["M","?","M","?","$","R","?","?","T","?","M","?","R","M","R","BOSS","M","?","M","M","M","R","M","M","T","M","?","R","?","?","R","BOSS","M","M","M","$","M","R","?","?","T","R","E","M","M","E","R","BOSS"],"items_purchased_type":["Relic","Potion"],"build_version":"2020-12-22","purchased_purges":3,"victory":true,"max_hp_per_floor":[80,80,80,80,80,80,80,80,80,80,80,80,80,80,80,80,80,80,80,80,80,80,80,80,80,80,80,80,80,80,80,80,80,80,80,80,80,87,87,87,87,87,87,87,87,87,87,87,87,87],"card_choices":[{"not_picked":["Iron Wave","True Grit"],"picked":"Second Wind","floor":1.0},{"not_picked":["Shockwave","Headbutt"],"picked":"Feel No Pain","floor":3.0},{"not_picked":["True Grit","Heavy Blade"],"picked":"Armaments","floor":4.0},{"not_picked":["Body Slam","Burning Pact"],"picked":"Wild Strike","floor":11.0},{"not_picked":["Cleave","Whirlwind"],"picked":"Clash","floor":12.0},{"not_picked":["Flame Barrier","Clothesline"],"picked":"Berserk","floor":14.0},{"not_picked":["Reaper","Limit Break"],"picked":"Immolate","floor":16.0},{"not_picked":["Reckless Charge","Headbutt"],"picked":"Burning Pact","floor":18.0},{"not_picked":["Heavy Blade","Anger+1"],"picked":"Second Wind","floor":20.0},{"not_picked":["Flex","Bloodletting+1","Twin Strike"],"picked":"SKIP","floor":21.0},{"not_picked":["Shockwave","Ghostly Armor+1"],"picked":"Warcry+1","floor":22.0},{"not_picked":["Bloodletting+1","Twin Strike+1"],"picked":"Warcry+1","floor":24.0},{"not_picked":["Iron Wave","Anger+1"],"picked":"Shrug It Off","floor":25.0},{"not_picked":["Anger+1","Cleave"],"picked":"Berserk","floor":27.0},{"not_picked":["Impervious","Feed"],"picked":"Demon Form","floor":33.0},{"not_picked":["Hemokinesis+1","Pommel Strike","Clothesline+1"],"picked":"SKIP","floor":35},{"not_picked":["Thunderclap+1","Wild Strike+1"],"picked":"Shrug It Off","floor":36},{"not_picked":["Thunderclap","Clothesline"],"picked":"Flame Barrier+1","floor":37},{"not_picked":["Cleave+1","Warcry+1"],"picked":"Ghostly Armor+1","floor":39},{"not_picked":["Clothesline","True Grit+1","Limit Break"],"picked":"SKIP","floor":45},{"not_picked":["Armaments","Body Slam","Rupture+1"],"picked":"SKIP","floor":46},{"not_picked":["Perfected Strike","Headbutt","Rampage+1"],"picked":"SKIP","floor":47},{"not_picked":["Thunderclap","Body Slam"],"picked":"Feel No Pain+1","floor":48}],"player_experience":425186,"relics_obtained":[{"floor":9.0,"key":"Self Forming Clay"},{"floor":17.0,"key":"Akabeko"},{"floor":17.0,"key":"InkBottle"},{"floor":17.0,"key":"Ginger"},{"floor":26.0,"key":"Ancient Tea Set"},{"floor":28.0,"key":"PreservedInsect"},{"floor":43,"key":"Toy Ornithopter"},{"floor":45,"key":"The Courier"},{"floor":48,"key":"MealTicket"}],"event_choices":[{"cards_removed":["Strike_R"],"damage_healed":0.0,"max_hp_gain":0.0,"max_hp_loss":0.0,"gold_gain":0.0,"event_name":"Bonfire Elementals","player_choice":"Offered Basic","floor":2.0,"gold_loss":0.0,"damage_taken":0.0},{"cards_removed":["Strike_R"],"damage_healed":0.0,"max_hp_gain":0.0,"max_hp_loss":0.0,"gold_gain":0.0,"event_name":"Living Wall","player_choice":"Forget","floor":7.0,"gold_loss":0.0,"damage_taken":0.0},{"cards_removed":["Strike_R"],"damage_healed":0.0,"max_hp_gain":0.0,"max_hp_loss":0.0,"gold_gain":0.0,"event_name":"The Cleric","player_choice":"Card Removal","floor":8.0,"gold_loss":50.0,"damage_taken":0.0},{"damage_healed":0.0,"max_hp_gain":0.0,"max_hp_loss":0.0,"gold_gain":0.0,"event_name":"Dead Adventurer","player_choice":"Searched \u00272\u0027 times","floor":10.0,"gold_loss":0.0,"damage_taken":0.0,"relics_obtained":["Potion Belt"]},{"damage_healed":0.0,"max_hp_gain":0.0,"max_hp_loss":0.0,"gold_gain":0.0,"event_name":"Vampires","player_choice":"Ignored","floor":19.0,"gold_loss":0.0,"damage_taken":0.0},{"damage_healed":0,"gold_gain":0,"player_choice":"Embrace Madness","damage_taken":11,"max_hp_gain":0,"max_hp_loss":0,"event_name":"Winding Halls","floor":41,"gold_loss":0,"cards_obtained":["Madness","Madness"]},{"damage_healed":0,"gold_gain":0,"player_choice":"Paid","damage_taken":0,"relics_obtained":["Red Mask"],"max_hp_gain":0,"max_hp_loss":0,"event_name":"Tomb of Lord Red Mask","floor":42,"gold_loss":90}],"is_beta":false,"boss_relics":[{"not_picked":["Fusion Hammer","Black Blood"],"picked":"Calling Bell"},{"not_picked":["Velvet Choker","Runic Dome"],"picked":"Astrolabe"}],"items_purged_floors":[5,30,38],"is_endless":false,"potions_floor_spawned":[14,16,21,24,25,27,33,35,37,45,48],"ascension_level":6}}