{"host":"clf2hd4adhiiw0zf","time":1613514747,"event":{"mods":["AchievementEnabler","BaseMod","Beaked The Cultist","Bestiary","Dark Map","Downfall","Gremlin Mod","Hermit","Jorbs\u0027s Wanderer Trilogy","Marisa????????","Minty Spire (QoL Compilation)","Shop Mod","StSLib","The Cursed","Wide Potions"],"gold_per_floor":[99,112,112,177,169,189,212,240,40,40,58,91,114,157,176,279,279,279,31,31,131,131,131,131,158,196,221,221,252,202,202,214,325,325,325,335,360,360,377,41,41,69,82,82,82,46,79,91,111,111],"floor_reached":51,"language":"ENG","playtime":5177,"items_purged":[],"score":965,"play_id":"1a489c08-664b-4e66-9161-f1edf7670677","local_time":"20210216153227","is_ascension_mode":true,"campfire_choices":[{"floor":1,"key":"RECALL"},{"data":"hexamod:UnlimitedPower","floor":9,"key":"SMITH"},{"data":"hexamod:RetreatToShadows","floor":18,"key":"SMITH"},{"data":"hexamod:FastForward","floor":23,"key":"SMITH"},{"floor":28,"key":"REST"},{"data":"hexamod:ApocalypticArmor","floor":35,"key":"SMITH"},{"data":"hexamod:ApocalypseNow","floor":45,"key":"SMITH"}],"circlet_count":0,"master_deck":["hexamod:Sear","hexamod:Float","hexamod:UnlimitedPower+1","hexamod:NightmareGuise+1","hexamod:SwordOfDarkness","hexamod:GhostOfSpireFuture","hexamod:HauntingEcho+1","hexamod:GhostOfSpirePresent","hexamod:InspiringFlames+1","hexamod:RetreatToShadows+1","hexamod:Hexaguard","hexamod:ShieldOfDarkness+1","hexamod:AdvancingGuard","hexamod:GiftsFromTheDead","hexamod:SwordOfDarkness+1","hexamod:HauntingEcho+1","hexamod:SuperheatedStrike+1","hexamod:FastForward+1","hexamod:ThirdSeal","hexamod:FastForward","hexamod:ThirdSeal","hexamod:GhostflameBarrier+1","hexamod:StepThrough","hexamod:InspiringFlames","hexamod:StepThrough+1","hexamod:FastForward+1","hexamod:TimeOfNeed","hexamod:PhantomCloak+1","hexamod:TimeWarp","hexamod:GhostOfSpirePresent","Necronomicurse","hexamod:FirstSeal","hexamod:ThirdSeal","hexamod:ApocalypseNow+1","hexamod:TimeWarp","hexamod:ApocalypticArmor+1","hexamod:ThirdSeal","hexamod:ForkedFlame","hexamod:ThermalTransfer+1"],"relics":["hexamod:SpiritBrand","Gremlin Horn","downfall:HeartBlessingRed","downfall:HeartBlessingBlue","The Courier","Kunai","Pandora\u0027s Box","hexamod:JarOfFuel","Oddly Smooth Stone","downfall:RedIOU","InkBottle","Ancient Tea Set","Mummified Hand","Necronomicon","Busted Crown","hexamod:TheBrokenSeal","Shuriken","Medical Kit","Strawberry","White Beast Statue","Strange Spoon","Blood Vial","MealTicket","Bag of Marbles"],"acts_visited":["Exordium","TheCity","TheBeyond"],"potions_floor_usage":[11,19,25,26,27,29,29,32,33,33,36,47,49,50,50,50,50,50],"damage_taken":[{"damage":0,"enemies":"Cultist","floor":2,"turns":3},{"damage":20,"enemies":"3 Sentries","floor":4,"turns":11},{"damage":0,"enemies":"Small Slimes","floor":6,"turns":3},{"damage":3,"enemies":"2 Louse","floor":8,"turns":3},{"damage":11,"enemies":"Exordium Wildlife","floor":11,"turns":4},{"damage":25,"enemies":"Gremlin Nob","floor":12,"turns":5},{"damage":3,"enemies":"3 Louse","floor":13,"turns":4},{"damage":19,"enemies":"Lagavulin","floor":14,"turns":7},{"damage":9,"enemies":"Gremlin Gang","floor":15,"turns":5},{"damage":44,"enemies":"WA_ARCHETYPE_RETAIN","floor":16,"turns":14},{"damage":0,"enemies":"downfall:FleeingMerchant","floor":19,"turns":4},{"damage":17,"enemies":"downfall:LooterAlt2","floor":25,"turns":7},{"damage":55,"enemies":"Slavers","floor":26,"turns":7},{"damage":0,"enemies":"Shell Parasite","floor":27,"turns":6},{"damage":26,"enemies":"Book of Stabbing","floor":29,"turns":4},{"damage":0,"enemies":"Snake Plant","floor":32,"turns":4},{"damage":24,"enemies":"SI_MIRROR_ARCHETYPE","floor":33,"turns":10},{"damage":31,"enemies":"Orb Walker","floor":36,"turns":5},{"damage":3,"enemies":"3 Shapes","floor":37,"turns":6},{"damage":35,"enemies":"Writhing Mass","floor":39,"turns":6},{"damage":0,"enemies":"downfall:FleeingMerchant","floor":40,"turns":4},{"damage":20,"enemies":"Nemesis","floor":42,"turns":6},{"damage":0,"enemies":"4 Shapes","floor":43,"turns":3},{"damage":6,"enemies":"downfall:FleeingMerchant","floor":46,"turns":3},{"damage":110,"enemies":"Giant Head","floor":47,"turns":10},{"damage":0,"enemies":"Maw","floor":48,"turns":6},{"damage":3,"enemies":"Writhing Mass","floor":49,"turns":3},{"damage":42,"enemies":"DF_ARCHETYPE_ORBS","floor":50,"turns":6}],"seed_played":"1144824826984510410","potions_obtained":[{"floor":8,"key":"hexamod:EctoCoolerPotion"},{"floor":12,"key":"Regen Potion"},{"floor":13,"key":"bronze:BurnAndBuffPotion"},{"floor":16,"key":"ColorlessPotion"},{"floor":19,"key":"Block Potion"},{"floor":25,"key":"hexamod:SoulburnPotion"},{"floor":26,"key":"champ:CounterPotion"},{"floor":27,"key":"SkillPotion"},{"floor":29,"key":"FairyPotion"},{"floor":29,"key":"LiquidMemories"},{"floor":32,"key":"PowerPotion"},{"floor":32,"key":"hexamod:DoubleChargePotion"},{"floor":33,"key":"ColorlessPotion"},{"floor":38,"key":"Guardian:BlockOnCardUsePotion"},{"floor":43,"key":"ColorlessPotion"},{"floor":47,"key":"Energy Potion"},{"floor":48,"key":"EntropicBrew"},{"floor":49,"key":"Strength Potion"}],"is_trial":false,"path_per_floor":["R","M","T","?","?","M","T","M","R","?","M","E","M","E","M","B",null,"R","$","?","?","?","R","T","M","E","M","R","E","?","?","M","B",null,"R","M","M","?","M","$","T","E","M","?","R","$","E","M","M","B",null],"character_chosen":"THE_SPIRIT","items_purchased":["hexamod:JarOfFuel","Oddly Smooth Stone","Shuriken","Medical Kit","Strange Spoon","Blood Vial","MealTicket"],"campfire_rested":1,"item_purchase_floors":[19,19,40,40,46,46,46],"current_hp_per_floor":[49,49,49,29,22,29,29,33,43,80,76,58,62,50,48,11,80,80,80,80,80,80,80,80,63,15,15,39,29,59,43,50,40,80,80,63,90,90,62,69,76,63,63,63,63,57,36,45,51,32],"gold":111,"neow_bonus":"THREE_RARE_CARDS","is_daily":false,"chose_seed":false,"campfire_upgraded":5,"win_rate":0.0,"timestamp":1613514747,"path_taken":["R","M","?","?","?","?","T","M","R","?","M","E","?","E","M","BOSS","R","?","?","?","?","R","T","?","E","M","R","E","?","?","M","BOSS","R","M","M","?","?","$","T","E","M","?","R","$","E","?","M","BOSS"],"items_purchased_type":["Relic","Relic","Relic","Relic","Relic","Relic","Relic"],"build_version":"2020-12-22","purchased_purges":0,"victory":true,"max_hp_per_floor":[70,70,70,70,70,70,70,70,80,80,80,80,80,80,80,80,80,80,80,80,80,80,80,80,80,80,80,80,80,80,80,80,80,80,80,80,90,90,90,90,97,97,97,97,97,97,97,97,97,97],"card_choices":[{"not_picked":["hexamod:GhostOfSpirePresent","hexamod:ForkedFlame"],"picked":"hexamod:UnlimitedPower","floor":0},{"not_picked":["hexamod:Firestarter","hexamod:AdvancingGuard"],"picked":"hexamod:ShieldOfDarkness","floor":2},{"not_picked":["hexamod:Firestarter","hexamod:SoulSteal"],"picked":"hexamod:NightmareGuise","floor":4},{"not_picked":["hexamod:GhostOfSpirePast","hexamod:Incineration"],"picked":"hexamod:SwordOfDarkness","floor":6},{"not_picked":["hexamod:HeatMetal","hexamod:GhostLash","hexamod:HeatCrush"],"picked":"SKIP","floor":6},{"not_picked":["hexamod:PowerFromBeyond","hexamod:BurningTouch","hexamod:SpectralAdrenaline"],"picked":"SKIP","floor":8},{"not_picked":["hexamod:RadiantFlame","hexamod:GhostLash","hexamod:SwordOfDarkness"],"picked":"SKIP","floor":8},{"not_picked":["hexamod:HeatShield","hexamod:FlamesFromBeyond"],"picked":"hexamod:GhostOfSpireFuture","floor":11},{"not_picked":["hexamod:InspiringFlames","hexamod:SkipABeat"],"picked":"hexamod:HauntingEcho","floor":11},{"not_picked":["hexamod:GhostOfSpireFuture","hexamod:HeatShield"],"picked":"hexamod:GhostOfSpirePresent","floor":12},{"not_picked":["hexamod:GhostLash","hexamod:GhostShield","hexamod:GhostOfSpireFuture"],"picked":"SKIP","floor":12},{"not_picked":["hexamod:HeatShield","hexamod:NightmareStrike"],"picked":"hexamod:InspiringFlames","floor":13},{"not_picked":["hexamod:SwordOfDarkness","hexamod:BacktrackSmack"],"picked":"hexamod:RetreatToShadows","floor":13},{"not_picked":["hexamod:GhostOfSpireFuture","hexamod:FlamesFromBeyond"],"picked":"hexamod:Hexaguard","floor":14},{"not_picked":["hexamod:SpectralSpark","hexamod:SwordOfDarkness","hexamod:ParanormalForm"],"picked":"SKIP","floor":14},{"not_picked":["hexamod:NecessarySacrifice","hexamod:GhostShield"],"picked":"hexamod:ShieldOfDarkness","floor":15},{"not_picked":["hexamod:Incineration","hexamod:BacktrackSmack"],"picked":"hexamod:AdvancingGuard","floor":15},{"not_picked":["hexamod:Toasty","hexamod:VolcanoVisage"],"picked":"hexamod:GiftsFromTheDead","floor":16},{"not_picked":["hexamod:FlameSwitch","hexamod:GhostOfSpirePresent"],"picked":"hexamod:SixthSeal","floor":16},{"not_picked":["hexamod:FirstSeal","hexamod:BurningTouch"],"picked":"hexamod:GhostflameBarrier+1","floor":19},{"not_picked":["hexamod:SearingWound","hexamod:GhostOfSpireFuture"],"picked":"hexamod:StepThrough","floor":19},{"not_picked":["hexamod:NightmareStrike","hexamod:GhostflameBarrier"],"picked":"hexamod:InspiringFlames","floor":19},{"not_picked":["hexamod:SkipABeat","hexamod:RainOfEmbers+1"],"picked":"hexamod:StepThrough+1","floor":19},{"not_picked":["hexamod:NightmareGuise","hexamod:Firestarter"],"picked":"hexamod:FastForward+1","floor":25},{"not_picked":["hexamod:BurningTouch+1","hexamod:FlamesFromBeyond"],"picked":"hexamod:TimeOfNeed","floor":25},{"not_picked":["hexamod:BacktrackSmack","hexamod:SwordOfDarkness+1","hexamod:BurningTouch"],"picked":"SKIP","floor":25},{"not_picked":["hexamod:NightmareGuise","hexamod:DynamicBlow","hexamod:AdvancingGuard+1"],"picked":"SKIP","floor":25},{"not_picked":["hexamod:FastForward","hexamod:SkipABeat"],"picked":"hexamod:PhantomCloak+1","floor":26},{"not_picked":["hexamod:GhostLash","hexamod:HeatShield+1"],"picked":"hexamod:TimeWarp","floor":26},{"not_picked":["hexamod:PhantomFireball","hexamod:NightmareGuise+1","hexamod:SkipABeat"],"picked":"SKIP","floor":26},{"not_picked":["hexamod:RetreatToShadows","hexamod:Toasty","hexamod:InspiringFlames"],"picked":"SKIP","floor":26},{"not_picked":["hexamod:HauntingEcho","hexamod:ThermalTransfer","hexamod:BurningTouch"],"picked":"SKIP","floor":27},{"not_picked":["hexamod:ThermalTransfer+1","hexamod:ChargedBarrage","hexamod:RecurringNightmare"],"picked":"SKIP","floor":27},{"not_picked":["hexamod:FirstSeal","hexamod:SwordOfDarkness","hexamod:Hexaguard+1"],"picked":"SKIP","floor":27},{"not_picked":["hexamod:HeatMetal","hexamod:ThermalTransfer+1","hexamod:PhantomFireball+1"],"picked":"SKIP","floor":27},{"not_picked":["hexamod:ExtraCrispy","hexamod:Hexaguard"],"picked":"hexamod:GhostOfSpirePresent","floor":29},{"not_picked":["hexamod:SkipABeat+1","hexamod:FlamesFromBeyond+1","hexamod:ThermalTransfer"],"picked":"SKIP","floor":29},{"not_picked":["hexamod:FlamesFromBeyond","hexamod:SwordOfDarkness","hexamod:EtherealExpedition"],"picked":"SKIP","floor":29},{"not_picked":["hexamod:BurningTouch","hexamod:HauntingEcho"],"picked":"hexamod:FirstSeal","floor":32},{"not_picked":["hexamod:NightmareGuise","hexamod:RainOfEmbers"],"picked":"hexamod:ThirdSeal","floor":32},{"not_picked":["hexamod:FlamesFromBeyond","hexamod:DynamicBlow","hexamod:RadiantFlame"],"picked":"SKIP","floor":32},{"not_picked":["hexamod:SearingWound","hexamod:ForkedFlame"],"picked":"hexamod:ApocalypseNow","floor":33},{"not_picked":["hexamod:Toasty","hexamod:WildfireWeapon"],"picked":"hexamod:TimeWarp","floor":33},{"not_picked":["hexamod:TimeWarp","hexamod:SearingWound"],"picked":"hexamod:ApocalypticArmor","floor":33},{"not_picked":["hexamod:ForkedFlame","hexamod:TimeOfNeed"],"picked":"hexamod:FifthSeal","floor":33},{"not_picked":["hexamod:FirstSeal","hexamod:SixthSeal"],"picked":"hexamod:ThirdSeal","floor":36},{"not_picked":["hexamod:NightmareStrike+1"],"picked":"SKIP","floor":36},{"not_picked":["hexamod:SpectralAdrenaline"],"picked":"SKIP","floor":36},{"not_picked":["hexamod:FastForward"],"picked":"SKIP","floor":36},{"not_picked":["hexamod:ThermalTransfer+1"],"picked":"SKIP","floor":36},{"not_picked":["hexamod:InspiringFlames"],"picked":"SKIP","floor":37},{"not_picked":["hexamod:HeatMetal+1"],"picked":"SKIP","floor":37},{"not_picked":["hexamod:HeatCrush+1"],"picked":"SKIP","floor":37},{"not_picked":["hexamod:PhantomFireball"],"picked":"SKIP","floor":37},{"not_picked":["hexamod:Incineration"],"picked":"SKIP","floor":39},{"not_picked":["hexamod:ShieldOfDarkness"],"picked":"SKIP","floor":39},{"not_picked":["hexamod:RainOfEmbers+1"],"picked":"SKIP","floor":39},{"not_picked":["hexamod:ShieldOfDarkness+1"],"picked":"SKIP","floor":39},{"not_picked":["hexamod:Toasty"],"picked":"SKIP","floor":39},{"not_picked":["hexamod:HeatMetal+1"],"picked":"SKIP","floor":40},{"not_picked":["hexamod:UnleashSpirits"],"picked":"SKIP","floor":40},{"not_picked":["hexamod:HauntingEcho"],"picked":"SKIP","floor":40},{"not_picked":["hexamod:ExtraCrispy"],"picked":"SKIP","floor":40},{"not_picked":["hexamod:SuperheatedStrike+1"],"picked":"SKIP","floor":42},{"not_picked":["hexamod:FastForward+1"],"picked":"SKIP","floor":42},{"not_picked":["hexamod:FourthSeal"],"picked":"SKIP","floor":42},{"not_picked":["hexamod:NightmareGuise+1"],"picked":"SKIP","floor":42},{"not_picked":["hexamod:RetreatToShadows+1"],"picked":"SKIP","floor":42},{"not_picked":["hexamod:PhantomFireball"],"picked":"SKIP","floor":43},{"not_picked":["hexamod:BacktrackSmack+1"],"picked":"SKIP","floor":43},{"not_picked":["hexamod:SoulSteal"],"picked":"SKIP","floor":43},{"not_picked":["hexamod:InspiringFlames+1"],"picked":"SKIP","floor":43},{"not_picked":["hexamod:NightmareGuise"],"picked":"SKIP","floor":43},{"not_picked":["hexamod:FlamesFromBeyond"],"picked":"SKIP","floor":46},{"not_picked":["hexamod:HeatCrush"],"picked":"SKIP","floor":46},{"not_picked":["hexamod:CatchUp+1"],"picked":"SKIP","floor":46},{"not_picked":[],"picked":"hexamod:ForkedFlame","floor":47},{"not_picked":["hexamod:HeatShield+1"],"picked":"SKIP","floor":47},{"not_picked":["hexamod:ThirdSeal"],"picked":"SKIP","floor":47},{"not_picked":["hexamod:InspiringFlames+1"],"picked":"SKIP","floor":47},{"not_picked":["hexamod:Rewind+1"],"picked":"SKIP","floor":47},{"not_picked":["hexamod:Incineration"],"picked":"SKIP","floor":48},{"not_picked":["hexamod:SpectersWail"],"picked":"SKIP","floor":48},{"not_picked":["hexamod:SuperheatedStrike+1"],"picked":"SKIP","floor":48},{"not_picked":["hexamod:BacktrackSmack"],"picked":"SKIP","floor":48},{"not_picked":["hexamod:SuperheatedStrike"],"picked":"SKIP","floor":48},{"not_picked":[],"picked":"hexamod:ThermalTransfer+1","floor":49},{"not_picked":["hexamod:NightmareStrike+1"],"picked":"SKIP","floor":49}],"player_experience":338202,"relics_obtained":[{"floor":3,"key":"Gremlin Horn"},{"floor":4,"key":"Bag of Preparation"},{"floor":12,"key":"The Courier"},{"floor":14,"key":"Kunai"},{"floor":24,"key":"InkBottle"},{"floor":26,"key":"Ancient Tea Set"},{"floor":29,"key":"Mummified Hand"},{"floor":31,"key":"Necronomicon"},{"floor":41,"key":"Strawberry"},{"floor":42,"key":"White Beast Statue"},{"floor":47,"key":"Bag of Marbles"}],"event_choices":[{"damage_healed":37,"gold_gain":0,"player_choice":"Full Heal","damage_taken":0,"max_hp_gain":0,"max_hp_loss":0,"event_name":"Wheel of Change","floor":10,"gold_loss":0},{"damage_healed":0,"gold_gain":0,"player_choice":"Read","damage_taken":0,"max_hp_gain":0,"max_hp_loss":0,"event_name":"The Library","floor":20,"gold_loss":0,"cards_obtained":["hexamod:RecurringNightmare"]},{"damage_healed":0,"gold_gain":0,"player_choice":"Got Potions","damage_taken":0,"max_hp_gain":0,"max_hp_loss":0,"event_name":"Lab","floor":38,"gold_loss":0}],"is_beta":false,"boss_relics":[{"not_picked":["Tiny House","Empty Cage"],"picked":"Pandora\u0027s Box"},{"not_picked":["Astrolabe","SacredBark"],"picked":"Busted Crown"}],"items_purged_floors":[],"is_endless":false,"potions_floor_spawned":[8,12,13,16,27,29,32,33,39,42,43,46,47,48,49],"ascension_level":3}}