{"host":"43wsnxh97mgjl5zw","time":1613507293,"event":{"mods":["Aspiration","BaseMod","Colored Map","Colored Powertips","Conspire","Downfall","Halation","Hubris","Minty Spire (QoL Compilation)","Quick Restart","Rare Cards Sparkle","Relic Sorter","Replay The Spire","StSLib"],"gold_per_floor":[16,16,34,49,66,66,99,99,99,99,117,143,143,176,176,176,176],"floor_reached":16,"language":"ENG","playtime":523,"items_purged":[],"score":240,"play_id":"1c6106ed-cee6-410c-b9e6-30cabdcff8ec","local_time":"20210216222813","is_ascension_mode":true,"campfire_choices":[{"data":"hubris:SharpeningStone","floor":6.0,"key":"SMITH"},{"floor":8.0,"key":"REST"},{"data":"Armaments","floor":15,"key":"SMITH"}],"circlet_count":0,"master_deck":["AscendersBane","Strike_R","Strike_R","Strike_R","Strike_R","Strike_R","Defend_R","Defend_R","Defend_R","Defend_R","Bash","Mayhem+1","Run Through","Perfected Strike","hubris:SharpeningStone+1","Pommel Strike","conspire:ExplosiveBarrier","Armaments+1"],"relics":["Burning Blood","Blue Doll","CaptainsWheel","halation:TwoAmDonut","Eternal Feather"],"acts_visited":["Exordium"],"potions_floor_usage":[16],"damage_taken":[{"damage":11.0,"enemies":"2 Louse","floor":1.0,"turns":4.0},{"damage":2.0,"enemies":"Jaw Worm","floor":3.0,"turns":3.0},{"damage":4.0,"enemies":"Small Slimes","floor":4.0,"turns":4.0},{"damage":18.0,"enemies":"3 Louse","floor":5.0,"turns":4.0},{"damage":55.0,"enemies":"3 Sentries","floor":7.0,"turns":11.0},{"damage":9.0,"enemies":"Blue Slaver","floor":11.0,"turns":3.0},{"damage":23.0,"enemies":"Lagavulin","floor":12.0,"turns":5.0},{"damage":23,"enemies":"3 Sentries","floor":14,"turns":9},{"damage":27,"enemies":"The Guardian","floor":16,"turns":5}],"seed_played":"1471573929521508008","potions_obtained":[{"floor":1.0,"key":"Adrenaline Potion"},{"floor":7.0,"key":"Slimebound:ThreeZeroPotion"},{"floor":14,"key":"Weak Potion"}],"is_trial":false,"path_per_floor":["M","?","M","M","M","R","E","R","T","?","M","E","?","E","R","B"],"character_chosen":"IRONCLAD","items_purchased":[],"campfire_rested":1,"item_purchase_floors":[],"current_hp_per_floor":[63,63,67,69,57,57,8,30,30,55,52,35,35,18,27,0,0],"gold":176,"neow_bonus":"RANDOM_COLORLESS_2","is_daily":false,"chose_seed":false,"campfire_upgraded":2,"win_rate":0.0,"timestamp":1613507293,"path_taken":["M","?","M","M","M","R","E","R","T","?","M","E","?","E","R","BOSS"],"items_purchased_type":[],"build_version":"2020-12-22","purchased_purges":0,"victory":false,"max_hp_per_floor":[75,75,75,75,75,75,75,75,75,75,75,75,75,75,75,75,75],"card_choices":[{"not_picked":["Transmutation","Master of Strategy"],"picked":"Mayhem","floor":0.0},{"not_picked":["ReplayTheSpireMod:LeadingStrike","Havoc"],"picked":"Run Through","floor":1.0},{"not_picked":["Sword Boomerang","hubris:CleavingFinish"],"picked":"Perfected Strike","floor":3.0},{"not_picked":["Replay:Undeath\u0027s Touch","Battle Trance"],"picked":"hubris:SharpeningStone","floor":4.0},{"not_picked":["Seeing Red","Run Through"],"picked":"Pommel Strike","floor":5.0},{"not_picked":["Fire Breathing","Shockwave"],"picked":"conspire:ExplosiveBarrier","floor":7.0},{"not_picked":["Clash","ReplayTheSpireMod:Corrosion Curse","Havoc"],"picked":"SKIP","floor":11.0},{"not_picked":["hubris:CleavingFinish","Massacre","Twin Strike"],"picked":"SKIP","floor":12.0},{"not_picked":["hubris:ReadiedAction","Replay:Many Hands"],"picked":"Armaments","floor":14}],"player_experience":1257990,"relics_obtained":[{"floor":7.0,"key":"Blue Doll"},{"floor":9.0,"key":"CaptainsWheel"},{"floor":12.0,"key":"halation:TwoAmDonut"},{"floor":14,"key":"Eternal Feather"}],"event_choices":[{"damage_healed":0.0,"max_hp_gain":0.0,"max_hp_loss":0.0,"gold_gain":0.0,"event_name":"Liars Game","player_choice":"Ignored","floor":2.0,"gold_loss":0.0,"damage_taken":0.0},{"damage_healed":25.0,"max_hp_gain":0.0,"max_hp_loss":0.0,"gold_gain":0.0,"event_name":"Big Fish","player_choice":"Banana","floor":10.0,"gold_loss":0.0,"damage_taken":0.0}],"is_beta":false,"boss_relics":[],"items_purged_floors":[],"is_endless":false,"potions_floor_spawned":[1,7,14],"killed_by":"The Guardian","ascension_level":20}}