{"host":"e1dlxrn9xf91lno8","time":1613500560,"event":{"mods":["AchievementEnabler","Aspiration","Bard","BaseMod","Beaked The Cultist","Bestiary","Better Altar","Better Sensory Stone","Better Third Choice","BetterRewards","Bossed Relics","Colored Map","Colored Powertips","Energized Spire","Filter the Spire","GungeonMod","Hermit","Highlight Path","Hubris","Infinite Spire","Mimic Mod","Minty Spire (QoL Compilation)","Morshu Shopkeeper","Morshu Shopkeeper - ENHANCED","Quick Restart","Rare Cards Sparkle","Reliquary","Replay The Spire","Shop Mod","Smile Girya","Somnambulant","StSLib","The Blue Laboratory","The Cursed","The Disciple","The Runesmith","Together in Spire","Uncapped","everything is the same but u backflip on backflip","slay the spire mod where everything is the same but ironclad has a cowboy hat"],"gold_per_floor":[109,73,85,85,103,103,122,122,122,122,122,141,165,185,185,295,295,311,311,311,311,328,345,365,380,380,380,380,86,96,116,116,116,116],"floor_reached":33,"language":"ENG","playtime":1277,"items_purged":["hermit:Defend_Hermit"],"score":293,"play_id":"b5d96f46-6f2c-443b-9c02-622d46fe5f11","local_time":"20210216133600","is_ascension_mode":false,"campfire_choices":[{"data":"hermit:Maintenance","floor":6,"key":"SMITH"},{"data":"hermit:GoldenBullet","floor":8,"key":"SMITH"},{"floor":11,"key":"REST"},{"data":"hermit:Determination","floor":15,"key":"SMITH"},{"floor":28,"key":"REST"},{"floor":32,"key":"REST"}],"circlet_count":0,"master_deck":["hermit:Strike_Hermit","hermit:Strike_Hermit","hermit:Strike_Hermit","hermit:Strike_Hermit+1","hermit:Defend_Hermit","hermit:Defend_Hermit","hermit:Defend_Hermit","hermit:Snapshot","hermit:Covet+1","hermit:GoldenBullet+1","hermit:Maintenance+1","hermit:Showdown","hermit:Dive","hermit:Determination+1","hermit:Headshot","hermit:RoundhouseKick","hermit:LowProfile+1","Overencumbered","TheCursedMod:Dregs","ReplayTheSpireMod:Chaos Vortex","infinitespire:Collect","Dramatic Entrance","hermit:Headshot","hermit:Maintenance+1","hermit:HighCaliber","hermit:CalledShot+1","hermit:HighCaliber"],"relics":["hermit:Momento","aspiration:Nostalgia","Ring of the Snake","hermit:RyeStalk","aspiration:RitualDagger","DemoMod:VorpalBullet","Ring of Panic","Ring of Fangs","reliquary:FeatherDuster"],"acts_visited":["Exordium","TheCity"],"potions_floor_usage":[33],"damage_taken":[{"damage":1,"enemies":"Cultist","floor":1,"turns":3},{"damage":15,"enemies":"Jaw Worm","floor":3,"turns":6},{"damage":3,"enemies":"Small Slimes","floor":5,"turns":3},{"damage":0,"enemies":"Red Slaver","floor":7,"turns":2},{"damage":9,"enemies":"Gremlin Gang","floor":12,"turns":4},{"damage":0,"enemies":"2 Fungi Beasts","floor":13,"turns":3},{"damage":0,"enemies":"Blue Slaver","floor":14,"turns":1},{"damage":0,"enemies":"Slime Boss","floor":16,"turns":10},{"damage":21,"enemies":"Chosen","floor":18,"turns":6},{"damage":18,"enemies":"3 Byrds","floor":22,"turns":6},{"damage":24,"enemies":"Shelled Parasite and Fungi","floor":23,"turns":5},{"damage":79,"enemies":"Centurion and Healer","floor":24,"turns":12},{"damage":29,"enemies":"Cultist and Chosen","floor":25,"turns":6},{"damage":21,"enemies":"Snake Plant","floor":30,"turns":2},{"damage":23,"enemies":"3 Cultists","floor":31,"turns":5},{"damage":41,"enemies":"Collector","floor":33,"turns":4}],"seed_played":"7275636916165180809","potions_obtained":[{"floor":5,"key":"DemoMod:LeadSkinPotion"},{"floor":7,"key":"Energy Potion"},{"floor":16,"key":"Ancient Potion"}],"is_trial":false,"path_per_floor":["M","$","M","?","M","R","M","R","T","?","R","M","M","M","R","B",null,"M","?","AVR","?","M","M","M","M","T","?","R","$","M","M","R","B"],"character_chosen":"HERMIT","items_purchased":["hermit:Maintenance","reliquary:FeatherDuster","hermit:HighCaliber"],"campfire_rested":3,"item_purchase_floors":[2,29,29],"current_hp_per_floor":[74,74,59,59,56,56,56,56,56,41,63,54,54,54,54,54,75,54,54,54,54,36,12,32,22,22,22,44,44,32,28,50,18,18],"gold":116,"neow_bonus":"NOSTALGIA","is_daily":false,"chose_seed":false,"campfire_upgraded":3,"win_rate":0.0,"timestamp":1613500560,"path_taken":["M","?","M","?","?","R","?","R","T","?","R","M","M","M","R","BOSS","M","?","AVR","?","M","M","M","M","T","?","R","?","M","M","R","BOSS"],"items_purchased_type":["Card","Relic","Card"],"build_version":"2020-12-22","purchased_purges":1,"victory":false,"max_hp_per_floor":[75,75,75,75,75,75,75,75,75,75,75,75,75,75,75,75,75,75,75,75,75,75,75,75,75,75,75,75,75,75,75,75,75,75],"card_choices":[{"not_picked":["hermit:FullyLoaded","hermit:Gestalt"],"picked":"hermit:GoldenBullet","floor":1},{"not_picked":["hermit:BodyArmor","hermit:ItchyTrigger"],"picked":"hermit:Glare","floor":3},{"not_picked":["hermit:Coalescence","hermit:HoleUp"],"picked":"hermit:Showdown","floor":5},{"not_picked":["hermit:Coalescence","hermit:Snipe"],"picked":"hermit:Dive","floor":7},{"not_picked":["hermit:ItchyTrigger","hermit:Vantage"],"picked":"hermit:Scavenge","floor":12},{"not_picked":["hermit:Spite","hermit:Roulette"],"picked":"hermit:Determination","floor":13},{"not_picked":["hermit:ItchyTrigger","hermit:Scavenge"],"picked":"hermit:Headshot","floor":14},{"not_picked":["hermit:Adapt","hermit:EternalForm"],"picked":"hermit:RoundhouseKick","floor":16},{"not_picked":["hermit:Manifest","hermit:Snipe"],"picked":"hermit:LowProfile+1","floor":18},{"not_picked":["infinitespire:UltimateForm","infinitespire:Oblivion"],"picked":"ReplayTheSpireMod:Chaos Vortex","floor":19},{"not_picked":["Sadistic Nature","Purity"],"picked":"Specialist","floor":21},{"not_picked":["Flash of Steel","Mind Blast"],"picked":"Dramatic Entrance","floor":21},{"not_picked":["hermit:PistolWhip","hermit:Combo"],"picked":"hermit:TakeAim+1","floor":22},{"not_picked":["hermit:ItchyTrigger","hermit:TakeAim+1"],"picked":"hermit:LoneWolf","floor":23},{"not_picked":["hermit:Snipe","hermit:LoneWolf"],"picked":"hermit:Headshot","floor":24},{"not_picked":["hermit:Midnight","hermit:Headshot+1"],"picked":"hermit:Maintenance+1","floor":25},{"not_picked":["hermit:Glare","hermit:Snipe"],"picked":"hermit:CalledShot+1","floor":30},{"not_picked":["hermit:Midnight","hermit:Vantage+1"],"picked":"hermit:HighCaliber","floor":31}],"player_experience":26114,"relics_obtained":[{"floor":9,"key":"hermit:RyeStalk"},{"floor":26,"key":"DemoMod:VorpalBullet"},{"floor":27,"key":"Ring of Panic"},{"floor":27,"key":"Ring of Fangs"}],"event_choices":[{"damage_healed":0,"gold_gain":0,"player_choice":"Ignored","damage_taken":0,"max_hp_gain":0,"max_hp_loss":0,"event_name":"NoteForYourself","floor":4,"gold_loss":0},{"damage_healed":56,"gold_gain":0,"player_choice":"Upgrade","damage_taken":15,"max_hp_gain":0,"max_hp_loss":75,"event_name":"betterThird:BetterShining","floor":10,"gold_loss":0,"cards_upgraded":["hermit:Strike_Hermit","hermit:Covet"]},{"damage_healed":0,"gold_gain":2,"player_choice":"1","damage_taken":0,"max_hp_gain":0,"max_hp_loss":0,"event_name":"betterStone:BetterStone","floor":21,"gold_loss":0}],"is_beta":false,"boss_relics":[{"not_picked":["Astrolabe","Sozu"],"picked":"aspiration:RitualDagger"}],"items_purged_floors":[20],"is_endless":false,"potions_floor_spawned":[5,7,16,23,30],"killed_by":"Collector","ascension_level":0}}