{"host":"mxr7fl53uuvtjusr","time":1613440724,"event":{"mods":["2.2 Compatiblity","AchievementEnabler","Act Like it!","BaseMod","BetterRewards","Block Reminder","Colored Map","Colored Powertips","Dark Map","Downfall","GifTheSpireLib","Highlight Path","Minty Spire (QoL Compilation)","Permanent Neow","Quick Restart","Rare Cards Sparkle","StSLib"],"gold_per_floor":[99,111,111,111,127,141,191,211,226,226,239,258,158,158,175,273,273,273,273,273,299,299,299,299,91,124,136,36,49,49,34,49,150,150,150,161,172,172,217,187,256,306,324,334,234,244,244,244,263,263,263,294,37,37,37,37,37,37],"floor_reached":56,"language":"ENG","playtime":5019,"items_purged":["champ:Defend","champ:Defend"],"score":734,"play_id":"2938a98c-b79f-4642-b1c1-d59b43455db2","local_time":"20210215175844","is_ascension_mode":false,"campfire_choices":[{"floor":1.0,"key":"RECALL"},{"data":"champ:Taunt","floor":10.0,"key":"SMITH"},{"data":"champ:HeavySlash","floor":13.0,"key":"SMITH"},{"data":"champ:Backstep","floor":18.0,"key":"SMITH"},{"data":"champ:TripleStrike","floor":23.0,"key":"SMITH"},{"data":"champ:RecklessLeap","floor":28.0,"key":"SMITH"},{"data":"champ:Strike","floor":30.0,"key":"SMITH"},{"data":"champ:StanceDance","floor":35.0,"key":"SMITH"},{"data":"champ:FalseCounter","floor":45.0,"key":"SMITH"},{"data":"champ:HoldFirm","floor":47.0,"key":"SMITH"},{"data":"champ:EnGarde","floor":54.0,"key":"SMITH"}],"circlet_count":0,"master_deck":["champ:Strike+1","champ:Strike+1","champ:Strike+1","champ:Defend","champ:Defend","champ:Execute","champ:Taunt+1","champ:Backstep+1","champ:Encircle","champ:BringItOn","champ:HeavySlash+1","champ:TornadoPunch","champ:RecklessLeap+1","champ:StanceDance+1","champ:GutPunch","champ:FanOfKnives","champ:TripleStrike+1","champ:PreciseThrust+1","champ:HoldFirm+1","champ:Shatter","champ:EnGarde+1","champ:CrookedStrike","champ:Circumvent+1","champ:BladeFlurry","CurseOfTheBell","CurseOfTheBell","champ:StanceDance+1","champ:FalseCounter+1","champ:FlashCut","expansioncontent:GuardianWhirl","champ:UltimateStance","champ:Duel+1"],"relics":["champ:ChampionCrown","Whetstone","downfall:HeartBlessingRed","Orichalcum","Coffee Dripper","Oddly Smooth Stone","Ornamental Fan","champ:BerserkersGuideToSlaughter","Calipers","downfall:HeartBlessingGreen","SlaversCollar","downfall:ExtraCursedBell","Boot","Meat on the Bone","Peace Pipe","champ:GladiatorsBookOfMartialProwess","Kunai","Thread and Needle","downfall:HeartBlessingBlue","Mummified Hand","Medical Kit"],"acts_visited":["Exordium","TheCity","TheBeyond","TheEnding"],"potions_floor_usage":[55,56],"damage_taken":[{"damage":23.0,"enemies":"Jaw Worm","floor":2.0,"turns":4.0},{"damage":5.0,"enemies":"Small Slimes","floor":5.0,"turns":4.0},{"damage":0.0,"enemies":"2 Louse","floor":6.0,"turns":4.0},{"damage":1.0,"enemies":"Exordium Wildlife","floor":8.0,"turns":4.0},{"damage":17.0,"enemies":"Blue Slaver","floor":9.0,"turns":3.0},{"damage":5.0,"enemies":"3 Louse","floor":11.0,"turns":2.0},{"damage":11.0,"enemies":"downfall:LooterAlt","floor":12.0,"turns":3.0},{"damage":18.0,"enemies":"Blue Slaver","floor":15.0,"turns":2.0},{"damage":33.0,"enemies":"IC_STATUS_ARCHETYPE","floor":16.0,"turns":9.0},{"damage":0.0,"enemies":"Chosen","floor":19.0,"turns":1.0},{"damage":10.0,"enemies":"downfall:FleeingMerchant","floor":25.0,"turns":4.0},{"damage":40.0,"enemies":"Gremlin Leader","floor":26.0,"turns":6.0},{"damage":10.0,"enemies":"downfall:LooterAlt2","floor":27.0,"turns":2.0},{"damage":4.0,"enemies":"Centurion and Healer","floor":29.0,"turns":5.0},{"damage":40.0,"enemies":"downfall:FleeingMerchant","floor":31.0,"turns":4.0},{"damage":4.0,"enemies":"Snake Plant","floor":32.0,"turns":4.0},{"damage":61.0,"enemies":"DF_ARCHETYPE_CLAW","floor":33.0,"turns":8.0},{"damage":0.0,"enemies":"3 Darklings","floor":36.0,"turns":5.0},{"damage":0.0,"enemies":"3 Shapes","floor":37.0,"turns":3.0},{"damage":54.0,"enemies":"2 Orb Walkers","floor":39.0,"turns":6.0},{"damage":2.0,"enemies":"downfall:FleeingMerchant","floor":40.0,"turns":4.0},{"damage":5.0,"enemies":"downfall:FleeingMerchant","floor":42.0,"turns":6.0},{"damage":12.0,"enemies":"Jaw Worm Horde","floor":43.0,"turns":5.0},{"damage":23.0,"enemies":"Writhing Mass","floor":44.0,"turns":6.0},{"damage":12.0,"enemies":"4 Shapes","floor":46.0,"turns":6.0},{"damage":20.0,"enemies":"Transient","floor":49.0,"turns":5.0},{"damage":10.0,"enemies":"WA_ARCHETYPE_DIVINITY","floor":50.0,"turns":23.0},{"damage":55.0,"enemies":"downfall:CharBossMerchant","floor":52.0,"turns":10.0},{"damage":87,"enemies":"downfall:NeowBoss","floor":55,"turns":26},{"damage":73,"enemies":"downfall:NeowBossFinal","floor":56,"turns":11}],"seed_played":"-3771289815133175399","potions_obtained":[{"floor":2.0,"key":"Swift Potion"},{"floor":6.0,"key":"hexamod:SoulburnPotion"},{"floor":9.0,"key":"EntropicBrew"},{"floor":15.0,"key":"Swift Potion"},{"floor":16.0,"key":"SkillPotion"},{"floor":27.0,"key":"DuplicationPotion"},{"floor":29.0,"key":"Guardian:BlockOnCardUsePotion"},{"floor":32.0,"key":"champ:TechniquePotion"},{"floor":33.0,"key":"CultistPotion"},{"floor":39.0,"key":"Weak Potion"},{"floor":42.0,"key":"champ:CounterPotion"},{"floor":46.0,"key":"PowerPotion"}],"is_trial":false,"path_per_floor":["R","M","?","?","M","M","T","M","M","R","M","M","R","?","M","B",null,"R","M","?","T","?","R","T","$","E","M","R","M","R","$","M","B",null,"R","M","M","?","?","$","T","?","M","M","R","M","R","?","M","B",null,"E","$","R","B","B"],"character_chosen":"THE_CHAMP","items_purchased":["champ:Shatter","champ:BerserkersGuideToSlaughter","Kunai","champ:FlashCut","Medical Kit"],"campfire_rested":0,"item_purchase_floors":[25,25,40,40,53],"current_hp_per_floor":[90,87,92,92,87,87,87,86,69,69,64,63,63,60,57,34,95,95,95,95,95,95,95,95,95,80,90,90,91,91,95,91,70,95,95,95,95,95,88,93,93,95,83,80,90,83,83,83,93,103,105,75,75,75,68,0,0,0],"gold":37,"neow_bonus":"THREE_CARDS","is_daily":false,"chose_seed":false,"campfire_upgraded":10,"win_rate":0.0,"timestamp":1613440724,"path_taken":["R","M","?","?","M","M","T","M","M","R","M","M","R","?","M","BOSS","R","M","?","?","?","R","T","$","E","M","R","M","R","?","M","BOSS","R","M","M","?","?","?","T","?","?","M","R","M","R","?","M","BOSS","E","$","R","BOSS","BOSS"],"items_purchased_type":["Card","Relic","Relic","Card","Relic"],"build_version":"2020-12-22","purchased_purges":2,"victory":false,"max_hp_per_floor":[90,90,95,95,95,95,95,95,95,95,95,95,95,95,95,95,95,95,95,95,95,95,95,95,95,95,95,95,95,95,95,95,95,95,95,95,95,95,95,95,95,95,95,95,105,105,105,105,105,105,105,105,105,105,105,105,105,105],"card_choices":[{"not_picked":["champ:FlashCut","champ:BladeFlurry"],"picked":"champ:Backstep","floor":0.0},{"not_picked":["champ:BladeFlurry","champ:ShieldSlam"],"picked":"champ:Encircle","floor":2.0},{"not_picked":["champ:ShieldWall","champ:PerfectedStrike"],"picked":"champ:BringItOn","floor":5.0},{"not_picked":["champ:FaceSlap","champ:EndlessRage"],"picked":"champ:HeavySlash","floor":6.0},{"not_picked":["champ:BladeFlurry","champ:PerfectedStrike"],"picked":"champ:TornadoPunch","floor":8.0},{"not_picked":["champ:PerfectedStrike","champ:BerserkersShout"],"picked":"champ:RecklessLeap","floor":9.0},{"not_picked":["champ:Endure","champ:GutPunch"],"picked":"champ:StanceDance","floor":11.0},{"not_picked":["champ:DefensiveShout","champ:BerserkersShout"],"picked":"champ:GutPunch","floor":12.0},{"not_picked":["champ:FocusedBerserking","champ:CalledShot"],"picked":"champ:FanOfKnives","floor":15.0},{"not_picked":["champ:HeavySlash","champ:Devastate"],"picked":"champ:TripleStrike","floor":16.0},{"not_picked":["champ:EnGarde","champ:BerserkersShout"],"picked":"champ:PreciseThrust+1","floor":19.0},{"not_picked":["champ:CrookedStrike+1","champ:BringItOn"],"picked":"champ:HoldFirm","floor":25.0},{"not_picked":["champ:RisingSlash","champ:ShieldThrow"],"picked":"champ:EnGarde","floor":26.0},{"not_picked":["champ:Circumvent","champ:IronFortress+1"],"picked":"champ:CrookedStrike","floor":27.0},{"not_picked":["champ:FlashCut","champ:EnGarde"],"picked":"champ:Circumvent+1","floor":29.0},{"not_picked":["champ:FancyFootwork","champ:Endure","champ:SkillfulDodge"],"picked":"SKIP","floor":31.0},{"not_picked":["champ:BringItOn+1","champ:TornadoPunch","champ:PreemptiveStrike+1"],"picked":"SKIP","floor":32.0},{"not_picked":["champ:CrownThrow+1","champ:Haymaker+1"],"picked":"champ:BladeFlurry","floor":36.0},{"not_picked":["champ:ShieldWall+1","champ:CrownThrow+1","champ:Backstep+1"],"picked":"SKIP","floor":37.0},{"not_picked":["champ:GladiatorStyle","champ:SetATrap+1"],"picked":"champ:StanceDance+1","floor":39.0},{"not_picked":["champ:Lariat","champ:FocusedDefense"],"picked":"champ:FalseCounter","floor":40.0},{"not_picked":["champ:EndlessRage","champ:FanOfKnives+1","champ:Haymaker"],"picked":"SKIP","floor":43.0},{"not_picked":["champ:Backstep+1","champ:BladeFlurry+1","champ:CrownThrow"],"picked":"SKIP","floor":44.0},{"not_picked":["champ:Backstep+1","champ:Shatter+1","champ:PerfectedStrike+1"],"picked":"SKIP","floor":46.0},{"not_picked":["expansioncontent:PolyBeam","expansioncontent:Hexaburn"],"picked":"expansioncontent:GuardianWhirl","floor":48.0},{"not_picked":["champ:BladeFlurry","champ:Backstep"],"picked":"champ:UltimateStance","floor":49.0},{"not_picked":["champ:Backstep+1","champ:PerfectedStrike+1"],"picked":"champ:Duel+1","floor":52.0}],"player_experience":250369,"relics_obtained":[{"floor":7.0,"key":"Whetstone"},{"floor":21.0,"key":"Oddly Smooth Stone"},{"floor":24.0,"key":"Ornamental Fan"},{"floor":26.0,"key":"Calipers"},{"floor":38.0,"key":"Boot"},{"floor":38.0,"key":"Meat on the Bone"},{"floor":38.0,"key":"Peace Pipe"},{"floor":39.0,"key":"champ:GladiatorsBookOfMartialProwess"},{"floor":42.0,"key":"Thread and Needle"},{"floor":52.0,"key":"Mummified Hand"}],"event_choices":[{"damage_healed":0.0,"max_hp_gain":5.0,"max_hp_loss":0.0,"gold_gain":0.0,"event_name":"Big Fish","player_choice":"Donut","floor":3.0,"gold_loss":0.0,"damage_taken":0.0},{"damage_healed":0.0,"max_hp_gain":0.0,"max_hp_loss":0.0,"gold_gain":0.0,"event_name":"Scrap Ooze","player_choice":"Success","floor":14.0,"gold_loss":0.0,"damage_taken":3.0,"relics_obtained":["Orichalcum"]},{"damage_healed":0.0,"max_hp_gain":0.0,"max_hp_loss":0.0,"gold_gain":0.0,"event_name":"Mysterious Sphere","player_choice":"Fight","floor":39.0,"gold_loss":0.0,"damage_taken":0.0}],"is_beta":false,"boss_relics":[{"not_picked":["bronze:MakeshiftBattery","Empty Cage"],"picked":"Coffee Dripper"},{"not_picked":["Snecko Eye","SacredBark"],"picked":"SlaversCollar"}],"items_purged_floors":[40,53],"is_endless":false,"potions_floor_spawned":[2,6,9,11,15,16,27,29,32,33,39,42,46],"killed_by":"downfall:NeowBossFinal","ascension_level":0}}