{"host":"y4fuci1jk2rsxnep","time":1613435038,"event":{"mods":["AchievementEnabler","BaseMod","Colored Powertips","Custom Start","Defuse TimeMaze Blight","Dio Mod","Downfall","Hermit","Hero for Fun","Hubris","Hunter ??","Infinite Spire","Minty Spire (QoL Compilation)","Quick Restart","Reliquary","Remove Card Discount Mod","Replay The Spire","StSLib","The Blackbeard","The Bug Knight","The Mystic","The Runesmith"],"gold_per_floor":[109,109,123,273,273,298,298,332,332,350,364,381,381,398,398,503,503,521,537,554,552,562,562,587,587,587],"floor_reached":25,"language":"ENG","playtime":3638,"items_purged":["hubris:Disease"],"score":286,"play_id":"5c6a3f55-18c9-4f70-8193-fd2a4e6e4eb0","local_time":"20210216012358","is_ascension_mode":true,"campfire_choices":[{"data":"hermit:Midnight","floor":7,"key":"SMITH"},{"data":"hermit:LoneWolf","floor":13,"key":"SMITH"},{"data":"hermit:ShadowCloak","floor":15,"key":"SMITH"},{"floor":23,"key":"REST"}],"circlet_count":0,"master_deck":["hermit:Strike_Hermit","hermit:Strike_Hermit","hermit:Strike_Hermit","hermit:Strike_Hermit","hermit:Defend_Hermit","hermit:Defend_Hermit","hermit:Defend_Hermit","hermit:Snapshot","hermit:Covet","hermit:Midnight+1","hermit:GoldenBullet","Pain","hermit:LoneWolf+1","hermit:Gambit","hermit:HoleUp","hermit:Deadeye","hermit:ShadowCloak+1","hermit:FatalDesire","hermit:Determination+1","hermit:Glare+1"],"relics":["hermit:Momento","NeowsBlessing","ReplayTheSpireMod:CursedCoin","WarpedTongs","FossilizedHelix","Snack Pack","SlaversCollar","Gremlin Food"],"acts_visited":["Exordium","TheCity"],"potions_floor_usage":[20,24,25],"damage_taken":[{"damage":0,"enemies":"2 Louse","floor":1,"turns":1},{"damage":0,"enemies":"Cultist","floor":3,"turns":1},{"damage":0,"enemies":"3 Sentries","floor":6,"turns":2},{"damage":36,"enemies":"Gremlin Nob","floor":8,"turns":6},{"damage":0,"enemies":"Jaw Worm","floor":10,"turns":5},{"damage":1,"enemies":"Looter","floor":11,"turns":3},{"damage":0,"enemies":"2 Fungi Beasts","floor":12,"turns":2},{"damage":12,"enemies":"Large Slime","floor":14,"turns":7},{"damage":8,"enemies":"Hexaghost","floor":16,"turns":11},{"damage":0,"enemies":"Chosen","floor":18,"turns":8},{"damage":14,"enemies":"Centurion and Healer","floor":19,"turns":8},{"damage":29,"enemies":"Chosen and Byrds","floor":20,"turns":7},{"damage":24,"enemies":"3 Cultists","floor":22,"turns":6},{"damage":10,"enemies":"Book of Stabbing","floor":24,"turns":7},{"damage":42,"enemies":"Snake Plant","floor":25,"turns":3}],"seed_played":"-6126011604242177455","potions_obtained":[{"floor":1,"key":"champ:CounterPotion"},{"floor":8,"key":"sneckomod:MuddlingPotion"},{"floor":10,"key":"Energy Potion"},{"floor":12,"key":"Energy Potion"},{"floor":19,"key":"Block Potion"},{"floor":20,"key":"Weak Potion"}],"is_trial":false,"path_per_floor":["M","?","M","$","?","E","R","E","T","M","M","M","R","M","R","B",null,"M","M","M","$","M","R","E","M"],"character_chosen":"HERMIT","items_purchased":["ReplayTheSpireMod:CursedCoin"],"campfire_rested":1,"item_purchase_floors":[4],"current_hp_per_floor":[75,75,75,75,75,75,75,39,39,41,40,40,40,32,32,32,75,75,65,36,36,16,38,36,0,0],"gold":587,"neow_bonus":"THREE_ENEMY_KILL","is_daily":false,"chose_seed":false,"campfire_upgraded":3,"win_rate":0.0,"timestamp":1613435038,"path_taken":["M","?","M","$","?","E","R","E","T","?","M","M","R","M","R","BOSS","M","M","M","$","M","R","E","M"],"items_purchased_type":["Relic"],"build_version":"2020-12-22","purchased_purges":1,"victory":false,"max_hp_per_floor":[75,75,75,75,75,75,75,75,75,75,75,75,75,75,75,75,75,75,75,75,75,75,75,75,75,75],"card_choices":[{"not_picked":["hermit:Quickdraw","hermit:Feint"],"picked":"hermit:Midnight","floor":1},{"not_picked":["hermit:LuckOfTheDraw","hermit:Misfire"],"picked":"hermit:GoldenBullet","floor":3},{"not_picked":["hermit:Ricochet","hermit:Roulette"],"picked":"hermit:LoneWolf","floor":6},{"not_picked":["hermit:TakeCover","hermit:Ricochet"],"picked":"hermit:Gambit","floor":8},{"not_picked":["hermit:Vantage","hermit:Shortfuse","hermit:SprayPray"],"picked":"SKIP","floor":10},{"not_picked":["hermit:TrackingShot","hermit:Desperado"],"picked":"hermit:HoleUp","floor":11},{"not_picked":["hermit:Reprieve","hermit:Horror"],"picked":"hermit:Deadeye","floor":12},{"not_picked":["hermit:Misfire","hermit:Showdown"],"picked":"hermit:ShadowCloak","floor":14},{"not_picked":["hermit:Roughhouse","hermit:RoundhouseKick"],"picked":"hermit:FatalDesire","floor":16},{"not_picked":["hermit:Enervate","hermit:Glare","hermit:Misfire"],"picked":"SKIP","floor":18},{"not_picked":["hermit:Misfire","hermit:EyeOfTheStorm"],"picked":"hermit:Determination+1","floor":19},{"not_picked":["hermit:GoldenBullet","hermit:Glare","hermit:PistolWhip+1"],"picked":"SKIP","floor":20},{"not_picked":["hermit:Headshot","hermit:HighCaliber"],"picked":"hermit:Glare+1","floor":22},{"not_picked":["hermit:Snipe+1","hermit:Vantage","hermit:TrackingShot"],"picked":"SKIP","floor":24}],"player_experience":604049,"relics_obtained":[{"floor":6,"key":"FossilizedHelix"},{"floor":8,"key":"Snack Pack"},{"floor":24,"key":"Gremlin Food"}],"event_choices":[{"cards_removed":["hermit:Defend_Hermit"],"damage_healed":0,"gold_gain":0,"player_choice":"Offered Basic","damage_taken":0,"max_hp_gain":0,"max_hp_loss":0,"event_name":"Bonfire Elementals","floor":2,"gold_loss":0},{"damage_healed":0,"gold_gain":0,"player_choice":"Rummage","damage_taken":0,"relics_obtained":["WarpedTongs"],"max_hp_gain":0,"max_hp_loss":0,"event_name":"Accursed Blacksmith","floor":5,"gold_loss":0,"cards_obtained":["Pain"]}],"is_beta":false,"boss_relics":[{"not_picked":["hubris:BlackHole","Fusion Hammer"],"picked":"SlaversCollar"}],"items_purged_floors":[21],"is_endless":false,"potions_floor_spawned":[1,8,10,12,19,20],"killed_by":"Snake Plant","ascension_level":2}}