{"host":"xp27heuvanyklt0b","time":1613479589,"event":{"mods":["100% Spire Juice","BaseMod","CapriCore","Koishi","Lobotomy","Minty Spire (QoL Compilation)","StSLib","The Immortal"],"gold_per_floor":[119,137,154,166,166,191,217,229,241,253,265,277,304,316,316],"floor_reached":14,"language":"KOR","playtime":354,"items_purged":[],"score":101,"play_id":"9f008b25-f770-4d1c-b711-53f7c783c400","local_time":"20210216214629","is_ascension_mode":true,"campfire_choices":[{"floor":8,"key":"REST"},{"data":"Koishi:StingingMind","floor":11,"key":"SMITH"}],"circlet_count":0,"master_deck":["Koishi:BasicStrike","Koishi:BasicStrike","Koishi:BasicStrike","Koishi:BasicStrike","Koishi:BasicDefend","Koishi:BasicDefend","Koishi:BasicDefend","Koishi:BasicDefend","Koishi:Provoke","Koishi:HauntingSlash","Koishi:FleetingPhantom","Koishi:DreadfulBlow","Koishi:PhantomStrike","Koishi:DNAsFlaw","Koishi:SpiritedAway","Koishi:StingingMind+1","Injury","Koishi:MassHysteria"],"relics":["Koishi:ImaginaryFriend","NeowsBlessing","MawBank","Golden Idol"],"acts_visited":["Exordium"],"potions_floor_usage":[],"damage_taken":[{"damage":0,"enemies":"Jaw Worm","floor":1,"turns":1},{"damage":0,"enemies":"Small Slimes","floor":2,"turns":1},{"damage":0,"enemies":"Cultist","floor":3,"turns":1},{"damage":11,"enemies":"Red Slaver","floor":4,"turns":5},{"damage":39,"enemies":"Lagavulin","floor":6,"turns":9},{"damage":12,"enemies":"Exordium Wildlife","floor":7,"turns":6},{"damage":26,"enemies":"Exordium Thugs","floor":13,"turns":6},{"damage":13,"enemies":"3 Sentries","floor":14,"turns":2}],"seed_played":"5677654197064319970","potions_obtained":[{"floor":3,"key":"PowerPotion"},{"floor":6,"key":"Strength Potion"},{"floor":13,"key":"Weak Potion"}],"is_trial":false,"path_per_floor":["M","M","M","M","?","E","M","R","T","$","R","?","M","E"],"character_chosen":"KOISHI","items_purchased":[],"campfire_rested":1,"item_purchase_floors":[],"current_hp_per_floor":[60,60,60,52,52,20,11,29,29,29,29,29,6,0,0],"gold":316,"neow_bonus":"THREE_ENEMY_KILL","is_daily":false,"chose_seed":false,"campfire_upgraded":1,"win_rate":0.0,"timestamp":1613479589,"path_taken":["M","M","M","M","?","E","M","R","T","$","R","?","M","E"],"items_purchased_type":[],"build_version":"2020-12-22","purchased_purges":0,"victory":false,"max_hp_per_floor":[60,60,60,60,60,60,60,60,60,60,60,60,60,60,60],"card_choices":[{"not_picked":["Koishi:HeartAttack","Koishi:Jaunt"],"picked":"Koishi:FleetingPhantom","floor":1},{"not_picked":["Koishi:CatchAndRose","Koishi:ParalyzingFear"],"picked":"Koishi:DreadfulBlow","floor":2},{"not_picked":["Koishi:Prune","Koishi:ReflexRadar"],"picked":"Koishi:PhantomStrike","floor":3},{"not_picked":["Koishi:ApparitionsStalkTheNight","Koishi:Jaunt"],"picked":"Koishi:DNAsFlaw","floor":4},{"not_picked":["Koishi:FidgetySnatcher","Koishi:PhilosophyOfTheDespised"],"picked":"Koishi:SpiritedAway","floor":6},{"not_picked":["Koishi:IdleWhim","Koishi:CatchAndRose"],"picked":"Koishi:StingingMind","floor":7},{"not_picked":["Koishi:PhantomBarrier","Koishi:Prune"],"picked":"Koishi:MassHysteria","floor":13}],"player_experience":310930,"relics_obtained":[{"floor":6,"key":"MawBank"}],"event_choices":[{"damage_healed":0,"gold_gain":0,"player_choice":"Ignored","damage_taken":0,"max_hp_gain":0,"max_hp_loss":0,"event_name":"Golden Wing","floor":5,"gold_loss":0},{"damage_healed":0,"gold_gain":0,"player_choice":"Take Wound","damage_taken":0,"relics_obtained":["Golden Idol"],"max_hp_gain":0,"max_hp_loss":0,"event_name":"Golden Idol","floor":12,"gold_loss":0,"cards_obtained":["Injury"]}],"is_beta":false,"boss_relics":[],"items_purged_floors":[],"is_endless":false,"potions_floor_spawned":[3,6,13],"killed_by":"3 Sentries","ascension_level":2}}