{"host":"or8fr2mp0k3eluj8","time":1613455885,"event":{"mods":["AchievementEnabler","BaseMod","Colored Map","DeckTracker","Minty Spire (QoL Compilation)","StSLib","SuperFastMode"],"gold_per_floor":[110,123,141,141,141,174,186,206,206,245,277,315,347,393,405,520,532,557,494,523,535,558,595,607,647,659,671,716,398,398,411,411,512,512,522,540,297,297,297],"floor_reached":38,"language":"KOR","playtime":3416,"items_purged":["Disarm","Spot Weakness"],"score":536,"play_id":"2b9e19d0-fbbd-4680-bdaa-f376c61afe5b","local_time":"20210216151125","is_ascension_mode":true,"campfire_choices":[{"data":"Uppercut","floor":15.0,"key":"SMITH"},{"data":"Berserk","floor":24.0,"key":"SMITH"},{"floor":32,"key":"REST"}],"circlet_count":0,"master_deck":["Bash+1","Power Through","Pommel Strike","Ghostly Armor","Battle Trance","Cleave","Shrug It Off","Disarm","Twin Strike","Uppercut+1","Berserk+1","Inflame","Immolate","Infernal Blade","Fiend Fire","Battle Trance","Warcry","Metallicize","Wild Strike","Combust","Evolve","Havoc+1","Feel No Pain","Brutality"],"relics":["Burning Blood","Orichalcum","MawBank","Happy Flower","Mercury Hourglass","Letter Opener","Pandora\u0027s Box","Ornamental Fan","Meat on the Bone","Toxic Egg 2","Nunchaku","Medical Kit","Runic Dome","Anchor"],"acts_visited":["Exordium","TheCity","TheBeyond"],"potions_floor_usage":[28,28,28],"damage_taken":[{"damage":2.0,"enemies":"Small Slimes","floor":1.0,"turns":4.0},{"damage":3.0,"enemies":"Jaw Worm","floor":2.0,"turns":5.0},{"damage":0.0,"enemies":"Cultist","floor":3.0,"turns":3.0},{"damage":32.0,"enemies":"Lagavulin","floor":6.0,"turns":9.0},{"damage":1.0,"enemies":"Looter","floor":7.0,"turns":3.0},{"damage":2.0,"enemies":"3 Louse","floor":8.0,"turns":3.0},{"damage":10.0,"enemies":"3 Sentries","floor":10.0,"turns":9.0},{"damage":3.0,"enemies":"Blue Slaver","floor":11.0,"turns":5.0},{"damage":28.0,"enemies":"Lagavulin","floor":12.0,"turns":10.0},{"damage":4.0,"enemies":"Looter","floor":13.0,"turns":4.0},{"damage":11.0,"enemies":"Gremlin Nob","floor":14.0,"turns":3.0},{"damage":22.0,"enemies":"The Guardian","floor":16.0,"turns":12.0},{"damage":11.0,"enemies":"3 Byrds","floor":18.0,"turns":3.0},{"damage":0.0,"enemies":"Chosen","floor":20.0,"turns":3.0},{"damage":11.0,"enemies":"Shelled Parasite and Fungi","floor":22.0,"turns":5.0},{"damage":44.0,"enemies":"Slavers","floor":23.0,"turns":4.0},{"damage":19,"enemies":"Book of Stabbing","floor":25,"turns":5},{"damage":45,"enemies":"Gremlin Leader","floor":28,"turns":5},{"damage":19,"enemies":"Centurion and Healer","floor":31,"turns":5},{"damage":32,"enemies":"Automaton","floor":33,"turns":7},{"damage":49,"enemies":"3 Darklings","floor":35,"turns":4},{"damage":3,"enemies":"Orb Walker","floor":36,"turns":4},{"damage":69,"enemies":"Maw","floor":38,"turns":6}],"seed_played":"-3308991648592683004","potions_obtained":[{"floor":2.0,"key":"DistilledChaos"},{"floor":10.0,"key":"PowerPotion"},{"floor":11.0,"key":"GamblersBrew"},{"floor":13.0,"key":"Regen Potion"},{"floor":23.0,"key":"EssenceOfSteel"},{"floor":25,"key":"ColorlessPotion"},{"floor":28,"key":"LiquidMemories"},{"floor":36,"key":"FearPotion"}],"is_trial":false,"path_per_floor":["M","M","M","?","?","E","M","M","T","E","M","E","M","E","R","B",null,"M","?","M","?","M","E","R","E","T","T","E","$","?","M","R","B",null,"M","M","$","M"],"character_chosen":"IRONCLAD","items_purchased":["Medical Kit","Havoc+1","Feel No Pain","Anchor"],"campfire_rested":1,"item_purchase_floors":[29,29,29,37],"current_hp_per_floor":[88,88,88,81,81,55,60,64,64,60,63,41,46,41,41,25,91,89,89,94,94,89,51,51,38,38,38,25,25,25,24,52,38,94,63,66,66,0,0],"gold":297,"neow_bonus":"TEN_PERCENT_HP_BONUS","is_daily":false,"chose_seed":false,"campfire_upgraded":2,"win_rate":0.0,"timestamp":1613455885,"path_taken":["M","M","M","?","?","E","M","M","T","E","M","E","?","E","R","BOSS","M","?","M","?","M","E","R","E","T","?","E","$","?","M","R","BOSS","M","?","$","M"],"items_purchased_type":["Relic","Card","Card","Relic"],"build_version":"2020-12-22","purchased_purges":2,"victory":false,"max_hp_per_floor":[88,88,88,88,88,88,88,88,88,88,88,88,91,91,91,91,91,94,94,94,94,94,94,94,94,94,94,94,94,94,94,94,94,94,94,94,94,94,94],"card_choices":[{"not_picked":["Heavy Blade","Havoc"],"picked":"Power Through","floor":1.0},{"not_picked":["Anger","Cleave"],"picked":"Pommel Strike","floor":2.0},{"not_picked":["Anger","Dual Wield"],"picked":"Ghostly Armor","floor":3.0},{"not_picked":["Armaments","Body Slam"],"picked":"Battle Trance","floor":6.0},{"not_picked":["Battle Trance","Rage"],"picked":"Cleave","floor":7.0},{"not_picked":["Heavy Blade","Burning Pact"],"picked":"Iron Wave","floor":8.0},{"not_picked":["Rage","Hemokinesis"],"picked":"Shrug It Off","floor":10.0},{"not_picked":["Armaments","Clash"],"picked":"Disarm","floor":11.0},{"not_picked":["Power Through","Searing Blow"],"picked":"Feed","floor":12.0},{"not_picked":["Clash","Flex"],"picked":"Twin Strike","floor":13.0},{"not_picked":["True Grit","Shrug It Off"],"picked":"Uppercut","floor":14.0},{"not_picked":["Juggernaut","Bludgeon"],"picked":"Berserk","floor":16.0},{"not_picked":["Dropkick+1","Pommel Strike"],"picked":"Wild Strike","floor":18.0},{"not_picked":["Heavy Blade","Intimidate"],"picked":"Wild Strike","floor":20.0},{"not_picked":["Disarm","Shrug It Off","Clothesline"],"picked":"SKIP","floor":22.0},{"not_picked":["Clothesline","Shockwave+1"],"picked":"Spot Weakness","floor":23.0},{"not_picked":["Flex+1","Entrench"],"picked":"Evolve","floor":25},{"not_picked":["Clash","Ghostly Armor+1","Heavy Blade"],"picked":"SKIP","floor":28},{"not_picked":["Cleave","Body Slam","Shockwave+1"],"picked":"SKIP","floor":31},{"not_picked":["Metallicize","Twin Strike","Combust+1"],"picked":"SKIP","floor":35},{"not_picked":["Flex+1","Twin Strike","Bloodletting+1"],"picked":"SKIP","floor":36}],"player_experience":355987,"relics_obtained":[{"floor":6.0,"key":"Orichalcum"},{"floor":9.0,"key":"MawBank"},{"floor":10.0,"key":"Happy Flower"},{"floor":12.0,"key":"Mercury Hourglass"},{"floor":14.0,"key":"Letter Opener"},{"floor":23.0,"key":"Ornamental Fan"},{"floor":25,"key":"Meat on the Bone"},{"floor":27,"key":"Toxic Egg 2"},{"floor":28,"key":"Nunchaku"}],"event_choices":[{"cards_removed":["Defend_R"],"damage_healed":0.0,"max_hp_gain":0.0,"max_hp_loss":0.0,"gold_gain":0.0,"event_name":"Golden Wing","player_choice":"Card Removal","floor":4.0,"gold_loss":0.0,"damage_taken":7.0},{"damage_healed":0.0,"max_hp_gain":0.0,"max_hp_loss":0.0,"gold_gain":0.0,"event_name":"Upgrade Shrine","player_choice":"Upgraded","floor":5.0,"gold_loss":0.0,"damage_taken":0.0,"cards_upgraded":["Bash"]},{"cards_removed":["Berserk"],"damage_healed":0.0,"max_hp_gain":0.0,"max_hp_loss":0.0,"gold_gain":0.0,"event_name":"Beggar","player_choice":"Gave Gold","floor":19.0,"gold_loss":75.0,"damage_taken":0.0},{"damage_healed":0.0,"max_hp_gain":0.0,"max_hp_loss":0.0,"gold_gain":0.0,"cards_transformed":["Iron Wave","Wild Strike"],"event_name":"Drug Dealer","player_choice":"Became Test Subject","floor":21.0,"gold_loss":0.0,"damage_taken":0.0,"cards_obtained":["Combust","Disarm"]},{"damage_healed":0,"gold_gain":0,"cards_transformed":["Feed"],"player_choice":"Transformed","damage_taken":0,"max_hp_gain":0,"max_hp_loss":0,"event_name":"Transmorgrifier","floor":30,"gold_loss":0,"cards_obtained":["Brutality"]}],"is_beta":false,"boss_relics":[{"not_picked":["Ectoplasm","Busted Crown"],"picked":"Pandora\u0027s Box"},{"not_picked":["Runic Pyramid","Astrolabe"],"picked":"Runic Dome"}],"items_purged_floors":[29,37],"is_endless":false,"potions_floor_spawned":[2,10,11,13,14,18,23,25,28,36],"killed_by":"Maw","ascension_level":3}}