{"host":"pj7egx7jkoz18hom","time":1613451830,"event":{"mods":["AchievementEnabler","BaseMod","Keyboard Shortcuts","Minty Spire (QoL Compilation)","SuperFastMode"],"gold_per_floor":[117,131,148,148,323,357,33,33,33,33,108,119,147,166,166,266,266,278,193,13,13,23,48,48,48,48],"floor_reached":25,"language":"KOR","playtime":829,"items_purged":["Doubt","Strike_B"],"score":252,"play_id":"e9dbb6e2-dbed-433a-89bb-706216482a49","local_time":"20210216140350","is_ascension_mode":true,"campfire_choices":[{"floor":8,"key":"REST"},{"data":"Sunder","floor":10,"key":"SMITH"},{"data":"Coolheaded","floor":15,"key":"SMITH"}],"circlet_count":0,"master_deck":["Strike_B","Strike_B","Defend_B","Defend_B","Defend_B","Defend_B","Zap","Dualcast","Conserve Battery","Coolheaded+1","Barrage","Sunder+1","Go for the Eyes","Double Energy","Self Repair","Leap","Amplify","Coolheaded","Heatsinks","RitualDagger","Static Discharge+1","Hologram+1"],"relics":["Cracked Core","Toy Ornithopter","Mummified Hand","Question Card","Gremlin Horn","Nuclear Battery","Bag of Preparation","Torii"],"acts_visited":["Exordium","TheCity"],"potions_floor_usage":[13,16,16],"damage_taken":[{"damage":1,"enemies":"Cultist","floor":1,"turns":3},{"damage":6,"enemies":"2 Louse","floor":2,"turns":2},{"damage":5,"enemies":"Jaw Worm","floor":3,"turns":3},{"damage":25,"enemies":"Gremlin Nob","floor":6,"turns":4},{"damage":8,"enemies":"Looter","floor":12,"turns":2},{"damage":7,"enemies":"Lagavulin","floor":13,"turns":5},{"damage":3,"enemies":"Exordium Wildlife","floor":14,"turns":3},{"damage":30,"enemies":"Hexaghost","floor":16,"turns":11},{"damage":20,"enemies":"Shell Parasite","floor":18,"turns":8},{"damage":23,"enemies":"Chosen","floor":22,"turns":7},{"damage":35,"enemies":"Slavers","floor":23,"turns":3},{"damage":24,"enemies":"Snake Plant","floor":25,"turns":1}],"seed_played":"5708753222854213107","potions_obtained":[{"floor":12,"key":"Energy Potion"},{"floor":13,"key":"Dexterity Potion"},{"floor":14,"key":"SteroidPotion"}],"is_trial":false,"path_per_floor":["M","M","M","?","?","E","$","R","T","R","?","M","E","M","R","B",null,"M","?","$","?","M","E","$","M"],"character_chosen":"DEFECT","items_purchased":["Mummified Hand","Heatsinks"],"campfire_rested":1,"item_purchase_floors":[7,20],"current_hp_per_floor":[74,68,63,56,56,31,31,53,53,53,42,34,32,36,36,23,75,62,62,62,56,40,19,19,0,0],"gold":48,"neow_bonus":"THREE_CARDS","is_daily":false,"chose_seed":false,"campfire_upgraded":2,"win_rate":0.0,"timestamp":1613451830,"path_taken":["M","M","M","?","?","E","?","R","T","R","?","M","E","M","R","BOSS","M","?","$","?","M","E","?","?"],"items_purchased_type":["Relic","Card"],"build_version":"2020-12-22","purchased_purges":2,"victory":false,"max_hp_per_floor":[75,75,75,75,75,75,75,75,75,75,75,75,75,75,75,75,75,75,75,75,75,75,75,75,75,75],"card_choices":[{"not_picked":["Turbo","Aggregate"],"picked":"Conserve Battery","floor":0},{"not_picked":["Streamline","Turbo"],"picked":"Coolheaded","floor":1},{"not_picked":["Gash","Rebound"],"picked":"Barrage","floor":2},{"not_picked":["Steam","Multi-Cast"],"picked":"Sunder","floor":3},{"not_picked":["Doom and Gloom","Rebound"],"picked":"Go for the Eyes","floor":6},{"not_picked":["Fusion","Blizzard","Compile Driver"],"picked":"Double Energy","floor":12},{"not_picked":["Compile Driver","Fusion","Steam"],"picked":"Self Repair","floor":13},{"not_picked":["Core Surge","Chill","Darkness"],"picked":"Leap","floor":14},{"not_picked":["Electrodynamics","All For One","Thunder Strike"],"picked":"Amplify","floor":16},{"not_picked":["Compile Driver+1","Barrage","Gash"],"picked":"Coolheaded","floor":18},{"not_picked":["Compile Driver","Barrage","Go for the Eyes"],"picked":"Static Discharge+1","floor":22},{"not_picked":["Rip and Tear","Beam Cell","Conserve Battery"],"picked":"Hologram+1","floor":23}],"player_experience":94508,"relics_obtained":[{"floor":6,"key":"Toy Ornithopter"},{"floor":9,"key":"Question Card"},{"floor":13,"key":"Gremlin Horn"},{"floor":23,"key":"Torii"}],"event_choices":[{"cards_removed":["Strike_B"],"damage_healed":0,"gold_gain":0,"player_choice":"Card Removal","damage_taken":7,"max_hp_gain":0,"max_hp_loss":0,"event_name":"Golden Wing","floor":4,"gold_loss":0},{"damage_healed":0,"gold_gain":175,"player_choice":"AGREE","damage_taken":0,"max_hp_gain":0,"max_hp_loss":0,"event_name":"Liars Game","floor":5,"gold_loss":0,"cards_obtained":["Doubt"]},{"damage_healed":0,"gold_gain":75,"player_choice":"Gather Gold","damage_taken":11,"max_hp_gain":0,"max_hp_loss":0,"event_name":"World of Goop","floor":11,"gold_loss":0},{"damage_healed":0,"gold_gain":0,"player_choice":"Obtained Relic","damage_taken":0,"relics_obtained":["Bag of Preparation"],"max_hp_gain":0,"max_hp_loss":0,"event_name":"Addict","floor":19,"gold_loss":85},{"damage_healed":0,"gold_gain":0,"player_choice":"Joined the Cult","damage_taken":6,"max_hp_gain":0,"max_hp_loss":0,"event_name":"Nest","floor":21,"gold_loss":0,"cards_obtained":["RitualDagger"]}],"is_beta":false,"boss_relics":[{"not_picked":["Fusion Hammer","Black Star"],"picked":"Nuclear Battery"}],"items_purged_floors":[7,20],"is_endless":false,"potions_floor_spawned":[12,13,14],"killed_by":"Snake Plant","ascension_level":2}}