{"host":"cnjdghfb9ohep0ah","time":1613461857,"event":{"mods":["Act Like it!","BaseMod","Downfall","Minty Spire (QoL Compilation)","Replay The Spire","StSLib","The Cursed","The Servant 0.9.4"],"gold_per_floor":[112,122,132,148,12,43,43,72,72,72,101,101,119,133,133,233,233,248,248,248,248,264,264,283,283,283,283,299,299,320,337,337,446,446,463,484,484,496,515,515,527,527,554,554,554],"floor_reached":44,"language":"ZHS","playtime":2159,"items_purged":["Rip and Tear"],"score":818,"play_id":"1fa340e7-8daf-417c-a313-ca3ed44a835f","local_time":"20210216155057","daily_mods":["Draft","Heirloom"],"is_ascension_mode":true,"campfire_choices":[{"data":"Defragment","floor":10,"key":"SMITH"},{"data":"FIFO Queue","floor":12,"key":"SMITH"},{"data":"Capacitor","floor":15,"key":"SMITH"},{"data":"Defragment","floor":23,"key":"SMITH"},{"data":"Storm","floor":27,"key":"SMITH"},{"data":"Barrage","floor":29,"key":"SMITH"},{"data":"Self Repair","floor":32,"key":"SMITH"},{"data":"Echo Form","floor":40,"key":"SMITH"},{"data":"ReplayRNGCard","floor":42,"key":"SMITH"}],"circlet_count":0,"master_deck":["Self Repair","Redo","Cold Snap","Coolheaded","Gash","Loop","Undo","Ball Lightning","Leap","Capacitor+1","Go for the Eyes","Self Repair+1","Capacitor","Chill+1","FIFO Queue+1","Defragment+1","Barrage+1","Echo Form+1","Defragment+1","FIFO Queue","Leap","Undo","FIFO Queue+1","Storm+1","Barrage+1","ReplayRNGCard+1","Self Repair"],"relics":["Cracked Core","Calipers","Toy Ornithopter","Omamori","Orichalcum","Snack Pack","Painkiller Herb","CeramicFish","Snecko Eye","PreservedInsect"],"acts_visited":["Exordium","TheCity","TheBeyond"],"potions_floor_usage":[6,16,16,22,22,33,33,38,38,44,44],"damage_taken":[{"damage":16,"enemies":"Jaw Worm","floor":1,"turns":3},{"damage":19,"enemies":"Small Slimes","floor":2,"turns":3},{"damage":8,"enemies":"Cultist","floor":3,"turns":4},{"damage":2,"enemies":"2 Fungi Beasts","floor":4,"turns":4},{"damage":22,"enemies":"3 Sentries","floor":6,"turns":8},{"damage":14,"enemies":"Gremlin Nob","floor":8,"turns":5},{"damage":11,"enemies":"Lagavulin","floor":11,"turns":6},{"damage":10,"enemies":"Large Slime","floor":13,"turns":7},{"damage":2,"enemies":"Lots of Slimes","floor":14,"turns":5},{"damage":22,"enemies":"Hexaghost","floor":16,"turns":6},{"damage":22,"enemies":"3 Byrds","floor":18,"turns":5},{"damage":0,"enemies":"Shell Parasite","floor":22,"turns":6},{"damage":24,"enemies":"Snake Plant","floor":24,"turns":7},{"damage":6,"enemies":"Chosen and Byrds","floor":28,"turns":5},{"damage":0,"enemies":"Cultist and Chosen","floor":30,"turns":4},{"damage":11,"enemies":"Sentry and Sphere","floor":31,"turns":4},{"damage":10,"enemies":"Automaton","floor":33,"turns":5},{"damage":6,"enemies":"3 Shapes","floor":35,"turns":4},{"damage":20,"enemies":"Orb Walker","floor":36,"turns":5},{"damage":27,"enemies":"4 Shapes","floor":38,"turns":2},{"damage":13,"enemies":"3 Darklings","floor":39,"turns":4},{"damage":32,"enemies":"Jaw Worm Horde","floor":41,"turns":4},{"damage":53,"enemies":"Reptomancer","floor":44,"turns":2}],"seed_played":"-8291034774428450580","potions_obtained":[{"floor":1,"key":"Weak Potion"},{"floor":2,"key":"BlessingOfTheForge"},{"floor":8,"key":"BlessingOfTheForge"},{"floor":13,"key":"Block Potion"},{"floor":16,"key":"Adrenaline Potion"},{"floor":18,"key":"LifebloodPotion"},{"floor":24,"key":"Explosive Potion"},{"floor":33,"key":"Fire Potion"},{"floor":36,"key":"Fire Potion"},{"floor":38,"key":"FearPotion"},{"floor":39,"key":"Fire Potion"}],"is_trial":true,"path_per_floor":["M","M","M","M","$","E","$","E","T","R","E","R","M","M","R","B",null,"?","?","?","?","?","T","?","?","T","T","?","T","?","?","T","B",null,"?","?","?","?","?","T","?","T","T","E"],"character_chosen":"DEFECT","items_purchased":["Chill+1"],"campfire_rested":0,"item_purchase_floors":[5],"current_hp_per_floor":[66,61,67,75,75,70,70,70,70,70,73,73,75,75,75,72,74,64,64,64,64,75,75,65,65,65,65,73,73,75,75,75,67,73,67,64,64,57,75,75,43,43,43,0,0],"gold":554,"neow_bonus":"","is_daily":false,"chose_seed":false,"campfire_upgraded":9,"win_rate":0.0,"timestamp":1613461857,"path_taken":["M","M","M","M","$","E","$","E","T","R","E","R","M","M","R","BOSS","?","?","?","?","?","T","?","?","T","T","?","T","?","?","T","BOSS","?","?","?","?","?","T","?","T","T","E"],"items_purchased_type":["Card"],"build_version":"2020-12-22","purchased_purges":1,"victory":false,"max_hp_per_floor":[75,75,75,75,75,75,75,75,75,75,75,75,75,75,75,75,75,75,75,75,75,75,75,75,75,75,75,75,75,75,75,75,75,75,75,75,75,75,75,75,75,75,75,75,75],"card_choices":[{"not_picked":["Rebound","Leap"],"picked":"Self Repair","floor":0},{"not_picked":["Skim","Conserve Battery"],"picked":"Static Discharge","floor":0},{"not_picked":["BasicCrystalCard","Leap"],"picked":"Redo","floor":0},{"not_picked":["Coolheaded","Gash"],"picked":"Cold Snap","floor":0},{"not_picked":["Reprogram","Leap"],"picked":"Static Discharge","floor":0},{"not_picked":["Rebound","Lockon"],"picked":"Coolheaded","floor":0},{"not_picked":["Rebound","Compile Driver"],"picked":"Gash","floor":0},{"not_picked":["Reprogram","BasicCrystalCard"],"picked":"Loop","floor":0},{"not_picked":["ReplayTheSpireMod:System Scan","Streamline"],"picked":"Undo","floor":0},{"not_picked":["BootSequence","Turbo"],"picked":"Ball Lightning","floor":0},{"not_picked":["Turbo","BasicCrystalCard"],"picked":"Leap","floor":0},{"not_picked":["Hologram","BasicCrystalCard"],"picked":"Rip and Tear","floor":0},{"not_picked":["Beam Cell","Coolheaded"],"picked":"Capacitor","floor":0},{"not_picked":["Steam","Rebound"],"picked":"Go for the Eyes","floor":0},{"not_picked":["Beam Cell","Coolheaded"],"picked":"Self Repair","floor":0},{"not_picked":["Rebound","Streamline","Consume"],"picked":"SKIP","floor":1},{"not_picked":["Steam Power","Streamline","Turbo"],"picked":"SKIP","floor":2},{"not_picked":["Leap","ReplayTheSpireMod:Omega Cannon","BasicCrystalCard"],"picked":"SKIP","floor":3},{"not_picked":["Cold Snap","Hologram"],"picked":"Capacitor","floor":4},{"not_picked":["Steam","Reinforced Body"],"picked":"FIFO Queue","floor":6},{"not_picked":["Cold Snap","Reboot"],"picked":"Defragment","floor":8},{"not_picked":["Cold Snap","Beam Cell","Go for the Eyes"],"picked":"SKIP","floor":11},{"not_picked":["Streamline","BootSequence","Sweeping Beam"],"picked":"SKIP","floor":13},{"not_picked":["Go for the Eyes","Stack"],"picked":"Barrage","floor":14},{"not_picked":["Thunder Strike","Creative AI"],"picked":"Echo Form","floor":16},{"not_picked":["Steam","Cold Snap"],"picked":"Defragment","floor":18},{"not_picked":["Cold Snap","Rebound"],"picked":"FIFO Queue+1","floor":22},{"not_picked":["Ball Lightning+1","Compile Driver"],"picked":"Storm","floor":24},{"not_picked":["Doom and Gloom","Hologram","BootSequence"],"picked":"SKIP","floor":28},{"not_picked":["Steam+1","Coolheaded"],"picked":"Barrage+1","floor":30},{"not_picked":["Redo","Conserve Battery","Sweeping Beam+1"],"picked":"SKIP","floor":31},{"not_picked":["Buffer","Fission"],"picked":"ReplayRNGCard","floor":33},{"not_picked":["Go for the Eyes","Consume","Gash"],"picked":"SKIP","floor":35},{"not_picked":["ReplayTheSpireMod:GoodbyeWorld+1","Conserve Battery+1"],"picked":"Self Repair","floor":36},{"not_picked":["ReplaySort+1","BasicCrystalCard+1","Hologram"],"picked":"SKIP","floor":38},{"not_picked":["ReplaySort","Streamline+1","Rebound"],"picked":"SKIP","floor":39},{"not_picked":["ReplayGash+1","BasicCrystalCard+1","FIFO Queue"],"picked":"SKIP","floor":41}],"player_experience":248412,"relics_obtained":[{"floor":6,"key":"Toy Ornithopter"},{"floor":8,"key":"Omamori"},{"floor":9,"key":"Orichalcum"},{"floor":11,"key":"Snack Pack"},{"floor":26,"key":"CeramicFish"},{"floor":43,"key":"PreservedInsect"}],"event_choices":[{"damage_healed":0,"gold_gain":0,"player_choice":"Read","damage_taken":0,"max_hp_gain":0,"max_hp_loss":0,"event_name":"The Library","floor":19,"gold_loss":0,"cards_obtained":["FIFO Queue"]},{"damage_healed":0,"gold_gain":0,"cards_transformed":["Static Discharge","Static Discharge"],"player_choice":"Became Test Subject","damage_taken":0,"max_hp_gain":0,"max_hp_loss":0,"event_name":"Drug Dealer","floor":20,"gold_loss":0,"cards_obtained":["Leap","Undo"]},{"damage_healed":0,"gold_gain":0,"player_choice":"Bought 0 Potions","damage_taken":0,"max_hp_gain":0,"max_hp_loss":0,"event_name":"The Woman in Blue","floor":21,"gold_loss":0},{"damage_healed":0,"gold_gain":0,"player_choice":"Ignored","damage_taken":0,"max_hp_gain":0,"max_hp_loss":0,"event_name":"The Mausoleum","floor":25,"gold_loss":0},{"damage_healed":0,"gold_gain":0,"player_choice":"0 cards matched","damage_taken":0,"max_hp_gain":0,"max_hp_loss":0,"event_name":"Match and Keep!","floor":37,"gold_loss":0,"cards_obtained":[]}],"is_beta":false,"boss_relics":[{"not_picked":["Calling Bell","Fusion Hammer"],"picked":"Painkiller Herb"},{"not_picked":["expansioncontent:StudyCardRelic","Runic Pyramid"],"picked":"Snecko Eye"}],"items_purged_floors":[5],"is_endless":true,"potions_floor_spawned":[1,2,8,13,16,18,24,33,36,38,39],"killed_by":"Reptomancer","ascension_level":8}}