{"host":"w1l5t0a1l2lkq6my","time":1613474035,"event":{"mods":["100% Spire Juice","Bartender","BaseMod","KinomotoSakuraMod(ñÿîVñ{?)","Lobotomy","LobotomyExtend","Magitek Elite","MarisaÅiñ∂âJÅ@ñÇóùçπÅj","Minty Spire (QoL Compilation)","StSLib","The Gatherer","The Senshi","Yuyuko"],"gold_per_floor":[118,118,131,148,164,164,164],"floor_reached":6,"language":"ENG","playtime":479,"items_purged":[],"score":38,"play_id":"48375677-7dd7-4f15-9b2a-a5343795a323","local_time":"20210216041355","is_ascension_mode":false,"campfire_choices":[],"circlet_count":0,"master_deck":["SpecialBullet","SpecialBullet","SpecialBullet","SpecialBullet","SpecialBullet","SpecialBullet","SpecialBullet","SpecialBullet","ControlCode","ExtractionCode","CentralCode","CherryBlossom","FrostShard","HappyTeddy","Regret_ego","RedShoes","Lamp+1","Horn","Bloodbath","Diffraction","Hornet","CherryBlossoms"],"relics":["CogitoBucket","LetterFromLob","White_Cape"],"acts_visited":["Exordium"],"potions_floor_usage":[],"damage_taken":[{"damage":10,"enemies":"Small Slimes","floor":1,"turns":3},{"damage":7,"enemies":"2 Louse","floor":3,"turns":3},{"damage":21,"enemies":"Jaw Worm","floor":4,"turns":3},{"damage":20,"enemies":"Exordium Thugs","floor":5,"turns":4},{"damage":17,"enemies":"Gremlin Nob","floor":6,"turns":3}],"seed_played":"574431417795164317","potions_obtained":[{"floor":4,"key":"SkillPotion"}],"is_trial":false,"path_per_floor":["M","?","M","M","M","E"],"character_chosen":"Angela","items_purchased":[],"campfire_rested":0,"item_purchase_floors":[],"current_hp_per_floor":[60,57,50,29,9,0,0],"gold":164,"neow_bonus":"THREE_CARDS","is_daily":false,"chose_seed":false,"campfire_upgraded":0,"win_rate":0.0,"timestamp":1613474035,"path_taken":["M","?","M","M","M","E"],"items_purchased_type":[],"build_version":"2020-12-22","purchased_purges":0,"victory":false,"max_hp_per_floor":[70,70,70,70,70,70,70],"card_choices":[{"not_picked":["CUTE","Tough"],"picked":"CherryBlossom","floor":0},{"not_picked":["TodaysExpression"],"picked":"FrostShard","floor":1},{"not_picked":["Variant","UniverseFragment"],"picked":"HappyTeddy","floor":1},{"not_picked":["RedEyes"],"picked":"Regret_ego","floor":1},{"not_picked":["VoidDream","CherryBlossoms"],"picked":"RedShoes","floor":3},{"not_picked":["RedEyes"],"picked":"Lamp","floor":3},{"not_picked":["Harmony","Loneliness"],"picked":"SKIP","floor":3},{"not_picked":["FourthMatchFlame"],"picked":"Horn","floor":4},{"not_picked":["Wellcheers","Yin"],"picked":"Bloodbath","floor":4},{"not_picked":["Noise"],"picked":"Diffraction","floor":4},{"not_picked":["CUTE"],"picked":"Hornet","floor":5},{"not_picked":["UniverseFragment","FairyFestival"],"picked":"CherryBlossoms","floor":5},{"not_picked":["RapturousDream","CherryBlossom"],"picked":"SKIP","floor":5}],"player_experience":132462,"relics_obtained":[{"floor":1,"key":"LetterFromLob"}],"event_choices":[{"damage_healed":0,"gold_gain":0,"player_choice":"Success","damage_taken":3,"relics_obtained":["White_Cape"],"max_hp_gain":0,"max_hp_loss":0,"event_name":"Scrap Ooze","floor":2,"gold_loss":0}],"is_beta":false,"boss_relics":[],"items_purged_floors":[],"is_endless":false,"potions_floor_spawned":[4],"killed_by":"Gremlin Nob","ascension_level":0}}