{"host":"6406jj8da6015sxr","time":1613507966,"event":{"mods":["AchievementEnabler","BaseMod","Colored Map","DeckTracker","Keyboard Shortcuts","Minty Spire (QoL Compilation)","Permanent Neow","Relic Stats","SuperFastMode","everything is the same but u backflip on backflip"],"gold_per_floor":[17,17,27,1,17,17,49,49,74,109,109,141,159,194,194,289,289,302,24,34,133,103,136,136,136,136,164,175,186,41,66,66,165,165,182,202,213,61,61,96,96,123,148,177,193,193,193,245,245,245,245,245,103,134,134],"floor_reached":56,"language":"KOR","playtime":3049,"items_purged":["Strike_G","Strike_G"],"score":1805,"play_id":"d47854bf-92a4-4d79-9136-4d2f9aefb958","local_time":"20210217053926","is_ascension_mode":true,"campfire_choices":[{"data":"Dagger Spray","floor":6.0,"key":"SMITH"},{"floor":8.0,"key":"REST"},{"floor":11.0,"key":"REST"},{"data":"Deadly Poison","floor":15.0,"key":"SMITH"},{"floor":24.0,"key":"REST"},{"floor":32.0,"key":"REST"},{"data":"Footwork","floor":41.0,"key":"SMITH"},{"floor":46.0,"key":"RECALL"},{"data":"Flechettes","floor":49.0,"key":"SMITH"},{"data":"Neutralize","floor":52.0,"key":"SMITH"}],"circlet_count":0,"master_deck":["Strike_G","Strike_G","Defend_G+1","Defend_G","Defend_G","Defend_G","Defend_G","Survivor+1","Neutralize+1","Footwork+1","Dagger Spray+1","Eviscerate","Cloak And Dagger","Flying Knee","PiercingWail","Flechettes+1","Adrenaline","Crippling Poison","Deadly Poison+1","Corpse Explosion","Flechettes+1","Acrobatics+1","Cloak And Dagger+1","Catalyst+1","PiercingWail+1","Adrenaline+1","Prepared+1","Calculated Gamble+1","Blur+1","Concentrate+1","Reflex+1","Purity+1","Tactician+1","After Image","Backflip+1"],"relics":["Ring of the Snake","Pocketwatch","War Paint","Juzu Bracelet","Anchor","Meat on the Bone","Unceasing Top","Black Star","Snake Skull","PreservedInsect","Ice Cream","Toxic Egg 2","Toy Ornithopter","Prayer Wheel","Blood Vial","Regal Pillow","Runic Pyramid","FossilizedHelix","MealTicket","CaptainsWheel","Bag of Marbles","InkBottle","Bronze Scales","Du-Vu Doll","Calipers","Sundial"],"acts_visited":["Exordium","TheCity","TheBeyond","TheEnding"],"potions_floor_usage":[55],"damage_taken":[{"damage":0.0,"enemies":"Small Slimes","floor":1.0,"turns":5.0},{"damage":0.0,"enemies":"2 Louse","floor":3.0,"turns":3.0},{"damage":0.0,"enemies":"Cultist","floor":5.0,"turns":3.0},{"damage":35.0,"enemies":"Gremlin Nob","floor":7.0,"turns":5.0},{"damage":14.0,"enemies":"Lagavulin","floor":10.0,"turns":6.0},{"damage":0.0,"enemies":"3 Sentries","floor":12.0,"turns":6.0},{"damage":0.0,"enemies":"Red Slaver","floor":13.0,"turns":2.0},{"damage":1.0,"enemies":"Lagavulin","floor":14.0,"turns":4.0},{"damage":5.0,"enemies":"The Guardian","floor":16.0,"turns":9.0},{"damage":7.0,"enemies":"2 Thieves","floor":18.0,"turns":3.0},{"damage":9.0,"enemies":"Chosen","floor":20.0,"turns":4.0},{"damage":35.0,"enemies":"Book of Stabbing","floor":23.0,"turns":6.0},{"damage":17.0,"enemies":"Slavers","floor":27.0,"turns":3.0},{"damage":0.0,"enemies":"Centurion and Healer","floor":28.0,"turns":4.0},{"damage":11.0,"enemies":"Shelled Parasite and Fungi","floor":29.0,"turns":7.0},{"damage":14.0,"enemies":"Book of Stabbing","floor":31.0,"turns":6.0},{"damage":21.0,"enemies":"Champ","floor":33.0,"turns":9.0},{"damage":0.0,"enemies":"Orb Walker","floor":35.0,"turns":3.0},{"damage":0.0,"enemies":"3 Shapes","floor":36.0,"turns":5.0},{"damage":19.0,"enemies":"Spire Growth","floor":37.0,"turns":4.0},{"damage":8.0,"enemies":"Reptomancer","floor":40.0,"turns":5.0},{"damage":0.0,"enemies":"Giant Head","floor":42.0,"turns":6.0},{"damage":0.0,"enemies":"Reptomancer","floor":44.0,"turns":5.0},{"damage":0.0,"enemies":"Sphere and 2 Shapes","floor":45.0,"turns":3.0},{"damage":0.0,"enemies":"2 Orb Walkers","floor":48.0,"turns":2.0},{"damage":6.0,"enemies":"Time Eater","floor":50.0,"turns":7.0},{"damage":0.0,"enemies":"Shield and Spear","floor":54.0,"turns":2.0},{"damage":62,"enemies":"The Heart","floor":55,"turns":9}],"seed_played":"6979021425483320187","potions_obtained":[{"floor":7.0,"key":"Poison Potion"},{"floor":10.0,"key":"GhostInAJar"},{"floor":12.0,"key":"FearPotion"},{"floor":16.0,"key":"Fruit Juice"},{"floor":22.0,"key":"DuplicationPotion"},{"floor":22.0,"key":"Regen Potion"},{"floor":23.0,"key":"Weak Potion"},{"floor":25.0,"key":"ColorlessPotion"},{"floor":25.0,"key":"ColorlessPotion"},{"floor":27.0,"key":"LiquidBronze"},{"floor":33.0,"key":"SpeedPotion"},{"floor":36.0,"key":"EntropicBrew"},{"floor":40.0,"key":"Swift Potion"},{"floor":54.0,"key":"FearPotion"}],"is_trial":false,"path_per_floor":["M","?","M","$","M","R","E","R","T","E","R","E","M","E","R","B",null,"M","$","M","?","?","E","R","?","T","E","M","M","$","E","R","B",null,"M","M","M","$","?","E","R","E","T","E","M","R","?","?","R","B",null,"R","$","E","B",null],"character_chosen":"THE_SILENT","items_purchased":["Cloak And Dagger","Snake Skull","Poison Potion","PiercingWail+1","Concentrate+1","Reflex+1","After Image"],"campfire_rested":4,"item_purchase_floors":[4,19,19,30,38,38,53],"current_hp_per_floor":[63,63,63,63,63,63,28,49,49,35,56,56,56,55,55,50,65,58,58,49,49,54,31,53,53,53,45,45,46,46,44,75,58,71,73,75,56,56,56,50,50,52,52,54,56,56,56,58,58,69,74,74,75,75,30],"gold":134,"neow_bonus":"ONE_RARE_RELIC","is_daily":false,"chose_seed":false,"campfire_upgraded":5,"win_rate":0.0,"timestamp":1613507966,"path_taken":["M","?","M","$","M","R","E","R","T","E","R","E","M","E","R","BOSS","M","$","M","?","?","E","R","?","T","E","M","M","?","E","R","BOSS","M","M","M","$","?","E","R","E","T","E","M","R","?","?","R","BOSS","R","$","E","BOSS"],"items_purchased_type":["Card","Relic","Potion","Card","Card","Card","Card"],"build_version":"2020-12-22","purchased_purges":2,"victory":true,"max_hp_per_floor":[70,70,70,70,70,70,70,70,70,70,70,70,70,70,70,70,70,70,70,70,70,75,75,75,75,75,75,75,75,75,75,75,75,75,75,75,75,75,75,75,75,75,75,75,75,75,75,75,75,75,75,75,75,75,75],"relic_stats":{"Regal Pillow":9,"counters":[28,136],"Snake Skull":[70],"PreservedInsect":387,"Juzu Bracelet":2,"War Paint":["Defend_G","Survivor"],"Blood Vial":16,"Sundial":[2],"Bronze Scales":[192],"Prayer Wheel":7,"MealTicket":1,"Black Star":7,"obtain_stats":[{"Ice Cream":23,"Regal Pillow":31,"Calipers":54,"Snake Skull":19,"Juzu Bracelet":9,"Blood Vial":31,"Sundial":54,"Prayer Wheel":27,"MealTicket":40,"Toxic Egg 2":26,"InkBottle":44,"Ring of the Snake":0,"Runic Pyramid":34,"PreservedInsect":23,"War Paint":7,"Du-Vu Doll":48,"Anchor":10,"CaptainsWheel":42,"Bronze Scales":44,"Black Star":17,"Bag of Marbles":42,"Unceasing Top":14,"Toy Ornithopter":27,"FossilizedHelix":40,"Pocketwatch":0,"Meat on the Bone":12},{"Ice Cream":12,"Regal Pillow":16,"Calipers":27,"Snake Skull":10,"Juzu Bracelet":4,"Blood Vial":16,"Sundial":27,"Prayer Wheel":13,"MealTicket":21,"Toxic Egg 2":12,"InkBottle":23,"Ring of the Snake":0,"Runic Pyramid":17,"PreservedInsect":12,"War Paint":4,"Du-Vu Doll":25,"Anchor":5,"CaptainsWheel":22,"Bronze Scales":23,"Black Star":9,"Bag of Marbles":22,"Unceasing Top":8,"Toy Ornithopter":13,"FossilizedHelix":21,"Pocketwatch":0,"Meat on the Bone":6},{"Ice Cream":56,"Regal Pillow":76,"Calipers":127,"Snake Skull":46,"Juzu Bracelet":16,"Blood Vial":76,"Sundial":127,"Prayer Wheel":59,"MealTicket":102,"Toxic Egg 2":56,"InkBottle":113,"Ring of the Snake":0,"Runic Pyramid":85,"PreservedInsect":56,"War Paint":16,"Du-Vu Doll":118,"Anchor":22,"CaptainsWheel":108,"Bronze Scales":113,"Black Star":43,"Bag of Marbles":108,"Unceasing Top":34,"Toy Ornithopter":59,"FossilizedHelix":102,"Pocketwatch":0,"Meat on the Bone":28}],"Unceasing Top":[14],"Toy Ornithopter":24,"InkBottle":[15],"Ring of the Snake":[56],"Pocketwatch":[140],"Meat on the Bone":48},"card_choices":[{"not_picked":["Backflip","Reflex"],"picked":"Footwork","floor":1.0},{"not_picked":["Crippling Poison","Well Laid Plans"],"picked":"Eviscerate","floor":3.0},{"not_picked":["Calculated Gamble","All Out Attack"],"picked":"Flying Knee","floor":5.0},{"not_picked":["Bane","Backstab"],"picked":"PiercingWail","floor":7.0},{"not_picked":["Infinite Blades","Dagger Throw"],"picked":"Flechettes","floor":10.0},{"not_picked":["Poisoned Stab","Expertise"],"picked":"Adrenaline","floor":12.0},{"not_picked":["Flying Knee","Cloak And Dagger"],"picked":"Crippling Poison","floor":13.0},{"not_picked":["Underhanded Strike","Eviscerate"],"picked":"Deadly Poison","floor":14.0},{"not_picked":["Storm of Steel","Bullet Time"],"picked":"Corpse Explosion","floor":16.0},{"not_picked":["Caltrops","Poisoned Stab","Underhanded Strike"],"picked":"SKIP","floor":18.0},{"not_picked":["Heel Hook","Poisoned Stab+1","Flying Knee"],"picked":"SKIP","floor":20.0},{"not_picked":["Reflex","Heel Hook"],"picked":"Flechettes+1","floor":23.0},{"not_picked":["Well Laid Plans","Caltrops"],"picked":"Acrobatics+1","floor":27.0},{"not_picked":["Eviscerate","Flying Knee+1"],"picked":"Cloak And Dagger+1","floor":28.0},{"not_picked":["Bane","Slice","Quick Slash"],"picked":"SKIP","floor":28.0},{"not_picked":["Slice","Deflect+1"],"picked":"Catalyst+1","floor":29.0},{"not_picked":["Deflect+1","Sucker Punch","Slice"],"picked":"SKIP","floor":29.0},{"not_picked":["Well Laid Plans","Slice+1","Poisoned Stab"],"picked":"SKIP","floor":31.0},{"not_picked":["Tools of the Trade","Envenom"],"picked":"Adrenaline+1","floor":33.0},{"not_picked":["Backflip+1","Dagger Spray"],"picked":"Prepared+1","floor":35.0},{"not_picked":["Backstab","Underhanded Strike","Expertise+1"],"picked":"SKIP","floor":35.0},{"not_picked":["Dash+1","Dodge and Roll+1"],"picked":"Calculated Gamble+1","floor":36.0},{"not_picked":["Dagger Spray","Sucker Punch+1","Flying Knee"],"picked":"SKIP","floor":36.0},{"not_picked":["Poisoned Stab+1","Dash+1"],"picked":"Blur+1","floor":37.0},{"not_picked":["All Out Attack","Infinite Blades+1","Dagger Throw"],"picked":"SKIP","floor":37.0},{"not_picked":["Mayhem","Bandage Up+1"],"picked":"Purity+1","floor":39.0},{"not_picked":["Deflect+1","Caltrops+1","Concentrate+1"],"picked":"SKIP","floor":40.0},{"not_picked":["Escape Plan+1","Slice+1","Accuracy+1"],"picked":"SKIP","floor":42.0},{"not_picked":["Riddle With Holes+1","Dash"],"picked":"Tactician+1","floor":44.0},{"not_picked":["Caltrops+1","Outmaneuver+1","PiercingWail+1"],"picked":"SKIP","floor":45.0},{"not_picked":["Dodge and Roll+1","Glass Knife","Deflect+1"],"picked":"SKIP","floor":45.0},{"not_picked":["Leg Sweep+1","Sucker Punch+1"],"picked":"Backflip+1","floor":54.0}],"player_experience":29004,"relics_obtained":[{"floor":7.0,"key":"War Paint"},{"floor":9.0,"key":"Juzu Bracelet"},{"floor":10.0,"key":"Anchor"},{"floor":12.0,"key":"Meat on the Bone"},{"floor":14.0,"key":"Unceasing Top"},{"floor":23.0,"key":"PreservedInsect"},{"floor":23.0,"key":"Ice Cream"},{"floor":26.0,"key":"Toxic Egg 2"},{"floor":27.0,"key":"Toy Ornithopter"},{"floor":27.0,"key":"Prayer Wheel"},{"floor":31.0,"key":"Blood Vial"},{"floor":31.0,"key":"Regal Pillow"},{"floor":40.0,"key":"FossilizedHelix"},{"floor":40.0,"key":"MealTicket"},{"floor":42.0,"key":"CaptainsWheel"},{"floor":42.0,"key":"Bag of Marbles"},{"floor":44.0,"key":"InkBottle"},{"floor":44.0,"key":"Bronze Scales"},{"floor":48.0,"key":"Du-Vu Doll"},{"floor":54.0,"key":"Calipers"},{"floor":54.0,"key":"Sundial"}],"event_choices":[{"damage_healed":0.0,"max_hp_gain":0.0,"max_hp_loss":0.0,"gold_gain":0.0,"cards_transformed":["Strike_G"],"event_name":"Living Wall","player_choice":"Change","floor":2.0,"gold_loss":0.0,"damage_taken":0.0,"cards_obtained":["Dagger Spray"]},{"damage_healed":0.0,"max_hp_gain":0.0,"max_hp_loss":0.0,"gold_gain":99.0,"event_name":"Nest","player_choice":"Stole From Cult","floor":21.0,"gold_loss":0.0,"damage_taken":0.0},{"damage_healed":0.0,"max_hp_gain":0.0,"max_hp_loss":0.0,"gold_gain":0.0,"event_name":"The Woman in Blue","player_choice":"Bought 2 Potions","floor":22.0,"gold_loss":0.0,"damage_taken":0.0},{"damage_healed":0.0,"max_hp_gain":0.0,"max_hp_loss":0.0,"gold_gain":0.0,"event_name":"Lab","player_choice":"Got Potions","floor":25.0,"gold_loss":0.0,"damage_taken":0.0},{"damage_healed":0.0,"max_hp_gain":0.0,"max_hp_loss":0.0,"gold_gain":0.0,"event_name":"SensoryStone","player_choice":"Memory 1","floor":39.0,"gold_loss":0.0,"damage_taken":0.0},{"damage_healed":0.0,"max_hp_gain":0.0,"max_hp_loss":0.0,"gold_gain":0.0,"event_name":"Tomb of Lord Red Mask","player_choice":"Ignored","floor":47.0,"gold_loss":0.0,"damage_taken":0.0},{"damage_healed":0.0,"max_hp_gain":0.0,"max_hp_loss":0.0,"gold_gain":0.0,"event_name":"Mysterious Sphere","player_choice":"Fight","floor":48.0,"gold_loss":0.0,"damage_taken":0.0}],"is_beta":false,"boss_relics":[{"not_picked":["Ectoplasm","Calling Bell"],"picked":"Black Star"},{"not_picked":["WristBlade","Snecko Eye"],"picked":"Runic Pyramid"}],"items_purged_floors":[19,30],"is_endless":false,"potions_floor_spawned":[7,10,12,13,16,23,27,33,36,40,42,44,45,54],"ascension_level":6}}