{"host":"hnfelxnirsihwvcb","time":1613509532,"event":{"mods":["BaseMod","Colored Map","DeckTracker","Highlight Path","Minty Spire (QoL Compilation)","Quick Restart","Relic Sorter","Relic Stats","Shop Mod","StSLib","SuperFastMode"],"gold_per_floor":[115,126,51,65,75,103,119,119,119,39,50,50,50,50,50,148,148,167,185,85,85,85,85,117,137,162,162,172,172,192,202,202,298,298,311,322,83,83,95,95,115,125,125,145,157,173,173,192,192,192],"floor_reached":51,"language":"ENG","playtime":1434,"items_purged":["Cloak And Dagger","Cloak And Dagger","Infinite Blades","Escape Plan+1"],"score":1152,"play_id":"fdc6e2b4-60e4-42ba-afa1-5d31138634d8","local_time":"20210216220532","daily_mods":["SealedDeck","Vintage","Lethality","Binary"],"is_ascension_mode":false,"campfire_choices":[{"data":"Blade Dance","floor":8,"key":"SMITH"},{"data":"Escape Plan","floor":12,"key":"SMITH"},{"data":"Deflect","floor":15,"key":"SMITH"},{"data":"Concentrate","floor":23,"key":"SMITH"},{"data":"Footwork","floor":32,"key":"SMITH"},{"data":"Calculated Gamble","floor":40,"key":"PURGE"},{"data":"Endless Agony+1","floor":47,"key":"PURGE"},{"data":"Footwork+1","floor":49,"key":"PURGE"}],"circlet_count":0,"master_deck":["Deflect+1","Blade Dance+1","Concentrate+1"],"relics":["Unceasing Top","Busted Crown","Blood Vial","Oddly Smooth Stone","Meat on the Bone","The Courier","PreservedInsect","Anchor","Bag of Marbles","Molten Egg 2","Mercury Hourglass","InkBottle","Darkstone Periapt","Snake Skull","Happy Flower","Akabeko","Boot","Ancient Tea Set","Toxic Egg 2","Fusion Hammer","Peace Pipe","Vajra","HandDrill","Tough Bandages","CeramicFish","Dream Catcher","Omamori","Smiling Mask","HornCleat","Strawberry","Singing Bowl"],"acts_visited":["Exordium","TheCity","TheBeyond"],"potions_floor_usage":[],"damage_taken":[{"damage":0,"enemies":"Small Slimes","floor":1,"turns":1},{"damage":0,"enemies":"Cultist","floor":2,"turns":1},{"damage":0,"enemies":"Jaw Worm","floor":4,"turns":1},{"damage":0,"enemies":"2 Fungi Beasts","floor":5,"turns":1},{"damage":0,"enemies":"Gremlin Nob","floor":6,"turns":1},{"damage":0,"enemies":"Large Slime","floor":7,"turns":1},{"damage":0,"enemies":"Exordium Wildlife","floor":11,"turns":1},{"damage":0,"enemies":"The Guardian","floor":16,"turns":1},{"damage":0,"enemies":"3 Byrds","floor":18,"turns":1},{"damage":0,"enemies":"Shell Parasite","floor":19,"turns":1},{"damage":0,"enemies":"Slavers","floor":24,"turns":1},{"damage":0,"enemies":"Centurion and Healer","floor":25,"turns":1},{"damage":0,"enemies":"Snake Plant","floor":28,"turns":1},{"damage":0,"enemies":"Cultist and Chosen","floor":30,"turns":1},{"damage":0,"enemies":"Centurion and Healer","floor":31,"turns":1},{"damage":0,"enemies":"Champ","floor":33,"turns":1},{"damage":0,"enemies":"Orb Walker","floor":35,"turns":1},{"damage":0,"enemies":"3 Shapes","floor":36,"turns":1},{"damage":0,"enemies":"Sphere and 2 Shapes","floor":39,"turns":1},{"damage":0,"enemies":"Jaw Worm Horde","floor":41,"turns":1},{"damage":0,"enemies":"Maw","floor":42,"turns":1},{"damage":0,"enemies":"Spire Growth","floor":44,"turns":1},{"damage":0,"enemies":"Jaw Worm Horde","floor":45,"turns":1},{"damage":0,"enemies":"Sphere and 2 Shapes","floor":46,"turns":1},{"damage":0,"enemies":"Writhing Mass","floor":48,"turns":1},{"damage":0,"enemies":"Awakened One","floor":50,"turns":2}],"seed_played":"-1271953339866788710","potions_obtained":[{"floor":1,"key":"LiquidMemories"},{"floor":2,"key":"DistilledChaos"},{"floor":6,"key":"GhostInAJar"},{"floor":38,"key":"Fruit Juice"}],"is_trial":true,"path_per_floor":["M","M","$","M","M","E","M","R","T","$","M","R","$","?","R","B",null,"M","M","$","?","T","R","E","M","T","?","M","?","M","M","R","B",null,"M","M","$","?","M","R","M","M","T","M","M","M","R","M","R","B",null],"character_chosen":"THE_SILENT","items_purchased":["HandDrill"],"campfire_rested":0,"item_purchase_floors":[37],"current_hp_per_floor":[70,70,70,70,70,70,70,70,70,70,70,70,70,70,70,70,70,70,70,70,70,70,70,70,70,70,70,70,70,70,70,70,70,70,70,70,70,70,70,70,70,70,70,70,70,77,77,77,77,77],"gold":192,"neow_bonus":"","is_daily":false,"chose_seed":false,"campfire_upgraded":5,"win_rate":0.0,"timestamp":1613509532,"path_taken":["M","M","$","M","M","E","M","R","T","$","M","R","$","?","R","BOSS","M","M","$","?","?","R","E","M","T","?","M","?","?","M","R","BOSS","M","M","$","?","M","R","M","M","T","M","M","?","R","M","R","BOSS"],"items_purchased_type":["Relic"],"build_version":"2020-12-22","purchased_purges":4,"victory":true,"max_hp_per_floor":[70,70,70,70,70,70,70,70,70,70,70,70,70,70,70,70,70,70,70,70,70,70,70,70,70,70,70,70,70,70,70,70,70,70,70,70,70,70,70,70,70,70,70,70,70,77,77,77,77,77],"relic_stats":{"Darkstone Periapt":0,"Happy Flower":[5],"Singing Bowl":0,"counters":[26,27],"CeramicFish":0,"PreservedInsect":39,"Snake Skull":[0],"Boot":[15],"Smiling Mask":0,"Mercury Hourglass":[78],"Blood Vial":0,"Peace Pipe":3,"Tough Bandages":[9],"Dream Catcher":0,"Busted Crown":8,"HandDrill":[54],"obtain_stats":[{"Darkstone Periapt":22,"Singing Bowl":48,"CeramicFish":41,"Vajra":36,"Snake Skull":24,"Boot":28,"Ancient Tea Set":30,"Smiling Mask":44,"Blood Vial":1,"Tough Bandages":39,"Dream Catcher":42,"HornCleat":45,"Strawberry":46,"Fusion Hammer":34,"HandDrill":37,"Toxic Egg 2":31,"InkBottle":19,"Happy Flower":25,"Oddly Smooth Stone":2,"The Courier":5,"PreservedInsect":6,"Omamori":43,"Akabeko":26,"Mercury Hourglass":18,"Peace Pipe":35,"Anchor":7,"Busted Crown":0,"Molten Egg 2":11,"Bag of Marbles":9,"Unceasing Top":0,"Meat on the Bone":4},{"Darkstone Periapt":10,"Singing Bowl":25,"CeramicFish":20,"Vajra":18,"Snake Skull":11,"Boot":13,"Ancient Tea Set":14,"Smiling Mask":22,"Blood Vial":1,"Tough Bandages":19,"Dream Catcher":21,"HornCleat":23,"Strawberry":24,"Fusion Hammer":16,"HandDrill":18,"Toxic Egg 2":15,"InkBottle":10,"Happy Flower":12,"Oddly Smooth Stone":2,"The Courier":4,"PreservedInsect":5,"Omamori":21,"Akabeko":12,"Mercury Hourglass":9,"Peace Pipe":17,"Anchor":6,"Busted Crown":0,"Molten Egg 2":7,"Bag of Marbles":6,"Unceasing Top":0,"Meat on the Bone":3},{"Darkstone Periapt":10,"Singing Bowl":25,"CeramicFish":20,"Vajra":18,"Snake Skull":11,"Boot":13,"Ancient Tea Set":14,"Smiling Mask":22,"Blood Vial":1,"Tough Bandages":19,"Dream Catcher":21,"HornCleat":23,"Strawberry":24,"Fusion Hammer":16,"HandDrill":18,"Toxic Egg 2":15,"InkBottle":10,"Happy Flower":12,"Oddly Smooth Stone":2,"The Courier":4,"PreservedInsect":5,"Omamori":21,"Akabeko":12,"Mercury Hourglass":9,"Peace Pipe":17,"Anchor":6,"Busted Crown":0,"Molten Egg 2":7,"Bag of Marbles":6,"Unceasing Top":0,"Meat on the Bone":3}],"Unceasing Top":[219],"InkBottle":[54],"Meat on the Bone":0},"card_choices":[],"player_experience":860971,"relics_obtained":[{"floor":1,"key":"Blood Vial"},{"floor":2,"key":"Oddly Smooth Stone"},{"floor":4,"key":"Meat on the Bone"},{"floor":5,"key":"The Courier"},{"floor":6,"key":"PreservedInsect"},{"floor":7,"key":"Anchor"},{"floor":9,"key":"Bag of Marbles"},{"floor":11,"key":"Molten Egg 2"},{"floor":18,"key":"Mercury Hourglass"},{"floor":19,"key":"InkBottle"},{"floor":22,"key":"Darkstone Periapt"},{"floor":24,"key":"Snake Skull"},{"floor":25,"key":"Happy Flower"},{"floor":26,"key":"Akabeko"},{"floor":28,"key":"Boot"},{"floor":30,"key":"Ancient Tea Set"},{"floor":31,"key":"Toxic Egg 2"},{"floor":35,"key":"Peace Pipe"},{"floor":36,"key":"Vajra"},{"floor":39,"key":"Tough Bandages"},{"floor":41,"key":"CeramicFish"},{"floor":42,"key":"Dream Catcher"},{"floor":43,"key":"Omamori"},{"floor":44,"key":"Smiling Mask"},{"floor":45,"key":"HornCleat"},{"floor":46,"key":"Strawberry"},{"floor":48,"key":"Singing Bowl"}],"event_choices":[{"cards_removed":["Escape Plan"],"damage_healed":0,"gold_gain":0,"player_choice":"Offered Uncommon","damage_taken":0,"max_hp_gain":0,"max_hp_loss":0,"event_name":"Bonfire Elementals","floor":14,"gold_loss":0},{"damage_healed":0,"gold_gain":0,"player_choice":"Ignored","damage_taken":0,"max_hp_gain":0,"max_hp_loss":0,"event_name":"The Mausoleum","floor":21,"gold_loss":0},{"damage_healed":0,"gold_gain":0,"player_choice":"Ignored","damage_taken":0,"max_hp_gain":0,"max_hp_loss":0,"event_name":"Ghosts","floor":27,"gold_loss":0},{"damage_healed":0,"gold_gain":0,"player_choice":"Read","damage_taken":0,"max_hp_gain":0,"max_hp_loss":0,"event_name":"The Library","floor":29,"gold_loss":0,"cards_obtained":["Endless Agony"]},{"damage_healed":0,"gold_gain":0,"player_choice":"Got Potions","damage_taken":0,"max_hp_gain":0,"max_hp_loss":0,"event_name":"Lab","floor":38,"gold_loss":0}],"is_beta":false,"boss_relics":[{"not_picked":["Astrolabe","Ectoplasm","Snecko Eye"]},{"not_picked":["Calling Bell","SlaversCollar"],"picked":"Fusion Hammer"}],"items_purged_floors":[3,10,20,37],"is_endless":false,"potions_floor_spawned":[1,2,6,7,16,19,24,28,31,36,45,48],"ascension_level":0}}