{"host":"vpaavrwbmey593fx","time":1613514751,"event":{"mods":["AchievementEnabler","BaseMod","Bestiary","Colored Map","Colored Powertips","DeckTracker","Minty Spire (QoL Compilation)","Relic Sorter"],"gold_per_floor":[10,10,26,40,56,56,75,114,114,129,153,153,153,153],"floor_reached":13,"language":"ENG","playtime":980,"items_purged":[],"score":134,"play_id":"d8ecd1bd-c416-4468-9a0d-1da406bae4e2","local_time":"20210216143231","is_ascension_mode":true,"campfire_choices":[{"data":"Cloak And Dagger","floor":6.0,"key":"SMITH"},{"floor":12,"key":"REST"}],"circlet_count":0,"master_deck":["AscendersBane","Strike_G","Strike_G","Strike_G","Strike_G","Strike_G","Defend_G","Defend_G","Defend_G","Defend_G","Defend_G","Survivor","Neutralize","Backflip","Deadly Poison","Cloak And Dagger+1","Dagger Spray","Glass Knife"],"relics":["Ring of the Snake","WingedGreaves","Golden Idol","Matryoshka","Pantograph","Pear"],"acts_visited":["Exordium"],"potions_floor_usage":[8,8,8],"damage_taken":[{"damage":7.0,"enemies":"Small Slimes","floor":1.0,"turns":5.0},{"damage":3.0,"enemies":"Jaw Worm","floor":3.0,"turns":4.0},{"damage":1.0,"enemies":"2 Louse","floor":4.0,"turns":5.0},{"damage":14.0,"enemies":"Exordium Wildlife","floor":5.0,"turns":5.0},{"damage":4.0,"enemies":"Looter","floor":7.0,"turns":4.0},{"damage":8,"enemies":"Gremlin Nob","floor":8,"turns":4},{"damage":12,"enemies":"Exordium Thugs","floor":10,"turns":8},{"damage":10,"enemies":"3 Louse","floor":11,"turns":4},{"damage":55,"enemies":"Lagavulin","floor":13,"turns":10}],"seed_played":"-1496849540584163323","potions_obtained":[{"floor":1.0,"key":"AttackPotion"},{"floor":3.0,"key":"SpeedPotion"},{"floor":5.0,"key":"BlessingOfTheForge"}],"is_trial":false,"path_per_floor":["M","?","M","M","M","R","M","E","T","M","M","R","E"],"character_chosen":"THE_SILENT","items_purchased":[],"campfire_rested":1,"item_purchase_floors":[],"current_hp_per_floor":[56,56,53,52,38,38,34,26,36,24,14,36,0,0],"gold":153,"neow_bonus":"ONE_RARE_RELIC","is_daily":false,"chose_seed":false,"campfire_upgraded":1,"win_rate":0.0,"timestamp":1613514751,"path_taken":["M","?","M","M","M","R","M","E","T","M","M","R","E"],"items_purchased_type":[],"build_version":"2020-12-22","purchased_purges":0,"victory":false,"max_hp_per_floor":[70,65,65,65,65,65,65,65,75,75,75,75,75,75],"card_choices":[{"not_picked":["Concentrate","Finisher","Deflect"],"picked":"SKIP","floor":1.0},{"not_picked":["Outmaneuver","Deflect"],"picked":"Backflip","floor":3.0},{"not_picked":["Concentrate","Outmaneuver"],"picked":"Deadly Poison","floor":4.0},{"not_picked":["Flechettes","Heel Hook"],"picked":"Cloak And Dagger","floor":5.0},{"not_picked":["Riddle With Holes","Deflect"],"picked":"Dagger Spray","floor":7.0},{"not_picked":["Expertise","Poisoned Stab","Backstab"],"picked":"SKIP","floor":8},{"not_picked":["Bane","Dagger Throw","Sucker Punch"],"picked":"SKIP","floor":10},{"not_picked":["Bane","Dagger Throw","Sucker Punch"],"picked":"SKIP","floor":10},{"not_picked":["Dodge and Roll","Dagger Spray"],"picked":"Glass Knife","floor":11}],"player_experience":369037,"relics_obtained":[{"floor":8,"key":"Matryoshka"},{"floor":9,"key":"Pantograph"},{"floor":9,"key":"Pear"}],"event_choices":[{"damage_healed":0.0,"max_hp_gain":0.0,"max_hp_loss":5.0,"gold_gain":0.0,"event_name":"Golden Idol","player_choice":"Lose Max HP","floor":2.0,"gold_loss":0.0,"damage_taken":0.0,"relics_obtained":["Golden Idol"]}],"is_beta":false,"boss_relics":[],"items_purged_floors":[],"is_endless":false,"potions_floor_spawned":[1,3,5],"killed_by":"Lagavulin","ascension_level":10}}