{"host":"2l3i55whvwk76mom","time":1613460304,"event":{"mods":["BaseMod","Googly Eyes","Hubris","Minty Spire (QoL Compilation)","Replay The Spire","StSLib"],"gold_per_floor":[117,117,133,149,164,164,198,214,214,214,389,407,407,442,442,538,538,549,549,549,567,578,578,588,588,588],"floor_reached":25,"language":"ENG","playtime":806,"items_purged":[],"score":247,"play_id":"9cdc9899-91e5-4a21-91c8-64b5c8e10204","local_time":"20210215232504","is_ascension_mode":true,"campfire_choices":[{"data":"WheelKick","floor":6,"key":"SMITH"},{"floor":10,"key":"REST"},{"data":"EmptyBody","floor":13,"key":"SMITH"},{"floor":15,"key":"REST"},{"floor":23,"key":"REST"}],"circlet_count":0,"master_deck":["Strike_P+1","Strike_P","Strike_P","Strike_P","Defend_P","Defend_P","Defend_P","Defend_P","Eruption+1","Vigilance","CutThroughFate+1","WheelKick+1","Protect","Replay:Hum","Replay:Cycle","Indignation","Doubt","EmptyBody+1","LessonLearned","LessonLearned+1","Consecrate+1","SashWhip+1","EmptyBody+1","Prostrate"],"relics":["HolyWater","Whetstone","Replay:PocketPolymizer","Pen Nib","Nilry\u0027s Codex"],"acts_visited":["Exordium","TheCity"],"potions_floor_usage":[5,7,12,14,14,16],"damage_taken":[{"damage":4,"enemies":"Jaw Worm","floor":1,"turns":2},{"damage":0,"enemies":"Cultist","floor":3,"turns":2},{"damage":0,"enemies":"Small Slimes","floor":4,"turns":3},{"damage":0,"enemies":"Blue Slaver","floor":5,"turns":2},{"damage":17,"enemies":"3 Sentries","floor":7,"turns":4},{"damage":7,"enemies":"3 Louse","floor":8,"turns":2},{"damage":8,"enemies":"Exordium Thugs","floor":12,"turns":2},{"damage":5,"enemies":"Lagavulin","floor":14,"turns":5},{"damage":33,"enemies":"The Guardian","floor":16,"turns":10},{"damage":38,"enemies":"3 Byrds","floor":18,"turns":7},{"damage":13,"enemies":"Spheric Guardian","floor":21,"turns":4},{"damage":0,"enemies":"Snake Plant","floor":22,"turns":1},{"damage":15,"enemies":"Sentry and Sphere","floor":24,"turns":4},{"damage":13,"enemies":"Gremlin Leader","floor":25,"turns":1}],"seed_played":"-409988403925204898","potions_obtained":[{"floor":1,"key":"ColorlessPotion"},{"floor":2,"key":"Flashbang"},{"floor":2,"key":"Death Potion"},{"floor":2,"key":"LiquidMemories"},{"floor":8,"key":"DuplicationPotion"},{"floor":12,"key":"SkillPotion"},{"floor":14,"key":"Swift Potion"},{"floor":24,"key":"LiquidBronze"}],"is_trial":false,"path_per_floor":["M","?","M","M","M","R","E","M","T","R","?","M","R","E","R","B",null,"M","?","?","M","M","R","M","E"],"character_chosen":"WATCHER","items_purchased":[],"campfire_rested":3,"item_purchase_floors":[],"current_hp_per_floor":[68,68,68,68,68,68,51,44,44,65,65,57,57,52,72,39,72,34,18,18,5,5,26,11,0,0],"gold":588,"neow_bonus":"UPGRADE_CARD","is_daily":false,"chose_seed":false,"campfire_upgraded":2,"win_rate":0.0,"timestamp":1613460304,"path_taken":["M","?","M","?","M","R","E","M","T","R","?","M","R","E","R","BOSS","M","?","?","M","?","R","M","E"],"items_purchased_type":[],"build_version":"2020-12-22","purchased_purges":0,"victory":false,"max_hp_per_floor":[72,72,72,72,72,72,72,72,72,72,72,72,72,72,72,72,72,72,72,72,72,72,72,72,72,72],"card_choices":[{"not_picked":["Replay:Cycle","Vengeance"],"picked":"CutThroughFate","floor":1},{"not_picked":["Protect","FollowUp"],"picked":"WheelKick","floor":3},{"not_picked":["FlyingSleeves","BowlingBash"],"picked":"Protect","floor":4},{"not_picked":["Replay:ManipulateFuture","LikeWater"],"picked":"Replay:Hum","floor":5},{"not_picked":["Replay:ManipulateFuture","SignatureMove"],"picked":"Replay:Cycle","floor":7},{"not_picked":["Replay:AtTheReady","Replay:ManipulateFuture"],"picked":"Indignation","floor":8},{"not_picked":["CarveReality","FearNoEvil"],"picked":"EmptyBody","floor":12},{"not_picked":["WheelKick","Replay:DivineShield"],"picked":"LessonLearned","floor":14},{"not_picked":["SpiritShield","Establishment"],"picked":"LessonLearned","floor":16},{"not_picked":["CrushJoints","FearNoEvil"],"picked":"Consecrate","floor":18},{"not_picked":["FearNoEvil","JustLucky"],"picked":"SashWhip+1","floor":21},{"not_picked":["FlyingSleeves","CutThroughFate+1"],"picked":"EmptyBody","floor":22},{"not_picked":["Replay:ManipulateFuture","Replay:Anticipation"],"picked":"Prostrate","floor":24}],"player_experience":378370,"relics_obtained":[{"floor":7,"key":"Whetstone"},{"floor":9,"key":"Replay:PocketPolymizer"},{"floor":14,"key":"Pen Nib"},{"floor":19,"key":"Nilry\u0027s Codex"}],"event_choices":[{"damage_healed":0,"gold_gain":0,"player_choice":"Got Potions","damage_taken":0,"max_hp_gain":0,"max_hp_loss":0,"event_name":"Lab","floor":2,"gold_loss":0},{"damage_healed":0,"gold_gain":175,"player_choice":"AGREE","damage_taken":0,"max_hp_gain":0,"max_hp_loss":0,"event_name":"Liars Game","floor":11,"gold_loss":0,"cards_obtained":["Doubt"]},{"damage_healed":0,"gold_gain":0,"player_choice":"Obtained Book","damage_taken":16,"max_hp_gain":0,"max_hp_loss":0,"event_name":"Cursed Tome","floor":19,"gold_loss":0},{"damage_healed":0,"gold_gain":0,"player_choice":"Upgraded","damage_taken":0,"max_hp_gain":0,"max_hp_loss":0,"event_name":"Upgrade Shrine","floor":20,"gold_loss":0,"cards_upgraded":["Consecrate"]}],"is_beta":false,"boss_relics":[{"not_picked":["Astrolabe","Runic Dome"],"picked":"HolyWater"}],"items_purged_floors":[],"is_endless":false,"potions_floor_spawned":[1,4,8,12,14,24],"killed_by":"Gremlin Leader","ascension_level":3}}