{"host":"knk89g45d3vzr5fm","time":1613452576,"event":{"mods":["2.2 Compatiblity","BaseMod","Downfall","Minty Spire (QoL Compilation)","Relic Stats","Reliquary","Replay The Spire","StSLib","The Marked"],"gold_per_floor":[99,109,109,27,39,57,139,151,169,200,213,228,128,155,175,279,279,279,293,305,329,329,366,416,316,352,16,16,82,82,106,137,257,257,257,283,316,105,149,151,231,269,372,8,62,62,62,135,141,155],"floor_reached":51,"language":"FRA","playtime":4141,"items_purged":["Looming Evil"],"score":1317,"play_id":"1774d9cc-3c60-4453-add4-21036f3f5cdd","local_time":"20210216061616","is_ascension_mode":true,"campfire_choices":[{"floor":1,"key":"RECALL"},{"floor":13,"key":"REST"},{"data":"sneckomod:UnknownRareAttack","floor":18,"key":"SMITH"},{"floor":25,"key":"REST"},{"floor":30,"key":"REST"},{"floor":35,"key":"DIG"},{"floor":46,"key":"REST"}],"circlet_count":0,"master_deck":["AscendersBane","sneckomod:TailWhip+1","sneckomod:SnekBite+1","sneckomod:Unknown+1","sneckomod:Unknown","sneckomod:UnknownUncommonSkill","sneckomod:SoulCleanse+1","sneckomod:MasterEye+1","sneckomod:PureSnecko+1","sneckomod:SnakeSap+1","sneckomod:UnknownClassHEXA_GHOST_PURPLE+1","sneckomod:UnknownRarePower","hexamod:SixthSeal","sneckomod:SnakeSap+1","sneckomod:MorePower+1","hexamod:FirstSeal","sneckomod:UnknownRareSkill+1","sneckomod:UnknownClassHEXA_GHOST_PURPLE+1","sneckomod:UnknownBoss+1","sneckomod:UnknownClassRED","sneckomod:MixItUp+1","sneckomod:UnknownDexterity+1","sneckomod:UnknownRareAttack+1","sneckomod:UnknownUncommonAttack","sneckomod:Cheat+1","sneckomod:WideSting+1","sneckomod:UnknownRareAttack+1","sneckomod:RainOfDice+1","sneckomod:UnknownRareSkill+1","sneckomod:Nope+1","sneckomod:Mudshield+1","sneckomod:UnknownClassHEXA_GHOST_PURPLE+1","sneckomod:Nope+1","sneckomod:UnknownDraw+1","sneckomod:TrashToTreasure+1","hexamod:SixthSeal","sneckomod:Rotation+1","sneckomod:Nope+1","sneckomod:UnknownRareAttack","Seek+1","sneckomod:UnlimitedRolls+1","sneckomod:UnknownClassGREEN+1","sneckomod:Rotation+1","sneckomod:UnknownRarePower+1","sneckomod:SoulRoll+1","sneckomod:Rotation+1","expansioncontent:StudyTheSpire+1","sneckomod:UnknownDexterity+1","sneckomod:SoulCleanse+1","sneckomod:SoulDraw+1","sneckomod:UnlimitedRolls+1","sneckomod:UnendingSupply+1"],"relics":["Honey Jar","Quantum Egg","The Courier","downfall:HeartBlessingRed","ReplayTheSpireMod:Lightbulb","Pandora\u0027s Box","Replay:Bandana","Ring of Hypnosis","Ring of Fangs","downfall:HeartBlessingBlue","Letter Opener","Replay:Bottled Steam","sneckomod:BlankCard","HandDrill","reliquary:SharkskinSheath","Prayer Wheel","SacredBark","Girya","reliquary:QuartzCube","TungstenRod","Replay:Rubber Ducky","War Paint","Medical Kit","Replay:Bottled Flurry","StrikeDummy"],"acts_visited":["Exordium","TheCity","TheBeyond"],"potions_floor_usage":[11,11,20,23,31,33,33,36,39,40,43,48,48,49],"damage_taken":[{"damage":0,"enemies":"Small Slimes","floor":2,"turns":2},{"damage":5,"enemies":"downfall:FleeingMerchant","floor":4,"turns":4},{"damage":4,"enemies":"Cultist","floor":5,"turns":3},{"damage":0,"enemies":"2 Louse","floor":6,"turns":2},{"damage":2,"enemies":"Exordium Wildlife","floor":8,"turns":2},{"damage":9,"enemies":"2 Fungi Beasts","floor":9,"turns":3},{"damage":10,"enemies":"Lagavulin","floor":10,"turns":6},{"damage":17,"enemies":"Lots of Slimes","floor":11,"turns":5},{"damage":7,"enemies":"Exordium Wildlife","floor":12,"turns":5},{"damage":2,"enemies":"Gremlin Nob","floor":14,"turns":4},{"damage":10,"enemies":"3 Louse","floor":15,"turns":4},{"damage":16,"enemies":"IC_STATUS_ARCHETYPE","floor":16,"turns":5},{"damage":30,"enemies":"downfall:LooterAlt2","floor":19,"turns":3},{"damage":11,"enemies":"Spheric Guardian","floor":20,"turns":3},{"damage":20,"enemies":"Chosen and Byrds","floor":23,"turns":5},{"damage":36,"enemies":"Centurion and Healer","floor":26,"turns":7},{"damage":26,"enemies":"downfall:FleeingMerchant","floor":27,"turns":4},{"damage":37,"enemies":"Slavers","floor":29,"turns":3},{"damage":10,"enemies":"3 Cultists","floor":31,"turns":4},{"damage":11,"enemies":"Cultist and Chosen","floor":32,"turns":5},{"damage":26,"enemies":"SI_MIRROR_ARCHETYPE","floor":33,"turns":5},{"damage":10,"enemies":"3 Darklings","floor":36,"turns":5},{"damage":17,"enemies":"Orb Walker","floor":37,"turns":3},{"damage":18,"enemies":"Spire Growth","floor":39,"turns":4},{"damage":0,"enemies":"Jaw Worm Horde","floor":40,"turns":1},{"damage":20,"enemies":"4 Shapes","floor":42,"turns":3},{"damage":0,"enemies":"2 Orb Walkers","floor":43,"turns":1},{"damage":5,"enemies":"Reptomancer","floor":45,"turns":5},{"damage":0,"enemies":"Nemesis","floor":48,"turns":5},{"damage":0,"enemies":"Sphere and 2 Shapes","floor":49,"turns":2},{"damage":110,"enemies":"WA_ARCHETYPE_DIVINITY","floor":50,"turns":12}],"seed_played":"-3514645231604243043","potions_obtained":[{"floor":5,"key":"LiquidMemories"},{"floor":6,"key":"Toxic Potion"},{"floor":9,"key":"Swift Potion"},{"floor":14,"key":"DuplicationPotion"},{"floor":16,"key":"SteroidPotion"},{"floor":29,"key":"SkillPotion"},{"floor":31,"key":"Regen Potion"},{"floor":33,"key":"EntropicBrew"},{"floor":39,"key":"Slimebound:ThreeZeroPotion"},{"floor":42,"key":"Venom Potion"},{"floor":45,"key":"Energy Potion"}],"is_trial":false,"path_per_floor":["R","M","?","$","M","M","T","M","M","E","M","M","R","E","M","B",null,"R","M","M","T","?","M","T","R","M","$","?","E","R","M","M","B",null,"R","M","M","$","M","M","T","M","?","$","E","R","?","E","M","B",null],"character_chosen":"THE_SNECKO","items_purchased":["sneckomod:MasterEye","Letter Opener","Replay:Bottled Steam","sneckomod:BlankCard","HandDrill","sneckomod:Rotation","expansioncontent:StudyTheSpire","Replay:Rubber Ducky","War Paint","Medical Kit"],"campfire_rested":4,"item_purchase_floors":[4,27,27,27,27,38,38,44,44,44],"current_hp_per_floor":[81,81,81,76,72,72,72,70,61,51,34,34,61,66,63,54,81,81,51,40,40,40,20,20,60,37,11,100,63,93,99,95,86,100,100,104,87,87,76,76,76,68,68,68,70,101,101,104,104,28],"gold":155,"neow_bonus":"BOSS_RELIC","is_daily":false,"chose_seed":false,"campfire_upgraded":1,"win_rate":0.0,"timestamp":1613452576,"path_taken":["R","M","?","$","M","M","T","M","M","E","M","?","R","E","M","BOSS","R","M","M","?","?","M","T","R","M","?","?","E","R","?","M","BOSS","R","M","M","$","M","M","T","M","?","$","E","R","?","E","M","BOSS"],"items_purchased_type":["Card","Relic","Relic","Relic","Relic","Card","Card","Relic","Relic","Relic"],"build_version":"2020-12-22","purchased_purges":1,"victory":true,"max_hp_per_floor":[90,90,90,90,90,90,90,90,90,90,90,90,90,90,90,90,90,90,90,90,90,90,90,90,100,100,100,100,100,100,104,104,104,104,104,104,104,104,104,104,104,104,104,104,104,104,104,104,104,104],"relic_stats":{"counters":[31,125],"Pandora\u0027s Box":["sneckomod:UnknownUncommonAttack","sneckomod:Cheat","sneckomod:WideSting","sneckomod:UnknownRareAttack","sneckomod:RainOfDice"],"Prayer Wheel":4,"HandDrill":[34],"Letter Opener":[472],"War Paint":["sneckomod:SoulDraw","sneckomod:UnknownClassHEXA_GHOST_PURPLE"],"Medical Kit":[6],"obtain_stats":[{"sneckomod:BlankCard":27,"SacredBark":34,"sneckomod:SneckoSoul":0,"reliquary:QuartzCube":41,"Replay:Rubber Ducky":44,"Replay:Bandana":21,"Ring of Fangs":22,"downfall:HeartBlessingBlue":25,"Honey Jar":0,"Prayer Wheel":33,"HandDrill":27,"Replay:Bottled Flurry":45,"Replay:Bottled Steam":27,"reliquary:SharkskinSheath":29,"Girya":35,"downfall:HeartBlessingRed":13,"Ring of Hypnosis":22,"Quantum Egg":7,"The Courier":10,"Letter Opener":27,"War Paint":44,"Medical Kit":44,"Pandora\u0027s Box":17,"ReplayTheSpireMod:Lightbulb":14,"StrikeDummy":48,"TungstenRod":43},{"sneckomod:BlankCard":17,"SacredBark":21,"sneckomod:SneckoSoul":0,"reliquary:QuartzCube":25,"Replay:Rubber Ducky":27,"Replay:Bandana":14,"Ring of Fangs":14,"downfall:HeartBlessingBlue":15,"Honey Jar":0,"Prayer Wheel":21,"HandDrill":17,"Replay:Bottled Flurry":28,"Replay:Bottled Steam":17,"reliquary:SharkskinSheath":18,"Girya":21,"downfall:HeartBlessingRed":9,"Ring of Hypnosis":14,"Quantum Egg":4,"The Courier":7,"Letter Opener":17,"War Paint":27,"Medical Kit":27,"Pandora\u0027s Box":12,"ReplayTheSpireMod:Lightbulb":10,"StrikeDummy":29,"TungstenRod":27},{"sneckomod:BlankCard":67,"SacredBark":84,"sneckomod:SneckoSoul":0,"reliquary:QuartzCube":97,"Replay:Rubber Ducky":101,"Replay:Bandana":51,"Ring of Fangs":51,"downfall:HeartBlessingBlue":56,"Honey Jar":0,"Prayer Wheel":82,"HandDrill":67,"Replay:Bottled Flurry":106,"Replay:Bottled Steam":67,"reliquary:SharkskinSheath":70,"Girya":84,"downfall:HeartBlessingRed":32,"Ring of Hypnosis":51,"Quantum Egg":11,"The Courier":22,"Letter Opener":67,"War Paint":101,"Medical Kit":101,"Pandora\u0027s Box":45,"ReplayTheSpireMod:Lightbulb":36,"StrikeDummy":111,"TungstenRod":101}],"TungstenRod":7},"card_choices":[{"not_picked":["sneckomod:DiceBoulder","sneckomod:Unknown0Cost","sneckomod:UnknownCommonAttack"],"picked":"sneckomod:UnknownUncommonSkill","floor":2},{"not_picked":["sneckomod:Unknown2Cost","sneckomod:TrashToTreasure","sneckomod:DiceBlock"],"picked":"sneckomod:SoulCleanse","floor":4},{"not_picked":["sneckomod:UnknownClassRED","sneckomod:ImprovisedAttack","sneckomod:SoulDraw"],"picked":"sneckomod:PureSnecko","floor":5},{"not_picked":["sneckomod:IronFang","sneckomod:DiceBoulder","sneckomod:UnknownClassTHE_CHAMP_GRAY"],"picked":"sneckomod:SnakeSap","floor":6},{"not_picked":["sneckomod:UnknownClassRED","sneckomod:QuickBite","sneckomod:UnknownBlock"],"picked":"sneckomod:UnknownClassHEXA_GHOST_PURPLE","floor":8},{"not_picked":["sneckomod:DiceCrush","sneckomod:SoulRoll","sneckomod:UnknownBlock"],"picked":"sneckomod:UnknownRarePower","floor":9},{"not_picked":["hexamod:FirstSeal","hexamod:ThirdSeal"],"picked":"hexamod:SixthSeal","floor":10},{"not_picked":["sneckomod:SlitherStrike","sneckomod:ImprovisedAttack","sneckomod:TrashToTreasure"],"picked":"sneckomod:SnakeSap","floor":10},{"not_picked":["sneckomod:UnknownStrength","sneckomod:DiceCrush","sneckomod:QuickBite"],"picked":"sneckomod:MorePower","floor":11},{"not_picked":["hexamod:FourthSeal","hexamod:ThirdSeal"],"picked":"hexamod:FirstSeal","floor":12},{"not_picked":["sneckomod:UnknownClassMARKED_PURPLE_COLOR+1","sneckomod:UnknownCommonSkill+1"],"picked":"sneckomod:UnknownRareSkill+1","floor":12},{"not_picked":["sneckomod:QuickBite","sneckomod:UnknownClassMARKED_PURPLE_COLOR","sneckomod:UnknownWeak"],"picked":"sneckomod:UnknownClassHEXA_GHOST_PURPLE","floor":12},{"not_picked":["sneckomod:UnknownClassHEXA_GHOST_PURPLE+1","sneckomod:UnknownRareSkill+1"],"picked":"sneckomod:UnknownBoss+1","floor":14},{"not_picked":["sneckomod:UnknownCommonSkill","sneckomod:IronFang","sneckomod:UnknownClassBLUE"],"picked":"sneckomod:UnknownClassRED","floor":14},{"not_picked":["sneckomod:UnknownClassTHE_BRONZE_AUTOMATON","sneckomod:WideSting","sneckomod:UnknownClassMARKED_PURPLE_COLOR"],"picked":"sneckomod:MixItUp","floor":15},{"not_picked":["sneckomod:UnknownClassPURPLE+1","sneckomod:UnknownColorless+1"],"picked":"sneckomod:UnknownDexterity+1","floor":16},{"not_picked":["sneckomod:UnknownRareSkill","sneckomod:Mudshield","sneckomod:SoulExchange"],"picked":"sneckomod:UnknownRareAttack","floor":16},{"not_picked":["sneckomod:UnknownBoss+1","sneckomod:UnknownClassSLIMEBOUND+1"],"picked":"sneckomod:UnknownRareSkill+1","floor":19},{"not_picked":["sneckomod:UnknownClassPURPLE+1","sneckomod:UnknownVulnerable","sneckomod:QuickBite"],"picked":"sneckomod:Nope","floor":19},{"not_picked":["sneckomod:UnknownBlock","sneckomod:ImprovisedAttack","sneckomod:UnknownCommonSkill"],"picked":"sneckomod:Mudshield","floor":20},{"not_picked":["sneckomod:UnknownWeak+1","sneckomod:UnknownColorless+1"],"picked":"sneckomod:UnknownClassHEXA_GHOST_PURPLE+1","floor":23},{"not_picked":["sneckomod:WideSting","sneckomod:CheapStock","sneckomod:UnknownClassRED"],"picked":"sneckomod:Nope+1","floor":23},{"not_picked":["sneckomod:UnknownClassRED+1","sneckomod:UnknownColorless+1"],"picked":"sneckomod:UnknownDraw+1","floor":26},{"not_picked":["sneckomod:SerpentIdol","sneckomod:SnekBeam","sneckomod:DiceCrush"],"picked":"sneckomod:TrashToTreasure","floor":26},{"not_picked":["hexamod:ThirdSeal","hexamod:FirstSeal"],"picked":"hexamod:SixthSeal","floor":27},{"not_picked":["sneckomod:DiceCrush","sneckomod:UnknownExhaust+1","sneckomod:UnknownColorless"],"picked":"sneckomod:Rotation","floor":27},{"not_picked":["sneckomod:UnknownClassSLIMEBOUND","sneckomod:Unknown2Cost","sneckomod:SerpentIdol"],"picked":"sneckomod:Nope","floor":29},{"not_picked":["sneckomod:UnknownColorless","sneckomod:SnekBeam","sneckomod:QuickMove","sneckomod:WideSting"],"picked":"SKIP","floor":31},{"not_picked":["sneckomod:UnknownRareAttack","sneckomod:WideSting+1","sneckomod:UnknownClassRED","sneckomod:UnknownClassGUARDIAN"],"picked":"SKIP","floor":31},{"not_picked":["sneckomod:WideSting+1","sneckomod:UnknownClassRED","sneckomod:UnknownClassGUARDIAN"],"picked":"sneckomod:UnknownRareAttack","floor":31},{"not_picked":["sneckomod:UnknownColorless","sneckomod:SnekBeam","sneckomod:QuickMove","sneckomod:WideSting"],"picked":"SKIP","floor":31},{"not_picked":["sneckomod:UnknownExhaust+1","sneckomod:UnknownUncommonPower+1","sneckomod:UnknownColorless","sneckomod:UnknownClassTHE_BRONZE_AUTOMATON"],"picked":"SKIP","floor":32},{"not_picked":["sneckomod:DangerNoodle","sneckomod:SoulExchange","sneckomod:GlitteringGambit"],"picked":"sneckomod:UnlimitedRolls","floor":33},{"not_picked":["sneckomod:UnknownStrength+1","sneckomod:UnknownClassHEXA_GHOST_PURPLE+1"],"picked":"sneckomod:UnknownClassGREEN+1","floor":36},{"not_picked":["sneckomod:UnknownDexterity+1","sneckomod:UnknownClassTHE_CHAMP_GRAY","sneckomod:UnknownDraw+1"],"picked":"sneckomod:Rotation","floor":36},{"not_picked":["sneckomod:UnknownClassGREEN","sneckomod:UnknownStrength","sneckomod:UnknownBlock","sneckomod:UnknownClassBLUE"],"picked":"SKIP","floor":36},{"not_picked":["sneckomod:IronFang","sneckomod:WideSting","sneckomod:ImprovisedAttack"],"picked":"sneckomod:UnknownRarePower","floor":37},{"not_picked":["sneckomod:PureSnecko","sneckomod:UnknownClassBLUE+1","sneckomod:UnknownClassTHE_CHAMP_GRAY"],"picked":"sneckomod:SoulRoll","floor":37},{"not_picked":["sneckomod:UnknownClassBLUE+1","sneckomod:UnknownClassMARKED_PURPLE_COLOR+1"],"picked":"sneckomod:UnknownDexterity+1","floor":39},{"not_picked":["sneckomod:DiceBoulder","sneckomod:UnknownCommonSkill","sneckomod:MasterEye+1"],"picked":"sneckomod:SoulCleanse+1","floor":39},{"not_picked":["sneckomod:UnknownClassHEXA_GHOST_PURPLE","sneckomod:UnknownClassGREEN","sneckomod:UnknownClassMARKED_PURPLE_COLOR+1"],"picked":"sneckomod:SoulDraw","floor":39},{"not_picked":["sneckomod:UnknownClassTHE_BRONZE_AUTOMATON","sneckomod:UnknownStrike","sneckomod:UnknownClassRED+1"],"picked":"sneckomod:UnlimitedRolls","floor":42},{"not_picked":["sneckomod:SoulRoll","sneckomod:UnknownCommonSkill","sneckomod:UnknownClassRED"],"picked":"sneckomod:UnendingSupply","floor":42},{"not_picked":["sneckomod:UnknownVulnerable+1","sneckomod:SoulRoll","sneckomod:UnknownClassGREEN","sneckomod:DiceBoulder"],"picked":"SKIP","floor":45},{"not_picked":["sneckomod:MorePower","sneckomod:UnknownClassPURPLE","sneckomod:Unknown3Cost","sneckomod:SoulDraw"],"picked":"SKIP","floor":48}],"player_experience":2196286,"relics_obtained":[{"floor":7,"key":"Quantum Egg"},{"floor":10,"key":"The Courier"},{"floor":14,"key":"ReplayTheSpireMod:Lightbulb"},{"floor":21,"key":"Replay:Bandana"},{"floor":22,"key":"Ring of Hypnosis"},{"floor":22,"key":"Ring of Fangs"},{"floor":29,"key":"reliquary:SharkskinSheath"},{"floor":35,"key":"Girya"},{"floor":41,"key":"reliquary:QuartzCube"},{"floor":43,"key":"TungstenRod"},{"floor":45,"key":"Replay:Bottled Flurry"},{"floor":48,"key":"StrikeDummy"}],"event_choices":[{"damage_healed":89,"gold_gain":0,"player_choice":"Full Heal","damage_taken":0,"max_hp_gain":0,"max_hp_loss":0,"event_name":"Wheel of Change","floor":28,"gold_loss":0},{"damage_healed":0,"gold_gain":0,"player_choice":"Fight","damage_taken":0,"max_hp_gain":0,"max_hp_loss":0,"event_name":"Mysterious Sphere","floor":43,"gold_loss":0}],"is_beta":false,"boss_relics":[{"not_picked":["Runic Dome","reliquary:RedPaperclip"],"picked":"Pandora\u0027s Box"},{"not_picked":["bronze:MakeshiftBattery","Runic Pyramid"],"picked":"SacredBark"}],"items_purged_floors":[27],"is_endless":false,"potions_floor_spawned":[5,6,9,14,16,29,31,33,36,39,42,45],"ascension_level":12}}