{"host":"atu1skz5iq69e5lr","time":1613482846,"event":{"mods":["AchievementEnabler","Aspiration","BaseMod","Colored Map","Conspire","Evolution","Friendly Minions","Highlight Path","HololiveMod","Hubris","Infinite Spire","Keyboard Shortcuts","Minty Spire (QoL Compilation)","Reliquary","Replay The Spire","Shapeshifter Mod","Shop Mod","StSLib"],"gold_per_floor":[112,140,140,153,164,195,195,233,233,233,233,233],"floor_reached":11,"language":"ENG","playtime":731,"items_purged":[],"score":83,"play_id":"0ebaeced-2a8e-4445-93ac-2d75d36c4ec9","local_time":"20210216144046","is_ascension_mode":false,"campfire_choices":[{"floor":7,"key":"REST"}],"circlet_count":0,"master_deck":["StSShapeShifter:ShapeShifter_Strike","StSShapeShifter:ShapeShifter_Strike","StSShapeShifter:ShapeShifter_Strike","StSShapeShifter:ShapeShifter_Strike","StSShapeShifter:ShapeShifter_Defend","StSShapeShifter:ShapeShifter_Defend","StSShapeShifter:ShapeShifter_Defend","StSShapeShifter:ShapeShifter_Defend","StSShapeShifter:ShapeShifter_Defend","StSShapeShifter:Tortoise_Form","StSShapeShifter:Lynx_Form","StSShapeShifter:FoxForm","StSShapeShifter:BearForm","StSShapeShifter:FesteringBite"],"relics":["StSShapeShifter:AnimalHeart","StSShapeShifter:TheShapeShiftersMagnolia","EVO:Axolotl","NeowsBlessing","reliquary:TatteredRug","StrikeDummy","hubris:BottledRain"],"acts_visited":["Exordium"],"potions_floor_usage":[4,6],"damage_taken":[{"damage":0,"enemies":"Cultist","floor":1,"turns":2},{"damage":0,"enemies":"2 Louse","floor":2,"turns":6},{"damage":0,"enemies":"conspire:RoseBush","floor":4,"turns":1},{"damage":10,"enemies":"3 Louse","floor":5,"turns":2},{"damage":62,"enemies":"Lagavulin","floor":6,"turns":11},{"damage":24,"enemies":"3 Sentries","floor":8,"turns":18},{"damage":34,"enemies":"Gremlin Nob","floor":11,"turns":4}],"seed_played":"2382727879172505283","potions_obtained":[{"floor":4,"key":"Fruit Juice"},{"floor":5,"key":"SteroidPotion"}],"is_trial":false,"path_per_floor":["M","M","?","M","M","E","R","E","T","?","E"],"character_chosen":"SHAPESHIFTER","items_purchased":[],"campfire_rested":1,"item_purchase_floors":[],"current_hp_per_floor":[78,78,71,76,66,4,28,4,4,4,0,0],"gold":233,"neow_bonus":"THREE_ENEMY_KILL","is_daily":false,"chose_seed":false,"campfire_upgraded":0,"win_rate":0.0,"timestamp":1613482846,"path_taken":["M","M","?","M","M","E","R","E","T","?","E"],"items_purchased_type":[],"build_version":"2020-12-22","purchased_purges":0,"victory":false,"max_hp_per_floor":[78,78,78,83,83,83,83,83,83,83,83,83],"card_choices":[{"not_picked":["StSShapeShifter:AdaptiveStrikes","StSShapeShifter:BarkSkin"],"picked":"StSShapeShifter:FoxForm","floor":1},{"not_picked":["StSShapeShifter:MultiSpiritedStrike","StSShapeShifter:FallingLeaves","StSShapeShifter:BulwarkOfDiscovery"],"picked":"SKIP","floor":2},{"not_picked":["StSShapeShifter:Efflorescence","StSShapeShifter:IntimidatingAura","StSShapeShifter:MonkeyForm"],"picked":"SKIP","floor":4},{"not_picked":["StSShapeShifter:ShiftingStrike","StSShapeShifter:ThornToss","StSShapeShifter:DeerForm"],"picked":"SKIP","floor":5},{"not_picked":["StSShapeShifter:RockSlide","StSShapeShifter:FlowerShield"],"picked":"StSShapeShifter:BearForm","floor":6},{"not_picked":["StSShapeShifter:DeerForm","StSShapeShifter:FesteringBite","StSShapeShifter:FlowerShield"],"picked":"SKIP","floor":8},{"not_picked":["StSShapeShifter:DeerForm","StSShapeShifter:FlowerShield"],"picked":"StSShapeShifter:FesteringBite","floor":8}],"player_experience":63163,"relics_obtained":[{"floor":6,"key":"reliquary:TatteredRug"},{"floor":8,"key":"StrikeDummy"},{"floor":9,"key":"hubris:BottledRain"}],"event_choices":[{"cards_removed":["StSShapeShifter:ShapeShifter_Strike"],"damage_healed":0,"gold_gain":0,"player_choice":"Card Removal","damage_taken":7,"max_hp_gain":0,"max_hp_loss":0,"event_name":"Golden Wing","floor":3,"gold_loss":0},{"damage_healed":0,"gold_gain":0,"player_choice":"Ignored","damage_taken":0,"max_hp_gain":0,"max_hp_loss":0,"event_name":"Liars Game","floor":10,"gold_loss":0}],"is_beta":false,"boss_relics":[],"items_purged_floors":[],"is_endless":false,"potions_floor_spawned":[4,5],"killed_by":"Gremlin Nob","ascension_level":0}}