{"host":"h3ogdo6no3ehk88q","time":1613438825,"event":{"mods":["AchievementEnabler","BaseMod","Minty Spire (QoL Compilation)","StSLib","SuperFastMode"],"gold_per_floor":[209,209,20,57,68,68,68,123,123,151,151,174,99,99,112,147,211,227,227,227,324,324,340,265,285,305,236,236,271,271,297,310,337,347,347,38,38,38,38],"floor_reached":38,"language":"ENG","playtime":1010,"items_purged":["Strike_R"],"score":528,"play_id":"c79dd084-5578-44f8-bcd3-78c3a6516f00","local_time":"20210215202705","is_ascension_mode":true,"campfire_choices":[{"data":"Carnage","floor":7.0,"key":"SMITH"},{"data":"Shockwave","floor":9.0,"key":"SMITH"},{"data":"True Grit","floor":14.0,"key":"SMITH"},{"floor":20.0,"key":"REST"},{"data":"Barricade","floor":28,"key":"SMITH"},{"floor":30,"key":"REST"},{"data":"Entrench","floor":37,"key":"SMITH"}],"circlet_count":0,"master_deck":["AscendersBane","Strike_R","Strike_R","Strike_R+1","Strike_R","Defend_R","Defend_R+1","Defend_R","Defend_R","Bash","True Grit+1","Shockwave+1","Shrug It Off","Carnage+1","Shrug It Off","Clothesline","Barricade+1","Inflame","Entrench+1","Whirlwind+1","Feed"],"relics":["Burning Blood","Toolbox","MealTicket","Pantograph","Bronze Scales","Omamori","Orichalcum","Happy Flower","SacredBark","Regal Pillow","Unceasing Top","StoneCalendar"],"acts_visited":["Exordium","TheCity"],"potions_floor_usage":[21,23,29,29,35],"damage_taken":[{"damage":0.0,"enemies":"Small Slimes","floor":1.0,"turns":3.0},{"damage":9.0,"enemies":"Jaw Worm","floor":4.0,"turns":4.0},{"damage":0.0,"enemies":"Cultist","floor":5.0,"turns":3.0},{"damage":15.0,"enemies":"Lagavulin","floor":8.0,"turns":6.0},{"damage":8.0,"enemies":"Gremlin Nob","floor":10.0,"turns":3.0},{"damage":7.0,"enemies":"2 Fungi Beasts","floor":15.0,"turns":3.0},{"damage":18.0,"enemies":"3 Sentries","floor":16.0,"turns":4.0},{"damage":6.0,"enemies":"Looter","floor":18.0,"turns":3.0},{"damage":38,"enemies":"Hexaghost","floor":21,"turns":10},{"damage":6,"enemies":"2 Thieves","floor":23,"turns":4},{"damage":15,"enemies":"Spheric Guardian","floor":25,"turns":6},{"damage":21,"enemies":"Snake Plant","floor":26,"turns":6},{"damage":62,"enemies":"Gremlin Leader","floor":29,"turns":8},{"damage":6,"enemies":"Snecko","floor":32,"turns":5},{"damage":39,"enemies":"Book of Stabbing","floor":33,"turns":5},{"damage":7,"enemies":"Centurion and Healer","floor":34,"turns":7},{"damage":21,"enemies":"Colosseum Slavers","floor":35,"turns":6},{"damage":81,"enemies":"Collector","floor":38,"turns":5}],"seed_played":"6462414758008766870","potions_obtained":[{"floor":1.0,"key":"Block Potion"},{"floor":5.0,"key":"Block Potion"},{"floor":21,"key":"Block Potion"},{"floor":25,"key":"BloodPotion"},{"floor":33,"key":"LiquidMemories"}],"is_trial":false,"path_per_floor":["M","?","$","M","M","?","R","E","R","E","T","T","$","R","M","E","?","M","?","R","B",null,"M","?","M","M","$","R","E","R","T","M","E","M","?","$","R","B"],"character_chosen":"IRONCLAD","items_purchased":["Toolbox","Shockwave","Entrench","StoneCalendar"],"campfire_rested":2,"item_purchase_floors":[3,3,27,36],"current_hp_per_floor":[78,62,62,59,65,65,65,56,56,54,54,54,69,69,68,56,56,56,56,80,48,72,72,72,63,48,63,63,39,78,78,78,45,44,29,44,44,0,0],"gold":38,"neow_bonus":"HUNDRED_GOLD","is_daily":false,"chose_seed":false,"campfire_upgraded":5,"win_rate":0.0,"timestamp":1613438825,"path_taken":["M","?","$","M","M","?","R","E","R","E","T","T","$","R","?","E","?","M","?","R","BOSS","M","?","M","M","$","R","E","R","T","M","E","M","?","?","R","BOSS"],"items_purchased_type":["Relic","Card","Card","Relic"],"build_version":"2020-12-22","purchased_purges":1,"victory":false,"max_hp_per_floor":[80,80,80,80,80,80,80,80,80,80,80,80,80,80,80,80,80,80,80,80,80,80,80,80,80,80,80,80,80,80,80,80,80,80,80,80,80,80,80],"card_choices":[{"not_picked":["Thunderclap","Burning Pact"],"picked":"True Grit","floor":1.0},{"not_picked":["Clash","Pommel Strike"],"picked":"Shrug It Off","floor":4.0},{"not_picked":["Flex","Clash"],"picked":"Carnage","floor":5.0},{"not_picked":["Armaments","Fiend Fire"],"picked":"Shrug It Off","floor":8.0},{"not_picked":["Dark Embrace","Body Slam","Shockwave"],"picked":"SKIP","floor":10.0},{"not_picked":["Perfected Strike","Second Wind","Rampage"],"picked":"SKIP","floor":15.0},{"not_picked":["Body Slam","Clash","Power Through"],"picked":"SKIP","floor":16.0},{"not_picked":["Dropkick","Headbutt"],"picked":"Clothesline","floor":18.0},{"not_picked":["Berserk","Offering"],"picked":"Barricade","floor":21},{"not_picked":["Carnage","Armaments+1"],"picked":"Feel No Pain","floor":23},{"not_picked":["Iron Wave","Havoc"],"picked":"Inflame","floor":25},{"not_picked":["Iron Wave","Heavy Blade","Bloodletting"],"picked":"SKIP","floor":26},{"not_picked":["Burning Pact","Armaments","Power Through"],"picked":"SKIP","floor":29},{"not_picked":["Thunderclap","Spot Weakness"],"picked":"Whirlwind+1","floor":32},{"not_picked":["Power Through","Iron Wave"],"picked":"Feed","floor":33},{"not_picked":["Thunderclap+1","Iron Wave","Armaments"],"picked":"SKIP","floor":34}],"player_experience":862682,"relics_obtained":[{"floor":6.0,"key":"MealTicket"},{"floor":8.0,"key":"Pantograph"},{"floor":10.0,"key":"Bronze Scales"},{"floor":11.0,"key":"Omamori"},{"floor":12.0,"key":"Orichalcum"},{"floor":16.0,"key":"Happy Flower"},{"floor":29,"key":"Regal Pillow"},{"floor":33,"key":"Unceasing Top"}],"event_choices":[{"damage_healed":0.0,"max_hp_gain":0.0,"max_hp_loss":0.0,"gold_gain":0.0,"event_name":"Shining Light","player_choice":"Entered Light","floor":2.0,"gold_loss":0.0,"damage_taken":16.0,"cards_upgraded":["Defend_R","Strike_R"]},{"damage_healed":0.0,"max_hp_gain":0.0,"max_hp_loss":0.0,"gold_gain":0.0,"event_name":"Wheel of Change","player_choice":"Relic","floor":6.0,"gold_loss":0.0,"damage_taken":0.0},{"damage_healed":0.0,"max_hp_gain":0.0,"max_hp_loss":0.0,"gold_gain":64.0,"event_name":"Golden Wing","player_choice":"Gained Gold","floor":17.0,"gold_loss":0.0,"damage_taken":0.0},{"damage_healed":0.0,"max_hp_gain":0.0,"max_hp_loss":0.0,"gold_gain":0.0,"event_name":"Dead Adventurer","player_choice":"Searched \u00271\u0027 times","floor":19.0,"gold_loss":0.0,"damage_taken":0.0},{"cards_removed":["Feel No Pain"],"damage_healed":0,"gold_gain":0,"player_choice":"Gave Gold","damage_taken":0,"max_hp_gain":0,"max_hp_loss":0,"event_name":"Beggar","floor":24,"gold_loss":75},{"damage_healed":0,"gold_gain":0,"player_choice":"Fight","damage_taken":0,"max_hp_gain":0,"max_hp_loss":0,"event_name":"Colosseum","floor":35,"gold_loss":0},{"damage_healed":0,"gold_gain":0,"player_choice":"Fled From Nobs","damage_taken":0,"max_hp_gain":0,"max_hp_loss":0,"event_name":"Colosseum","floor":35,"gold_loss":0}],"is_beta":false,"boss_relics":[{"not_picked":["Tiny House","Empty Cage"],"picked":"SacredBark"}],"items_purged_floors":[13],"is_endless":false,"potions_floor_spawned":[1,5,16,21,25,33,35],"killed_by":"Collector","ascension_level":12}}