{"host":"syfsfjmzue8y1a6l","time":1613449933,"event":{"mods":["AchievementEnabler","BaseMod","Colored Map","DeckTracker","Minty Spire (QoL Compilation)","SuperFastMode"],"gold_per_floor":[109,121,30,42,16,27,62,62,62,62,75,75,108,123,123,225,225,206,220,1,1,12,37,37,37,64,64,44,44,44],"floor_reached":29,"language":"KOR","playtime":2664,"items_purged":["Defend_P"],"score":253,"play_id":"367d5be6-7b3e-42f3-aa11-9984ddb02e7a","local_time":"20210216133213","is_ascension_mode":false,"campfire_choices":[{"floor":8,"key":"REST"},{"data":"Study","floor":10,"key":"SMITH"},{"data":"DeusExMachina","floor":12,"key":"SMITH"},{"floor":15,"key":"REST"},{"data":"Crescendo","floor":24,"key":"SMITH"},{"data":"ClearTheMind","floor":27,"key":"SMITH"}],"circlet_count":0,"master_deck":["Strike_P","Strike_P","Strike_P","Strike_P","Defend_P","Defend_P","Defend_P","Eruption+1","Vigilance","SashWhip","FlurryOfBlows","EmptyFist","Study+1","ClearTheMind+1","FlyingSleeves","Meditate","ReachHeaven","DeusExMachina+1","EmptyMind","InnerPeace","Judgement","FearNoEvil+1","Crescendo+1"],"relics":["PureWater","Question Card","Bottled Flame","Omamori","SlaversCollar","PreservedInsect","GoldenEye","Nunchaku"],"acts_visited":["Exordium","TheCity"],"potions_floor_usage":[7,14,14,16,19,23,29,29,29],"damage_taken":[{"damage":0,"enemies":"Cultist","floor":1,"turns":3},{"damage":0,"enemies":"Small Slimes","floor":2,"turns":3},{"damage":0,"enemies":"2 Louse","floor":4,"turns":3},{"damage":27,"enemies":"Gremlin Gang","floor":6,"turns":6},{"damage":41,"enemies":"Lagavulin","floor":7,"turns":6},{"damage":15,"enemies":"3 Louse","floor":11,"turns":5},{"damage":14,"enemies":"3 Sentries","floor":13,"turns":6},{"damage":3,"enemies":"Lots of Slimes","floor":14,"turns":3},{"damage":9,"enemies":"The Guardian","floor":16,"turns":6},{"damage":27,"enemies":"2 Thieves","floor":18,"turns":4},{"damage":0,"enemies":"3 Byrds","floor":19,"turns":3},{"damage":11,"enemies":"Snecko","floor":22,"turns":4},{"damage":4,"enemies":"Gremlin Leader","floor":23,"turns":2},{"damage":67,"enemies":"Shelled Parasite and Fungi","floor":29,"turns":3}],"seed_played":"1119217843185002335","potions_obtained":[{"floor":4,"key":"Energy Potion"},{"floor":6,"key":"BottledMiracle"},{"floor":7,"key":"EntropicBrew"},{"floor":16,"key":"Fire Potion"},{"floor":19,"key":"SkillPotion"},{"floor":22,"key":"SkillPotion"},{"floor":28,"key":"SneckoOil"}],"is_trial":false,"path_per_floor":["M","M","$","M","$","M","E","R","T","R","M","R","E","M","R","B",null,"M","M","$","?","M","E","R","$","T","R","?","M"],"character_chosen":"WATCHER","items_purchased":["EmptyFist","Study","FlyingSleeves","PreservedInsect"],"campfire_rested":2,"item_purchase_floors":[3,3,5,20],"current_hp_per_floor":[79,79,79,79,79,52,11,34,34,34,19,19,5,2,25,16,79,52,52,52,52,41,37,37,37,37,37,37,0,0],"gold":44,"neow_bonus":"TEN_PERCENT_HP_BONUS","is_daily":false,"chose_seed":false,"campfire_upgraded":4,"win_rate":0.0,"timestamp":1613449933,"path_taken":["M","M","$","M","?","M","E","R","T","R","M","R","E","M","R","BOSS","M","M","$","?","M","E","R","?","T","R","?","?"],"items_purchased_type":["Card","Card","Card","Relic"],"build_version":"2020-12-22","purchased_purges":1,"victory":false,"max_hp_per_floor":[79,79,79,79,79,79,79,79,79,79,79,79,79,79,79,79,79,79,79,79,79,79,79,79,79,79,79,79,79,79],"card_choices":[{"not_picked":["Consecrate","EmptyFist"],"picked":"SashWhip","floor":1},{"not_picked":["SashWhip","Protect"],"picked":"FlurryOfBlows","floor":2},{"not_picked":["Worship","EmptyFist"],"picked":"ClearTheMind","floor":4},{"not_picked":["Collect","BowlingBash"],"picked":"Meditate","floor":6},{"not_picked":["EmptyBody","FlurryOfBlows"],"picked":"ReachHeaven","floor":7},{"not_picked":["Crescendo","Meditate","SignatureMove"],"picked":"DeusExMachina","floor":11},{"not_picked":["EmptyFist","EmptyBody","DeusExMachina"],"picked":"EmptyMind","floor":13},{"not_picked":["ReachHeaven","ThirdEye","Study"],"picked":"InnerPeace","floor":14},{"not_picked":["Vault","DevaForm","LessonLearned"],"picked":"Judgement","floor":16},{"not_picked":["Conclude+1","WheelKick","TalkToTheHand","FearNoEvil"],"picked":"SKIP","floor":18},{"not_picked":["FollowUp+1","PathToVictory","ClearTheMind","BattleHymn"],"picked":"SKIP","floor":19},{"not_picked":["Study","WreathOfFlame","SandsOfTime"],"picked":"FearNoEvil+1","floor":22},{"not_picked":["EmptyBody","Judgement","CrushJoints"],"picked":"Crescendo","floor":23}],"player_experience":74974,"relics_obtained":[{"floor":7,"key":"Question Card"},{"floor":9,"key":"Bottled Flame"},{"floor":13,"key":"Omamori"},{"floor":23,"key":"GoldenEye"},{"floor":26,"key":"Nunchaku"}],"event_choices":[{"damage_healed":0,"gold_gain":0,"player_choice":"Forge","damage_taken":0,"max_hp_gain":0,"max_hp_loss":0,"event_name":"Accursed Blacksmith","floor":21,"gold_loss":0,"cards_upgraded":["Eruption"]},{"damage_healed":0,"gold_gain":0,"player_choice":"Bought 1 Potion","damage_taken":0,"max_hp_gain":0,"max_hp_loss":0,"event_name":"The Woman in Blue","floor":28,"gold_loss":0}],"is_beta":false,"boss_relics":[{"not_picked":["Runic Dome","Snecko Eye"],"picked":"SlaversCollar"}],"items_purged_floors":[20],"is_endless":false,"potions_floor_spawned":[4,6,7,16,19,22],"killed_by":"Shelled Parasite and Fungi","ascension_level":0}}