{"host":"5inz41fcnifmg6v2","time":1613448091,"event":{"mods":["BaseMod","Downfall","Minty Spire (QoL Compilation)","Reliquary","Replay The Spire","StSLib"],"gold_per_floor":[114,189,237,237,247,272,286,321,321,346,357,369,149,249,249,345,345,355,355,203,203,126,126,156,175,202,212,212,212,212,239,239,336,386,399,399,399,444,463,493,105,140,178,190,190],"floor_reached":44,"language":"ZHS","playtime":3003,"items_purged":[],"score":834,"play_id":"c38f382c-f82b-4d6d-8dc6-8bcb448b58a1","local_time":"20210216120131","is_ascension_mode":true,"campfire_choices":[{"floor":15,"key":"REST"},{"data":"Rage","floor":23,"key":"SMITH"},{"floor":28,"key":"RECALL"},{"data":"Berserk","floor":30,"key":"SMITH"}],"circlet_count":0,"master_deck":["Defend_R+1","Defend_R+1","Bash","Sentinel","Sever Soul+1","Shrug It Off+1","Clash+1","Bludgeon","Anger","Iron Wave","Replay:Undeath\u0027s Touch","Demon Form","Rage+1","downfall:Haunted","downfall:Haunted","Parasite","Replay:Many Hands+1","Regret","Parasite","Berserk+1","Flex+1","Slimebound:Tackle+1","Slimebound:Tackle+1","Slimebound:Tackle+1","Bloodletting+1","ReplayTheSpireMod:LeadingStrike","Armaments+1","Dual Wield","Demon Form","Shrug It Off+1","ReplayTheSpireMod:Muscle Training","Sword Boomerang","Spot Weakness","Life Link"],"relics":["Burning Blood","NeowsBlessing","Anchor","reliquary:TridentHead","ReplayTheSpireMod:Spearhead","Pen Nib","Shuriken","Du-Vu Doll","reliquary:Ember","Strawberry","reliquary:WeakTea","CultistMask","reliquary:Firecrackers","Tiny House","FossilizedHelix","reliquary:MedicineBall","Lee\u0027s Waffle","War Paint","MawBank","Ancient Tea Set"],"acts_visited":["Exordium","TheCity","TheBeyond"],"potions_floor_usage":[6,16,33,33,38,38,41,42,42],"damage_taken":[{"damage":0,"enemies":"2 Louse","floor":1,"turns":1},{"damage":0,"enemies":"Jaw Worm","floor":5,"turns":1},{"damage":0,"enemies":"Lagavulin","floor":6,"turns":1},{"damage":0,"enemies":"Small Slimes","floor":7,"turns":2},{"damage":24,"enemies":"Replay:BlueRogue","floor":8,"turns":4},{"damage":26,"enemies":"Gremlin Nob","floor":10,"turns":4},{"damage":4,"enemies":"Exordium Thugs","floor":11,"turns":2},{"damage":9,"enemies":"Red Slaver","floor":12,"turns":3},{"damage":0,"enemies":"Slime Boss","floor":16,"turns":3},{"damage":2,"enemies":"Chosen","floor":18,"turns":2},{"damage":36,"enemies":"Book of Stabbing","floor":24,"turns":3},{"damage":3,"enemies":"Shell Parasite","floor":25,"turns":1},{"damage":12,"enemies":"Snake Plant","floor":27,"turns":2},{"damage":24,"enemies":"Replay:Snechameleon","floor":31,"turns":3},{"damage":43,"enemies":"Champ","floor":33,"turns":6},{"damage":0,"enemies":"3 Shapes","floor":35,"turns":2},{"damage":47,"enemies":"2 Orb Walkers","floor":38,"turns":4},{"damage":16,"enemies":"3 Darklings","floor":39,"turns":3},{"damage":42,"enemies":"R_Hoarder","floor":40,"turns":7},{"damage":71,"enemies":"Nemesis","floor":42,"turns":7},{"damage":58,"enemies":"Giant Head","floor":44,"turns":5}],"seed_played":"-8845740878464612676","potions_obtained":[{"floor":6,"key":"Fruit Juice"},{"floor":10,"key":"Energy Potion"},{"floor":11,"key":"Block Potion"},{"floor":12,"key":"SneckoOil"},{"floor":18,"key":"HeartOfIron"},{"floor":27,"key":"Explosive Potion"},{"floor":34,"key":"Flashbang"},{"floor":39,"key":"Fire Potion"},{"floor":40,"key":"ColorlessPotion"}],"is_trial":false,"path_per_floor":["M","?","T","?","M","E","M","E","T","E","M","M","$","?","R","B",null,"M","?","$","?","$","R","E","M","T","M","R","?","R","E","R","B",null,"M","?","?","?","M","E","$","E","T","E"],"character_chosen":"IRONCLAD","items_purchased":["Demon Form","Rage","Strawberry","Bloodletting","Lee\u0027s Waffle","War Paint","Fruit Juice"],"campfire_rested":1,"item_purchase_floors":[13,13,20,22,41,41,41],"current_hp_per_floor":[80,69,69,69,75,85,85,67,67,47,49,46,46,51,78,84,90,90,90,97,97,97,97,67,70,70,64,64,64,64,46,75,38,102,102,102,102,61,51,15,114,49,49,0,0],"gold":190,"neow_bonus":"THREE_ENEMY_KILL","is_daily":false,"chose_seed":false,"campfire_upgraded":2,"win_rate":0.0,"timestamp":1613448091,"path_taken":["M","?","?","?","M","E","M","E","T","E","?","M","?","?","R","BOSS","M","?","$","?","?","R","E","M","T","M","R","?","R","E","R","BOSS","M","?","?","?","M","E","$","E","T","E"],"items_purchased_type":["Card","Card","Relic","Card","Relic","Relic","Potion"],"build_version":"2020-12-22","purchased_purges":0,"victory":false,"max_hp_per_floor":[80,80,80,80,80,85,85,85,85,85,85,85,85,90,90,90,90,90,90,97,97,97,97,97,97,97,97,97,97,97,97,97,97,102,102,102,102,102,102,102,114,114,114,114,114],"card_choices":[{"not_picked":["Flex","True Grit"],"picked":"Sentinel","floor":1},{"not_picked":["Shockwave","Wild Strike"],"picked":"Shrug It Off","floor":5},{"not_picked":["Sever Soul","Clothesline"],"picked":"Clash","floor":6},{"not_picked":["Heavy Blade","Power Through","Havoc"],"picked":"SKIP","floor":7},{"not_picked":["Whirlwind","Wild Strike"],"picked":"Bludgeon","floor":8},{"not_picked":["ReplayTheSpireMod:Limb From Limb","ReplayTheSpireMod:Muscle Training"],"picked":"Anger","floor":10},{"not_picked":["Metallicize","Shrug It Off"],"picked":"Iron Wave","floor":11},{"not_picked":["Combust","Cleave"],"picked":"Replay:Undeath\u0027s Touch","floor":12},{"not_picked":["Replay:Many Hands","Immolate"],"picked":"Berserk","floor":16},{"not_picked":["Burning Pact","Ghostly Armor"],"picked":"Flex+1","floor":18},{"not_picked":["Rampage","Flame Barrier+1"],"picked":"ReplayTheSpireMod:LeadingStrike","floor":24},{"not_picked":["Cleave","ReplayReversal"],"picked":"Armaments+1","floor":25},{"not_picked":["Replay:Undeath\u0027s Touch","Bloodletting"],"picked":"Dual Wield","floor":27},{"not_picked":["Perfected Strike","Sentinel","Abandon"],"picked":"SKIP","floor":31},{"not_picked":["Exhume","Offering"],"picked":"Demon Form","floor":33},{"not_picked":["Wild Strike","Second Wind+1"],"picked":"Shrug It Off+1","floor":35},{"not_picked":["Warcry+1","Havoc"],"picked":"ReplayTheSpireMod:Muscle Training","floor":38},{"not_picked":["Twin Strike+1","Headbutt+1"],"picked":"Sword Boomerang","floor":39},{"not_picked":["ReplayTheSpireMod:Muscle Training","Pummel"],"picked":"Spot Weakness","floor":40},{"not_picked":["Clash","Run Through"],"picked":"Life Link","floor":42}],"player_experience":106996,"relics_obtained":[{"floor":3,"key":"Anchor"},{"floor":6,"key":"reliquary:TridentHead"},{"floor":8,"key":"ReplayTheSpireMod:Spearhead"},{"floor":9,"key":"Pen Nib"},{"floor":10,"key":"Shuriken"},{"floor":24,"key":"reliquary:WeakTea"},{"floor":31,"key":"reliquary:Firecrackers"},{"floor":38,"key":"FossilizedHelix"},{"floor":40,"key":"reliquary:MedicineBall"},{"floor":42,"key":"MawBank"},{"floor":43,"key":"Ancient Tea Set"}],"event_choices":[{"damage_healed":0,"gold_gain":75,"player_choice":"Gather Gold","damage_taken":11,"max_hp_gain":0,"max_hp_loss":0,"event_name":"World of Goop","floor":2,"gold_loss":0},{"damage_healed":0,"gold_gain":0,"player_choice":"Simplicity","damage_taken":0,"max_hp_gain":0,"max_hp_loss":0,"event_name":"Back to Basics","floor":21,"gold_loss":0,"cards_upgraded":["Defend_R","Defend_R","Defend_R"]},{"damage_healed":0,"gold_gain":0,"player_choice":"Trade","damage_taken":0,"relics_obtained":["CultistMask"],"max_hp_gain":0,"max_hp_loss":0,"event_name":"FaceTrader","floor":29,"gold_loss":0},{"damage_healed":0,"gold_gain":0,"player_choice":"Ignored","damage_taken":0,"max_hp_gain":0,"max_hp_loss":0,"event_name":"Tomb of Lord Red Mask","floor":36,"gold_loss":0},{"cards_removed":["Defend_R"],"damage_healed":0,"gold_gain":0,"player_choice":"Removed Skill","damage_taken":0,"max_hp_gain":0,"max_hp_loss":0,"event_name":"Falling","floor":37,"gold_loss":0},{"damage_healed":0,"gold_gain":0,"player_choice":"Fight","damage_taken":0,"max_hp_gain":0,"max_hp_loss":0,"event_name":"Mysterious Sphere","floor":38,"gold_loss":0}],"is_beta":false,"boss_relics":[{"not_picked":["Philosopher\u0027s Stone","Black Blood"],"picked":"reliquary:Ember"},{"not_picked":["reliquary:RedPaperclip","reliquary:BigHammer"],"picked":"Tiny House"}],"items_purged_floors":[],"is_endless":false,"potions_floor_spawned":[6,10,11,12,18,27,39,40],"killed_by":"Giant Head","ascension_level":3}}