{"host":"6ald28spt7qylf4j","time":1613459926,"event":{"mods":["BaseMod","Downfall","Duelist Mod","GifTheSpireLib","Marisa£®ÏF”Í°°ƒß¿Ì…≥£©","Minty Spire (QoL Compilation)","Quick Restart","Rare Cards Sparkle","Reimu£®≤©¿ˆ¡È√Œ£©","Replay The Spire","StSLib","The Servant 0.9.4"],"gold_per_floor":[114,126,102,114,127,154,154,205,252,268,56,91,108,121,121,220,220,230,155,170,183,196,196,208,208,208,208,108,108,125,141,141,238,238,253,178,193,30,48,48,48,48,48,67,78,78,38,56,56,26],"floor_reached":51,"language":"ZHS","playtime":3016,"items_purged":["Strike_Lin:ReiMu","Strike_Lin:ReiMu"],"score":938,"play_id":"b31c733e-b220-4069-9ea9-f9724d5cd37e","local_time":"20210216151846","is_ascension_mode":false,"campfire_choices":[{"floor":7.0,"key":"REST"},{"floor":15,"key":"REST"},{"floor":23,"key":"REST"},{"floor":25,"key":"REST"},{"data":"CardOfSanctity:ReiMu","floor":32,"key":"SMITH"},{"data":"Apotheosis","floor":40,"key":"SMITH"},{"data":"AlertArray:ReiMu","floor":42,"key":"SMITH"},{"floor":46,"key":"REST"},{"data":"PrayRite:ReiMu","floor":49,"key":"SMITH"}],"circlet_count":0,"master_deck":["Strike_Lin:ReiMu","Strike_Lin:ReiMu","Defend_Lin:ReiMu","Defend_Lin:ReiMu","Defend_Lin:ReiMu","Defend_Lin:ReiMu","NB:ReiMu","Stagnation:ReiMu","Conquer:ReiMu","SubAcupoint:ReiMu+1","LearningPray:ReiMu","Conquer:ReiMu","DoubleButterfly:ReiMu","EmergencyTakeOff:ReiMu","OctopathSalyBorderN:ReiMu","PhosphorusFlame:ReiMu+1","Conquer:ReiMu","Enchanting:ReiMu","CardOfSanctity:ReiMu+1","UpKicking:ReiMu","ShadowOfCrow2:ReiMu+1","FantasyMoon:ReiMu+1","MountainWay:ReiMu","CareerPray:ReiMu","AlertArray:ReiMu+1","AirStrike:ReiMu","SpringWay:ReiMu+1","PrayRite:ReiMu+1","BarrageOfMoneybags:ReiMu","NineCharacters:ReiMu","LovePray:ReiMu","Apotheosis+1","Conquer:ReiMu+1","LovePray:ReiMu+1","SubcavityInstant:ReiMu"],"relics":["FlyPower:ReiMu","NeowsBlessing","Replay:Ringing Soul","Pet Ghost","Regal Pillow","Painkiller Herb","Replay:WaspNest","MutagenicStrength","Velvet Choker","CatCart","Kunai"],"acts_visited":["Exordium","TheCity","TheBeyond"],"potions_floor_usage":[31,33,50],"damage_taken":[{"damage":0.0,"enemies":"Cultist","floor":1.0,"turns":1.0},{"damage":0.0,"enemies":"2 Louse","floor":2.0,"turns":1.0},{"damage":0.0,"enemies":"Jaw Worm","floor":4.0,"turns":1.0},{"damage":6.0,"enemies":"2 Fungi Beasts","floor":5.0,"turns":4.0},{"damage":47.0,"enemies":"Gremlin Nob","floor":6.0,"turns":6.0},{"damage":8.0,"enemies":"Large Slime","floor":10.0,"turns":8.0},{"damage":40.0,"enemies":"Lagavulin","floor":12.0,"turns":10.0},{"damage":0,"enemies":"3 Louse","floor":13,"turns":2},{"damage":10,"enemies":"Exordium Thugs","floor":14,"turns":3},{"damage":11,"enemies":"Fading Forest","floor":16,"turns":11},{"damage":5,"enemies":"Chosen","floor":18,"turns":7},{"damage":5,"enemies":"2 Thieves","floor":19,"turns":5},{"damage":3,"enemies":"Snecko","floor":20,"turns":5},{"damage":29,"enemies":"Snake Plant","floor":21,"turns":5},{"damage":10,"enemies":"Chosen and Byrds","floor":22,"turns":5},{"damage":12,"enemies":"Centurion and Healer","floor":24,"turns":5},{"damage":1,"enemies":"Snake Plant","floor":30,"turns":3},{"damage":3,"enemies":"Shelled Parasite and Fungi","floor":31,"turns":3},{"damage":32,"enemies":"Pondfish","floor":33,"turns":8},{"damage":13,"enemies":"Orb Walker","floor":35,"turns":5},{"damage":19,"enemies":"Orin","floor":37,"turns":9},{"damage":0,"enemies":"3 Shapes","floor":39,"turns":4},{"damage":12,"enemies":"Transient","floor":44,"turns":5},{"damage":16,"enemies":"Writhing Mass","floor":45,"turns":6},{"damage":10,"enemies":"3 Darklings","floor":48,"turns":2},{"damage":73,"enemies":"Awakened One","floor":50,"turns":11}],"seed_played":"2362368052671935214","potions_obtained":[{"floor":6.0,"key":"Regen Potion"},{"floor":12.0,"key":"FearPotion"},{"floor":13,"key":"MagicPotion:ReiMu"},{"floor":16,"key":"SteroidPotion"},{"floor":18,"key":"Death Potion"},{"floor":21,"key":"BlessingOfTheForge"},{"floor":31,"key":"PowerPotion"},{"floor":45,"key":"SteroidPotion"}],"is_trial":false,"path_per_floor":["M","M","?","M","M","E","R","?","T","M","$","E","M","M","R","B",null,"?","?","?","?","?","T","?","T","T","?","T","?","?","?","T","B",null,"?","T","?","T","?","T","T","T","T","?","?","T","?","?","T","B",null],"character_chosen":"REIMU","items_purchased":["OctopathSalyBorderN:ReiMu","NineCharacters:ReiMu","Apotheosis"],"campfire_rested":5,"item_purchase_floors":[11,36,38],"current_hp_per_floor":[65,65,65,65,59,15,35,35,35,45,48,11,14,7,46,52,86,84,82,82,56,49,94,85,104,104,83,83,83,85,85,85,56,118,108,111,95,98,98,98,98,98,98,89,76,131,131,124,124,51],"gold":26,"neow_bonus":"THREE_ENEMY_KILL","is_daily":false,"chose_seed":false,"campfire_upgraded":4,"win_rate":0.0,"timestamp":1613459926,"path_taken":["M","?","?","M","M","E","R","?","T","M","$","E","M","M","R","BOSS","?","?","?","?","?","T","?","T","T","?","T","?","?","?","T","BOSS","?","T","?","T","?","T","T","T","T","?","?","T","?","?","T","BOSS"],"items_purchased_type":["Card","Card","Card"],"build_version":"2020-12-22","purchased_purges":2,"victory":true,"max_hp_per_floor":[65,65,65,65,65,68,68,68,68,71,74,77,80,83,83,86,86,89,92,95,98,101,101,104,104,104,109,109,109,112,115,115,118,118,121,124,127,130,130,130,130,130,130,133,136,136,136,139,139,139],"card_choices":[{"not_picked":["SafetyPray:ReiMu","SpreadBorder2:ReiMu"],"picked":"Conquer:ReiMu","floor":1.0},{"not_picked":["RainPray2:ReiMu","OrbThrow:ReiMu"],"picked":"SubAcupoint:ReiMu","floor":2.0},{"not_picked":["AirStrike:ReiMu","SpringWay:ReiMu"],"picked":"LearningPray:ReiMu","floor":4.0},{"not_picked":["WonderfulDomain:ReiMu","Meditation:ReiMu"],"picked":"Conquer:ReiMu","floor":5.0},{"not_picked":["FineLineFantasy:ReiMu","Intuition:ReiMu"],"picked":"DoubleButterfly:ReiMu","floor":6.0},{"not_picked":["OctopathBindingBorder2:ReiMu","DependentForm:ReiMu"],"picked":"EmergencyTakeOff:ReiMu","floor":10.0},{"not_picked":["SafetyPray:ReiMu","AlertArray:ReiMu"],"picked":"PhosphorusFlame:ReiMu","floor":12.0},{"not_picked":["BarrageOfMoneybags:ReiMu","EmergencyTakeOff:ReiMu"],"picked":"Conquer:ReiMu","floor":13},{"not_picked":["Intuition:ReiMu","FantasyBorder:ReiMu"],"picked":"Enchanting:ReiMu","floor":14},{"not_picked":["Determination:ReiMu","OctopathSalyBorderN:ReiMu"],"picked":"CardOfSanctity:ReiMu","floor":16},{"not_picked":["TakeOff:ReiMu","Gathering:ReiMu"],"picked":"UpKicking:ReiMu","floor":18},{"not_picked":["ForcedLanding:ReiMu","Enchanting:ReiMu"],"picked":"ShadowOfCrow2:ReiMu+1","floor":19},{"not_picked":["SpringWay:ReiMu","WonderfulDomain:ReiMu"],"picked":"FantasyMoon:ReiMu+1","floor":20},{"not_picked":["SpreadBorder2:ReiMu","Meditation:ReiMu"],"picked":"MountainWay:ReiMu","floor":21},{"not_picked":["ShadowOfCrow2:ReiMu","FineLineFantasy:ReiMu"],"picked":"CareerPray:ReiMu","floor":22},{"not_picked":["FantasyBorder:ReiMu","SubAcupoint:ReiMu"],"picked":"AlertArray:ReiMu","floor":24},{"not_picked":["Free:ReiMu","WonderfulDomain:ReiMu"],"picked":"AirStrike:ReiMu","floor":30},{"not_picked":["OrbThrow:ReiMu","Meditation:ReiMu"],"picked":"SpringWay:ReiMu+1","floor":31},{"not_picked":["YinYang:ReiMu","SubcavityFantasy:ReiMu"],"picked":"PrayRite:ReiMu","floor":33},{"not_picked":["SubAcupoint:ReiMu","Mountainwind:ReiMu+1"],"picked":"BarrageOfMoneybags:ReiMu","floor":35},{"not_picked":["SpreadBorder2:ReiMu","Conquer:ReiMu"],"picked":"LovePray:ReiMu","floor":37},{"not_picked":["CareerPray:ReiMu+1","SubAcupoint:ReiMu","SafetyPray:ReiMu+1"],"picked":"SKIP","floor":39},{"not_picked":["RainPray2:ReiMu+1","SpringWay:ReiMu"],"picked":"Conquer:ReiMu+1","floor":44},{"not_picked":["Enchanting:ReiMu+1","DoubleButterfly:ReiMu+1"],"picked":"LovePray:ReiMu+1","floor":45},{"not_picked":["Conquer:ReiMu","Intuition:ReiMu"],"picked":"SubcavityInstant:ReiMu","floor":48}],"player_experience":4879,"relics_obtained":[{"floor":6.0,"key":"Replay:Ringing Soul"},{"floor":9.0,"key":"Pet Ghost"},{"floor":12.0,"key":"Regal Pillow"},{"floor":26,"key":"Replay:WaspNest"},{"floor":37,"key":"CatCart"},{"floor":43,"key":"Kunai"}],"event_choices":[{"damage_healed":0.0,"max_hp_gain":0.0,"max_hp_loss":0.0,"gold_gain":0.0,"event_name":"World of Goop","player_choice":"Left Gold","floor":3.0,"gold_loss":24.0,"damage_taken":0.0},{"damage_healed":0.0,"max_hp_gain":0.0,"max_hp_loss":0.0,"gold_gain":51.0,"event_name":"Golden Wing","player_choice":"Gained Gold","floor":8.0,"gold_loss":0.0,"damage_taken":0.0},{"damage_healed":0,"gold_gain":0,"player_choice":"Shed Blood","damage_taken":26,"max_hp_gain":5,"max_hp_loss":0,"event_name":"Forgotten Altar","floor":27,"gold_loss":0},{"damage_healed":0,"gold_gain":0,"player_choice":"Inject Mutagens","damage_taken":0,"relics_obtained":["MutagenicStrength"],"max_hp_gain":0,"max_hp_loss":0,"event_name":"Drug Dealer","floor":29,"gold_loss":0},{"damage_healed":0,"gold_gain":0,"player_choice":"Fight","damage_taken":0,"max_hp_gain":0,"max_hp_loss":0,"event_name":"OrinTheCat","floor":37,"gold_loss":0},{"damage_healed":0,"gold_gain":0,"player_choice":"Upgraded Two","damage_taken":0,"max_hp_gain":0,"max_hp_loss":0,"event_name":"Designer","floor":47,"gold_loss":40,"cards_upgraded":["SubAcupoint:ReiMu","PhosphorusFlame:ReiMu"]}],"is_beta":false,"boss_relics":[{"not_picked":["ChewingGum","SlaversCollar"],"picked":"Painkiller Herb"},{"not_picked":["Honey Jar","Tiny House"],"picked":"Velvet Choker"}],"items_purged_floors":[11,28],"is_endless":false,"potions_floor_spawned":[6,12,13,16,18,21,22,31,45,48],"ascension_level":0}}