{"host":"uv5ws9rdk87e8i5k","time":1613443544,"event":{"mods":["AchievementEnabler","BaseMod","Colored Map","Minty Spire (QoL Compilation)","Permanent Neow","Quick Restart","StSLib","SuperFastMode","The Necromancer"],"gold_per_floor":[17,17,33,33,43,70,81,107,107,107,125,157,41,70,70,70,70],"floor_reached":16,"language":"ENG","playtime":332,"items_purged":[],"score":208,"play_id":"060e8dc4-981c-4e75-bf67-4b54e1b33f0f","local_time":"20210215204544","is_ascension_mode":true,"campfire_choices":[{"data":"Havoc","floor":10,"key":"SMITH"},{"data":"Pommel Strike","floor":15,"key":"SMITH"}],"circlet_count":0,"master_deck":["AscendersBane","Strike_R","Strike_R","Strike_R","Strike_R","Defend_R","Defend_R","Defend_R","Defend_R","Bash","Burning Pact+1","Havoc+1","Twin Strike","Feel No Pain","Disarm","Second Wind","Pommel Strike+1","Shrug It Off","Feel No Pain","Pummel","Metallicize","Offering"],"relics":["Burning Blood","Charon\u0027s Ashes","Centennial Puzzle","StrikeDummy","Darkstone Periapt","Blue Candle","Bronze Scales"],"acts_visited":["Exordium"],"potions_floor_usage":[6,8,12,14],"damage_taken":[{"damage":2,"enemies":"2 Louse","floor":1,"turns":3},{"damage":1,"enemies":"Cultist","floor":3,"turns":3},{"damage":13,"enemies":"Small Slimes","floor":5,"turns":5},{"damage":17,"enemies":"3 Sentries","floor":6,"turns":6},{"damage":3,"enemies":"Exordium Wildlife","floor":7,"turns":5},{"damage":11,"enemies":"Gremlin Nob","floor":8,"turns":4},{"damage":20,"enemies":"Exordium Thugs","floor":11,"turns":5},{"damage":4,"enemies":"Lagavulin","floor":12,"turns":5},{"damage":2,"enemies":"3 Sentries","floor":14,"turns":4},{"damage":6,"enemies":"Hexaghost","floor":16,"turns":2}],"seed_played":"-757287449923220906","potions_obtained":[{"floor":1,"key":"Dexterity Potion"},{"floor":3,"key":"Block Potion"},{"floor":6,"key":"CultistPotion"},{"floor":8,"key":"PowerPotion"}],"is_trial":false,"path_per_floor":["M","?","M","?","M","E","M","E","T","R","M","E","$","E","R","B"],"character_chosen":"IRONCLAD","items_purchased":["Pummel","Metallicize"],"campfire_rested":0,"item_purchase_floors":[13,13],"current_hp_per_floor":[76,76,80,80,73,62,65,60,60,60,46,48,48,52,52,46,46],"gold":70,"neow_bonus":"ONE_RARE_RELIC","is_daily":false,"chose_seed":false,"campfire_upgraded":2,"win_rate":0.0,"timestamp":1613443544,"path_taken":["M","?","M","?","M","E","M","E","T","R","M","E","$","E","R","BOSS"],"items_purchased_type":["Card","Card"],"build_version":"2020-12-22","purchased_purges":0,"victory":false,"max_hp_per_floor":[80,80,80,80,80,80,80,80,80,80,80,80,80,80,80,80,80],"card_choices":[{"not_picked":["Pommel Strike","Pummel"],"picked":"Burning Pact","floor":1},{"not_picked":["Headbutt","Inflame"],"picked":"Havoc","floor":3},{"not_picked":["Body Slam","Cleave"],"picked":"Feel No Pain","floor":5},{"not_picked":["Bludgeon","Searing Blow"],"picked":"Disarm","floor":6},{"not_picked":["Entrench","Wild Strike"],"picked":"Second Wind","floor":7},{"not_picked":["Armaments","Entrench"],"picked":"Pommel Strike","floor":8},{"not_picked":["Headbutt","Anger"],"picked":"Shrug It Off","floor":11},{"not_picked":["Clothesline","Sentinel"],"picked":"Feel No Pain","floor":12},{"not_picked":["Inflame","Seeing Red"],"picked":"Offering","floor":14}],"player_experience":201823,"relics_obtained":[{"floor":6,"key":"Centennial Puzzle"},{"floor":8,"key":"StrikeDummy"},{"floor":9,"key":"Darkstone Periapt"},{"floor":12,"key":"Blue Candle"},{"floor":14,"key":"Bronze Scales"}],"event_choices":[{"damage_healed":0,"gold_gain":0,"player_choice":"Grow","damage_taken":0,"max_hp_gain":0,"max_hp_loss":0,"event_name":"Living Wall","floor":2,"gold_loss":0,"cards_upgraded":["Burning Pact"]},{"damage_healed":0,"gold_gain":0,"cards_transformed":["Strike_R"],"player_choice":"Transformed","damage_taken":0,"max_hp_gain":0,"max_hp_loss":0,"event_name":"Transmorgrifier","floor":4,"gold_loss":0,"cards_obtained":["Twin Strike"]}],"is_beta":false,"boss_relics":[],"items_purged_floors":[],"is_endless":false,"potions_floor_spawned":[1,3,6,7,8],"killed_by":"Hexaghost","ascension_level":12}}