{"host":"f76wcztdlwlduum6","time":1613439958,"event":{"mods":["BaseMod","BetterRewards","Colored Powertips","Minty Spire (QoL Compilation)","Quick Restart","Rare Cards Sparkle","Relic Stats","StSLib","SuperFastMode","everything is the same but u backflip on backflip"],"gold_per_floor":[112,132,282,302,39,39,64,77,148,148,168,168,168,168,168,168,168],"floor_reached":16,"language":"ENG","playtime":477,"items_purged":[],"score":200,"play_id":"a2248b6e-3f89-492a-a0e4-d285f22bc141","local_time":"20210215194558","is_ascension_mode":true,"campfire_choices":[{"data":"Feel No Pain","floor":6,"key":"SMITH"},{"floor":10,"key":"REST"},{"data":"Power Through","floor":13,"key":"SMITH"},{"data":"Demon Form","floor":15,"key":"SMITH"}],"circlet_count":0,"master_deck":["AscendersBane","Strike_R","Strike_R","Strike_R","Strike_R","Defend_R","Defend_R","Defend_R","Bash","Combust","Demon Form+1","Power Through+1","Iron Wave","Pommel Strike","Feel No Pain+1","Inflame","Shrug It Off"],"relics":["Burning Blood","Medical Kit","Sundial","Golden Idol"],"acts_visited":["Exordium"],"potions_floor_usage":[4,11,16],"damage_taken":[{"damage":12,"enemies":"Cultist","floor":1,"turns":4},{"damage":18,"enemies":"Jaw Worm","floor":2,"turns":5},{"damage":5,"enemies":"2 Louse","floor":4,"turns":4},{"damage":26,"enemies":"3 Sentries","floor":7,"turns":7},{"damage":14,"enemies":"2 Fungi Beasts","floor":8,"turns":4},{"damage":15,"enemies":"Red Slaver","floor":11,"turns":5},{"damage":39,"enemies":"The Guardian","floor":16,"turns":7}],"seed_played":"-8597064679362830975","potions_obtained":[{"floor":1,"key":"EssenceOfSteel"},{"floor":2,"key":"Dexterity Potion"},{"floor":8,"key":"DuplicationPotion"},{"floor":11,"key":"Fruit Juice"}],"is_trial":false,"path_per_floor":["M","M","?","M","$","R","E","M","T","R","M","?","R","?","R","B"],"character_chosen":"IRONCLAD","items_purchased":["Medical Kit","Feel No Pain"],"campfire_rested":1,"item_purchase_floors":[5,5],"current_hp_per_floor":[62,50,50,51,51,51,31,23,23,43,39,39,39,39,39,0,0],"gold":168,"neow_bonus":"TRANSFORM_TWO_CARDS","is_daily":false,"chose_seed":false,"campfire_upgraded":3,"win_rate":0.0,"timestamp":1613439958,"path_taken":["M","M","?","M","$","R","E","M","T","R","M","?","R","?","R","BOSS"],"items_purchased_type":["Relic","Card"],"build_version":"2020-12-22","purchased_purges":0,"victory":false,"max_hp_per_floor":[68,68,68,68,68,68,68,68,68,68,73,66,66,66,66,66,66],"relic_stats":{"counters":[7,36],"Sundial":[2],"Golden Idol":0,"Medical Kit":[16],"obtain_stats":[{"Sundial":9,"Golden Idol":12,"Medical Kit":5,"Burning Blood":0},{"Sundial":5,"Golden Idol":6,"Medical Kit":3,"Burning Blood":0},{"Sundial":24,"Golden Idol":29,"Medical Kit":13,"Burning Blood":0}],"Burning Blood":36},"card_choices":[{"not_picked":["Bloodletting","Reckless Charge"],"picked":"Power Through","floor":1},{"not_picked":["Sever Soul","Heavy Blade"],"picked":"Iron Wave","floor":2},{"not_picked":["Headbutt","Flex"],"picked":"Pommel Strike","floor":4},{"not_picked":["Warcry","Twin Strike"],"picked":"Inflame","floor":7},{"not_picked":["Clothesline","Clash","Flex"],"picked":"SKIP","floor":8},{"not_picked":["Searing Blow","Body Slam"],"picked":"Shrug It Off","floor":11}],"player_experience":333956,"relics_obtained":[{"floor":9,"key":"Sundial"}],"event_choices":[{"damage_healed":0,"gold_gain":150,"player_choice":"AGREE","damage_taken":0,"max_hp_gain":0,"max_hp_loss":0,"event_name":"Liars Game","floor":3,"gold_loss":0,"cards_obtained":["Doubt"]},{"damage_healed":0,"gold_gain":0,"player_choice":"Lose Max HP","damage_taken":0,"relics_obtained":["Golden Idol"],"max_hp_gain":0,"max_hp_loss":7,"event_name":"Golden Idol","floor":12,"gold_loss":0},{"cards_removed":["Doubt"],"damage_healed":0,"gold_gain":0,"player_choice":"Forget","damage_taken":0,"max_hp_gain":0,"max_hp_loss":0,"event_name":"Living Wall","floor":14,"gold_loss":0}],"is_beta":false,"boss_relics":[],"items_purged_floors":[],"is_endless":false,"potions_floor_spawned":[1,2,8,11],"killed_by":"The Guardian","ascension_level":20}}