{"host":"4kmvpqjeiacgn1pr","time":1613519407,"event":{"mods":["A Penny For Your Troubles","AchievementEnabler","AlwaysNeverKeys","Aspiration","BaseMod","Bestiary","Better Altar","Better Match","Better Note","Better Sensory Stone","Better Skull","Better Third Choice","Better Vampires","BetterRewards","Colored Map","Colored Powertips","Conspire","Curses Come First","Downfall","Halation","Highlight Path","Infinite Spire","Minty Spire (QoL Compilation)","Permanent Neow","Quick Restart","Rare Cards Sparkle","Relic Sorter","Relic Stats","Replay The Spire","Reworked Bosses","Shop Mod","Smile Girya","Spicy Shops","Spikes Relics","StSLib","Waifu the Spire"],"gold_per_floor":[118,118,68,68,34,63,73,73,73],"floor_reached":8,"language":"ENG","playtime":320,"items_purged":[],"score":68,"play_id":"c66878b0-3e53-410b-a37f-c888607188e2","local_time":"20210216185007","is_ascension_mode":true,"campfire_choices":[],"circlet_count":0,"master_deck":["Strike_P","Strike_P","Defend_P","Defend_P","Defend_P","Eruption","Vigilance","FollowUp","Replay:Anticipation","FlyingSleeves","ReplayTheSpireMod:Book of Names","Halt","Swivel","SashWhip"],"relics":["PureWater","Blood Vial"],"acts_visited":["Exordium"],"potions_floor_usage":[6],"damage_taken":[{"damage":0,"enemies":"2 Louse","floor":1,"turns":2},{"damage":16,"enemies":"Lagavulin","floor":6,"turns":4},{"damage":0,"enemies":"Small Slimes","floor":7,"turns":3},{"damage":23,"enemies":"Gremlin Nob","floor":8,"turns":3}],"seed_played":"-5317395982313884424","potions_obtained":[{"floor":1,"key":"Block Potion"}],"is_trial":false,"path_per_floor":["M","?","?","?","$","E","M","E"],"character_chosen":"WATCHER","items_purchased":["Halt"],"campfire_rested":0,"item_purchase_floors":[5],"current_hp_per_floor":[51,32,32,32,32,16,18,0,0],"gold":73,"neow_bonus":"TRANSFORM_TWO_CARDS","is_daily":false,"chose_seed":false,"campfire_upgraded":0,"win_rate":0.0,"timestamp":1613519407,"path_taken":["M","?","?","?","$","E","M","E"],"items_purchased_type":["Card"],"build_version":"2020-12-22","purchased_purges":0,"victory":false,"max_hp_per_floor":[72,72,72,72,72,72,72,72,72],"relic_stats":{"Blood Vial":4,"counters":[4,12],"obtain_stats":[{"Blood Vial":6,"PureWater":0},{"Blood Vial":2,"PureWater":0},{"Blood Vial":6,"PureWater":0}]},"card_choices":[{"not_picked":["Tantrum","Replay:AtTheReady"],"picked":"FlyingSleeves","floor":1},{"not_picked":["infinitespire:Punishment","infinitespire:Menacing"],"picked":"ReplayTheSpireMod:Book of Names","floor":2},{"not_picked":["FlurryOfBlows","Crescendo"],"picked":"Swivel","floor":6},{"not_picked":["Replay:Cycle","Replay:DivineShield"],"picked":"SashWhip","floor":7}],"player_experience":485363,"relics_obtained":[{"floor":6,"key":"Blood Vial"}],"event_choices":[{"cards_removed":["Strike_P"],"damage_healed":0,"gold_gain":0,"player_choice":"Card Removal","damage_taken":0,"max_hp_gain":0,"max_hp_loss":0,"event_name":"The Cleric","floor":3,"gold_loss":50},{"damage_healed":0,"gold_gain":0,"player_choice":"Leave","damage_taken":0,"max_hp_gain":0,"max_hp_loss":0,"event_name":"conspire:Investor","floor":4,"gold_loss":0}],"is_beta":false,"boss_relics":[],"items_purged_floors":[],"is_endless":false,"potions_floor_spawned":[1],"killed_by":"Gremlin Nob","ascension_level":5}}