{"host":"8zzc9mdnfkdiyxma","time":1613494779,"event":{"mods":["2.2 Compatiblity","BaseMod","Better Altar","Better Match","Better Note","Better Sensory Stone","Better Skull","Better Third Choice","Better Vampires","Colored Map","Colored Powertips","Emptier Cage","Minty Spire (QoL Compilation)","Permanent Neow","Rare Cards Sparkle","Relic Filter","Reliquary","SacredBarkPlus","StSLib","Waifu the Spire"],"gold_per_floor":[112,139,157,157,177,177,202,202,251,281,291,301,321,321,321,321,321],"floor_reached":16,"language":"ENG","playtime":664,"items_purged":[],"score":224,"play_id":"abd48aa0-6e12-4aea-9cb6-9bb7fcdc4c4c","local_time":"20210216115939","is_ascension_mode":true,"campfire_choices":[{"data":"Dash","floor":6,"key":"SMITH"},{"data":"Neutralize","floor":8,"key":"SMITH"},{"floor":15,"key":"REST"}],"circlet_count":0,"master_deck":["AscendersBane","Strike_G","Strike_G","Strike_G","Strike_G","Strike_G","Defend_G","Defend_G","Defend_G","Defend_G","Defend_G","Survivor","Neutralize+1","Dash+1","Flying Knee","Backstab","Flying Knee","Leg Sweep+1","Backstab","Deflect+1","Backflip+1","Master of Strategy+1"],"relics":["Ring of the Snake","Boot","Bag of Preparation","reliquary:KillPill","Toxic Egg 2"],"acts_visited":["Exordium"],"potions_floor_usage":[7,10,16],"damage_taken":[{"damage":1,"enemies":"Cultist","floor":1,"turns":4},{"damage":0,"enemies":"2 Louse","floor":3,"turns":3},{"damage":0,"enemies":"Jaw Worm","floor":5,"turns":4},{"damage":3,"enemies":"Gremlin Nob","floor":7,"turns":3},{"damage":18,"enemies":"Lagavulin","floor":10,"turns":6},{"damage":5,"enemies":"2 Fungi Beasts","floor":11,"turns":3},{"damage":10,"enemies":"Large Slime","floor":12,"turns":5},{"damage":4,"enemies":"Red Slaver","floor":13,"turns":3},{"damage":39,"enemies":"Hexaghost","floor":16,"turns":14}],"seed_played":"4230243108993708471","potions_obtained":[{"floor":1,"key":"Fire Potion"},{"floor":5,"key":"FearPotion"},{"floor":12,"key":"Energy Potion"}],"is_trial":false,"path_per_floor":["M","T","M","?","M","R","E","R","T","E","M","M","M","?","R","B"],"character_chosen":"THE_SILENT","items_purchased":[],"campfire_rested":1,"item_purchase_floors":[],"current_hp_per_floor":[58,58,58,58,58,58,55,55,55,37,32,22,18,18,37,0,0],"gold":321,"neow_bonus":"RANDOM_COMMON_RELIC","is_daily":false,"chose_seed":false,"campfire_upgraded":2,"win_rate":0.0,"timestamp":1613494779,"path_taken":["M","?","M","?","?","R","E","R","T","E","M","M","M","?","R","BOSS"],"items_purchased_type":[],"build_version":"2020-12-22","purchased_purges":0,"victory":false,"max_hp_per_floor":[66,66,66,66,66,66,66,66,66,66,66,66,66,66,66,66,66],"card_choices":[{"not_picked":["Catalyst","Prepared"],"picked":"Dash","floor":1},{"not_picked":["Prepared","Dagger Throw"],"picked":"Flying Knee","floor":3},{"not_picked":["Acrobatics","Deflect"],"picked":"Backstab","floor":5},{"not_picked":["Slice","Dagger Throw"],"picked":"Flying Knee","floor":7},{"not_picked":["Burst+1","Phantasmal Killer+1"],"picked":"Leg Sweep+1","floor":10},{"not_picked":["Sucker Punch","Outmaneuver+1"],"picked":"Backstab","floor":11},{"not_picked":["Sucker Punch","Flying Knee"],"picked":"Deflect+1","floor":12},{"not_picked":["Cloak And Dagger+1","Accuracy"],"picked":"Backflip+1","floor":13},{"not_picked":["Secret Technique+1","Jack Of All Trades+1"],"picked":"Master of Strategy+1","floor":14}],"player_experience":1003337,"relics_obtained":[{"floor":2,"key":"Bag of Preparation"},{"floor":7,"key":"reliquary:KillPill"},{"floor":10,"key":"Toxic Egg 2"}],"event_choices":[{"damage_healed":0,"gold_gain":0,"player_choice":"Ignored","damage_taken":157,"max_hp_gain":0,"max_hp_loss":0,"event_name":"betterThird:BetterSerpent","floor":4,"gold_loss":0},{"damage_healed":0,"gold_gain":1,"player_choice":"1","damage_taken":0,"max_hp_gain":0,"max_hp_loss":0,"event_name":"betterStone:BetterStone","floor":14,"gold_loss":0}],"is_beta":false,"boss_relics":[],"items_purged_floors":[],"is_endless":false,"potions_floor_spawned":[1,5,12],"killed_by":"Hexaghost","ascension_level":20}}