{"host":"uiabnm26t0ss3jkq","time":1613439746,"event":{"mods":["BaseMod","Better Note","Better Skull","Better Third Choice","Bossed Relics","Colored Powertips","Curses Come First","Minty Spire (QoL Compilation)","Relic Stats","Reliquary","StSLib","SuperFastMode","Waifu the Spire"],"gold_per_floor":[117,127,127,146,162,193,41,69,69,0,0,25,55,74,74,176,176,193,193,292,292,3,37,37,51,75,106,126,126,142,92,92,190,190,207,225,20,68,87,87,87,0,0,26,1,33,33,52,52,52,52,52,2,31,31,31],"floor_reached":55,"language":"ENG","playtime":4129,"items_purged":["Defend_R","Defend_R","Defend_R"],"score":1033,"play_id":"e42ec490-0ede-4643-9bd1-cd00c13952c0","local_time":"20210216044226","is_ascension_mode":true,"campfire_choices":[{"data":"Secret Technique","floor":11.0,"key":"SMITH"},{"data":"True Grit","floor":15.0,"key":"SMITH"},{"data":"Limit Break","floor":24.0,"key":"SMITH"},{"data":"Seeing Red","floor":29.0,"key":"SMITH"},{"data":"Berserk","floor":32.0,"key":"SMITH"},{"data":"True Grit","floor":40.0,"key":"SMITH"},{"data":"Seeing Red","floor":47.0,"key":"SMITH"},{"floor":49.0,"key":"RECALL"},{"data":"Shrug It Off","floor":52.0,"key":"SMITH"}],"circlet_count":0,"master_deck":["Defend_R","Bash+1","Secret Technique+1","Ghostly Armor","Seeing Red+1","Sword Boomerang+1","Spot Weakness","Reaper","Pommel Strike","True Grit+1","Limit Break+1","Bite","Bite","Bite","Bite","Shrug It Off+1","Berserk+1","Whirlwind+1","Spot Weakness+1","Exhume","Armaments+1","True Grit+1","Shrug It Off+1","Seeing Red+1","Pummel+1","Shrug It Off+1"],"relics":["Burning Blood","Mango","reliquary:PorcupineQuills","Sling","Letter Opener","reliquary:PorcupineQuills","Happy Flower","reliquary:Sideboard","Mark of Pain","Incense Burner","reliquary:FeatherDuster","Toy Ornithopter","Smiling Mask","Runic Pyramid","Membership Card","Pocketwatch","Red Mask","reliquary:Knoch","Whetstone","reliquary:Spinner"],"acts_visited":["Exordium","TheCity","TheBeyond","TheEnding"],"potions_floor_usage":[55,55,55],"damage_taken":[{"damage":10.0,"enemies":"Cultist","floor":1.0,"turns":5.0},{"damage":1.0,"enemies":"2 Louse","floor":2.0,"turns":3.0},{"damage":0.0,"enemies":"Small Slimes","floor":4.0,"turns":3.0},{"damage":27.0,"enemies":"Exordium Thugs","floor":5.0,"turns":5.0},{"damage":25.0,"enemies":"3 Sentries","floor":6.0,"turns":9.0},{"damage":21.0,"enemies":"Gremlin Nob","floor":8.0,"turns":4.0},{"damage":10.0,"enemies":"3 Sentries","floor":12.0,"turns":4.0},{"damage":6.0,"enemies":"Looter","floor":14.0,"turns":4.0},{"damage":51.0,"enemies":"The Guardian","floor":16.0,"turns":8.0},{"damage":19.0,"enemies":"Chosen","floor":18.0,"turns":4.0},{"damage":63.0,"enemies":"Gremlin Leader","floor":23.0,"turns":5.0},{"damage":15.0,"enemies":"2 Thieves","floor":25.0,"turns":3.0},{"damage":24.0,"enemies":"Slavers","floor":27.0,"turns":4.0},{"damage":41.0,"enemies":"Snake Plant","floor":28.0,"turns":7.0},{"damage":17.0,"enemies":"Snecko","floor":30.0,"turns":6.0},{"damage":49.0,"enemies":"Automaton","floor":33.0,"turns":8.0},{"damage":23.0,"enemies":"3 Darklings","floor":35.0,"turns":4.0},{"damage":32.0,"enemies":"3 Shapes","floor":36.0,"turns":3.0},{"damage":17.0,"enemies":"2 Orb Walkers","floor":38.0,"turns":3.0},{"damage":31.0,"enemies":"Spire Growth","floor":39.0,"turns":4.0},{"damage":3.0,"enemies":"Giant Head","floor":44.0,"turns":5.0},{"damage":0.0,"enemies":"Reptomancer","floor":46.0,"turns":5.0},{"damage":0.0,"enemies":"Transient","floor":48.0,"turns":5.0},{"damage":38.0,"enemies":"Time Eater","floor":50.0,"turns":7.0},{"damage":45.0,"enemies":"Shield and Spear","floor":54.0,"turns":5.0},{"damage":116,"enemies":"The Heart","floor":55,"turns":5}],"seed_played":"2541207852483429750","potions_obtained":[{"floor":2.0,"key":"DuplicationPotion"},{"floor":5.0,"key":"Strength Potion"},{"floor":6.0,"key":"Weak Potion"},{"floor":16.0,"key":"HeartOfIron"},{"floor":23.0,"key":"Swift Potion"},{"floor":27.0,"key":"DistilledChaos"},{"floor":30.0,"key":"Dexterity Potion"},{"floor":36.0,"key":"LiquidMemories"},{"floor":39.0,"key":"Weak Potion"},{"floor":54.0,"key":"Ancient Potion"}],"is_trial":false,"path_per_floor":["M","M","T","M","M","E","$","E","T","?","R","E","?","M","R","B",null,"M","?","?","?","$","E","R","M","T","E","M","R","M","$","R","B",null,"M","M","$","?","M","R","?","?","T","E","$","E","R","M","R","B",null,"R","$","E","B"],"character_chosen":"IRONCLAD","items_purchased":["Sling","Incense Burner","Membership Card","Shrug It Off"],"campfire_rested":0,"item_purchase_floors":[7,22,37,45],"current_hp_per_floor":[68,72,86,86,65,46,46,39,39,45,45,59,59,65,65,24,75,77,64,64,64,64,28,28,32,32,56,43,43,63,63,63,27,55,51,44,44,47,35,35,35,35,35,64,64,64,64,64,64,64,64,64,64,64,0,0],"gold":31,"neow_bonus":"RANDOM_COLORLESS_2","is_daily":false,"chose_seed":false,"campfire_upgraded":8,"win_rate":0.0,"timestamp":1613439746,"path_taken":["M","M","?","M","?","E","?","E","T","?","R","E","?","?","R","BOSS","M","?","?","?","$","E","R","M","T","E","?","R","?","$","R","BOSS","M","?","$","?","M","R","?","?","T","E","$","E","R","M","R","BOSS","R","$","E","BOSS"],"items_purchased_type":["Relic","Relic","Relic","Card"],"build_version":"2020-12-22","purchased_purges":3,"victory":false,"max_hp_per_floor":[72,72,86,86,86,86,86,86,86,92,92,92,92,92,92,92,92,92,64,64,64,64,64,64,64,64,64,64,64,64,64,64,64,64,64,64,64,64,64,64,64,64,64,64,64,64,64,64,64,64,64,64,64,64,64,64],"relic_stats":{"Happy Flower":[31],"counters":[26,128],"Letter Opener":[260],"Whetstone":["Bash","Sword Boomerang"],"Smiling Mask":38,"obtain_stats":[{"reliquary:FeatherDuster":23,"Happy Flower":12,"reliquary:Sideboard":13,"Mango":3,"Incense Burner":22,"Letter Opener":8,"Whetstone":46,"reliquary:Spinner":54,"Sling":7,"Smiling Mask":27,"Burning Blood":0,"reliquary:PorcupineQuills":6,"reliquary:SculptingSteel":9,"Mark of Pain":17,"Red Mask":42,"Membership Card":37,"reliquary:Knoch":44,"Toy Ornithopter":26,"Runic Pyramid":34,"Pocketwatch":38},{"reliquary:FeatherDuster":11,"Happy Flower":7,"reliquary:Sideboard":7,"Mango":2,"Incense Burner":10,"Letter Opener":6,"Whetstone":22,"reliquary:Spinner":25,"Sling":5,"Smiling Mask":13,"Burning Blood":0,"reliquary:PorcupineQuills":5,"reliquary:SculptingSteel":6,"Mark of Pain":9,"Red Mask":20,"Membership Card":18,"reliquary:Knoch":21,"Toy Ornithopter":12,"Runic Pyramid":16,"Pocketwatch":19},{"reliquary:FeatherDuster":54,"Happy Flower":33,"reliquary:Sideboard":33,"Mango":8,"Incense Burner":49,"Letter Opener":29,"Whetstone":106,"reliquary:Spinner":123,"Sling":25,"Smiling Mask":61,"Burning Blood":0,"reliquary:PorcupineQuills":25,"reliquary:SculptingSteel":29,"Mark of Pain":45,"Red Mask":96,"Membership Card":89,"reliquary:Knoch":101,"Toy Ornithopter":57,"Runic Pyramid":82,"Pocketwatch":92}],"Burning Blood":113,"Toy Ornithopter":35,"Pocketwatch":[13]},"card_choices":[{"not_picked":["Secret Weapon","Sadistic Nature"],"picked":"Secret Technique","floor":0.0},{"not_picked":["Iron Wave","Thunderclap"],"picked":"Ghostly Armor","floor":1.0},{"not_picked":["Thunderclap","Clothesline"],"picked":"Seeing Red","floor":2.0},{"not_picked":["True Grit","Dual Wield"],"picked":"Sword Boomerang","floor":4.0},{"not_picked":["Body Slam","Wild Strike"],"picked":"Spot Weakness","floor":5.0},{"not_picked":["Power Through","Perfected Strike"],"picked":"Reaper","floor":6.0},{"not_picked":["Whirlwind","Dual Wield","Searing Blow"],"picked":"SKIP","floor":8.0},{"not_picked":["Bludgeon","Wild Strike"],"picked":"Pommel Strike","floor":12.0},{"not_picked":["Sword Boomerang","Clothesline"],"picked":"True Grit","floor":14.0},{"not_picked":["Corruption","Fiend Fire"],"picked":"Limit Break","floor":16.0},{"not_picked":["Flex","Armaments"],"picked":"Intimidate+1","floor":18.0},{"not_picked":["Barricade","Iron Wave"],"picked":"Shrug It Off+1","floor":23.0},{"not_picked":["Armaments","Clash"],"picked":"Whirlwind+1","floor":25.0},{"not_picked":["Wild Strike","Pommel Strike"],"picked":"Sentinel+1","floor":27.0},{"not_picked":["Twin Strike","True Grit"],"picked":"Warcry","floor":28.0},{"not_picked":["Entrench","Armaments+1"],"picked":"Berserk","floor":30.0},{"not_picked":["Feed","Bludgeon"],"picked":"Exhume","floor":33.0},{"not_picked":["Havoc","Clothesline"],"picked":"True Grit","floor":35.0},{"not_picked":["Sentinel+1","Body Slam+1"],"picked":"Spot Weakness+1","floor":36.0},{"not_picked":["Power Through","Clothesline"],"picked":"Armaments+1","floor":38.0},{"not_picked":["Havoc","Power Through"],"picked":"Heavy Blade","floor":39.0},{"not_picked":["Flame Barrier+1","Flex"],"picked":"Sentinel+1","floor":44.0},{"not_picked":["Warcry","Feel No Pain"],"picked":"Seeing Red","floor":46.0},{"not_picked":["Rampage","Cleave+1"],"picked":"Pummel+1","floor":48.0},{"not_picked":["Clothesline","Sword Boomerang"],"picked":"Shrug It Off+1","floor":54.0}],"player_experience":415279,"relics_obtained":[{"floor":3.0,"key":"Mango"},{"floor":6.0,"key":"reliquary:PorcupineQuills"},{"floor":8.0,"key":"Letter Opener"},{"floor":9.0,"key":"reliquary:SculptingSteel"},{"floor":12.0,"key":"Happy Flower"},{"floor":23.0,"key":"reliquary:FeatherDuster"},{"floor":26.0,"key":"Toy Ornithopter"},{"floor":27.0,"key":"Smiling Mask"},{"floor":38.0,"key":"Pocketwatch"},{"floor":44.0,"key":"reliquary:Knoch"},{"floor":46.0,"key":"Whetstone"},{"floor":54.0,"key":"reliquary:Spinner"}],"event_choices":[{"damage_healed":0.0,"max_hp_gain":0.0,"max_hp_loss":0.0,"gold_gain":0.0,"event_name":"betterThird:BetterSerpent","player_choice":"RENOUNCE","floor":10.0,"gold_loss":69.0,"damage_taken":69.0,"cards_obtained":["Enlightenment"]},{"damage_healed":0.0,"max_hp_gain":0.0,"max_hp_loss":0.0,"gold_gain":30.0,"event_name":"Dead Adventurer","player_choice":"Searched \u00272\u0027 times","floor":13.0,"gold_loss":0.0,"damage_taken":0.0,"relics_obtained":["reliquary:Sideboard"]},{"damage_healed":0.0,"max_hp_gain":0.0,"max_hp_loss":28.0,"gold_gain":0.0,"event_name":"Vampires","player_choice":"Became a vampire","floor":19.0,"gold_loss":0.0,"damage_taken":0.0,"cards_obtained":["Bite","Bite","Bite","Bite","Bite"]},{"damage_healed":0.0,"max_hp_gain":0.0,"max_hp_loss":0.0,"gold_gain":99.0,"event_name":"betterThird:BetterNest","player_choice":"Steal","floor":20.0,"gold_loss":0.0,"damage_taken":0.0},{"damage_healed":0.0,"max_hp_gain":0.0,"max_hp_loss":0.0,"gold_gain":0.0,"event_name":"The Woman in Blue","player_choice":"Bought 0 Potions","floor":21.0,"gold_loss":0.0,"damage_taken":0.0},{"damage_healed":0.0,"max_hp_gain":0.0,"max_hp_loss":0.0,"gold_gain":0.0,"event_name":"Mysterious Sphere","player_choice":"Fight","floor":38.0,"gold_loss":0.0,"damage_taken":0.0},{"cards_removed":["Bite"],"damage_healed":0.0,"max_hp_gain":0.0,"max_hp_loss":0.0,"gold_gain":0.0,"event_name":"Falling","player_choice":"Removed Attack","floor":41.0,"gold_loss":0.0,"damage_taken":0.0},{"damage_healed":0.0,"max_hp_gain":0.0,"max_hp_loss":0.0,"gold_gain":0.0,"event_name":"Tomb of Lord Red Mask","player_choice":"Paid","floor":42.0,"gold_loss":87.0,"damage_taken":0.0,"relics_obtained":["Red Mask"]}],"is_beta":false,"boss_relics":[{"not_picked":["Fusion Hammer","Empty Cage"],"picked":"Mark of Pain"},{"not_picked":["Calling Bell","reliquary:ThirdArm"],"picked":"Runic Pyramid"}],"items_purged_floors":[31,37,53],"is_endless":false,"potions_floor_spawned":[2,5,6,16,23,25,27,30,36,39,48,54],"killed_by":"The Heart","ascension_level":6}}