{"host":"8ps3pfk2b2drr3ex","time":1613519533,"event":{"mods":["2.2 Compatiblity","AchievementEnabler","Act Like it!","BaseMod","Bestiary","Better Match","BetterRewards","Colored Map","Colored Powertips","Conspire","Downfall","Evolution","GifTheSpireLib","Gold Saver","Hallownest","Hubris","Marisa????????","Minty Spire (QoL Compilation)","Permanent Neow","Relic Filter","Replay The Spire","Shop Mod","StSLib","Stuff the Spire","The Bug Knight"],"gold_per_floor":[1509,1521,1555,1555,883,902,902,927,939,939,968,984,1010,1020,1036,1134,1134,1134,1145,1156,1041,1041,755,755,785,800,825,825,825,851,701,714,818,818,518,528,540,558,570,598,623,657,657,709,759,778,778,810,821,821,821,821],"floor_reached":50,"language":"ENG","playtime":11387,"items_purged":["Slimebound:Strike_Slimebound","Slimebound:Strike_Slimebound","Slimebound:Strike_Slimebound"],"score":919,"play_id":"64b2cd23-7f0b-4b13-b14b-96ef5cf218c8","local_time":"20210216185213","is_ascension_mode":true,"campfire_choices":[{"data":"Slimebound:Split","floor":1.0,"key":"SMITH"},{"floor":18.0,"key":"RECALL"},{"data":"Slimebound:SelfFormingGoo","floor":35.0,"key":"SMITH"},{"data":"Slimebound:Gluttony","floor":43.0,"key":"SMITH"}],"circlet_count":0,"master_deck":["Slimebound:Tackle","Slimebound:Split+1","Slimebound:CorrosiveSpit","Slimebound:LeechingTouch","Slimebound:Schlurp","Slimebound:HauntingLick","Slimebound:LevelUp","Slimebound:Replication","Slimebound:Repurpose","Slimebound:TagTeam+1","Slimebound:SplitMire","Slimebound:SpikyOuterGoop","Slimebound:GrowthPunch","Slimebound:Equalize+1","Slimebound:SamplingLick","Slimebound:SamplingLick+1","Slimebound:Gluttony+1","Slimebound:DivideAndConquer+1","Slimebound:Replication","Slimebound:SelfFormingGoo+1","Slimebound:Gluttony","Pride","Slimebound:TongueLash","Slimebound:OozeBath","Slimebound:SlimeBarrage+1","Slimebound:Repurpose+1"],"relics":["Slimebound:AbsorbEndCombat","EVO:Axolotl","Replay:Kaleidoscope","StuffTheSpire:Rhapsscallions","StuffTheSpire:Gunfinga","Ice Cream","Matryoshka","hubris:OldNail","Shuriken","Sozu","Chemical X","Eternal Feather","PreservedInsect","Lantern","Toy Ornithopter","Centennial Puzzle","Nunchaku","Gremlin Food","StuffTheSpire:CocoNut","StuffTheSpire:RunicHypercube","downfall:HeartBlessingRed","downfall:HeartBlessingGreen","downfall:HeartBlessingBlue","ReplayFunnel","HollowMod:PaleOreRelic","Vajra","Unceasing Top","Slimebound:PotencyRelic","Garlic"],"acts_visited":["Exordium","TheCity","TheBeyond"],"potions_floor_usage":[],"damage_taken":[{"damage":3.0,"enemies":"Small Slimes","floor":2.0,"turns":2.0},{"damage":15.0,"enemies":"conspire:MimicChest","floor":3.0,"turns":4.0},{"damage":5.0,"enemies":"downfall:FleeingMerchant","floor":5.0,"turns":4.0},{"damage":6.0,"enemies":"2 Louse","floor":6.0,"turns":2.0},{"damage":0.0,"enemies":"HollowMod:MossKnight","floor":8.0,"turns":6.0},{"damage":7.0,"enemies":"conspire:RoseBush","floor":9.0,"turns":2.0},{"damage":2.0,"enemies":"Lagavulin","floor":11.0,"turns":4.0},{"damage":20.0,"enemies":"Lots of Slimes","floor":12.0,"turns":3.0},{"damage":4.0,"enemies":"HollowMod:MossKnight","floor":13.0,"turns":5.0},{"damage":18.0,"enemies":"conspire:2 RoseBushes","floor":14.0,"turns":4.0},{"damage":7.0,"enemies":"Gremlin Gang","floor":15.0,"turns":4.0},{"damage":16.0,"enemies":"IC_STATUS_ARCHETYPE","floor":16.0,"turns":4.0},{"damage":8.0,"enemies":"Chosen","floor":19.0,"turns":3.0},{"damage":3.0,"enemies":"Spheric Guardian","floor":20.0,"turns":3.0},{"damage":0.0,"enemies":"downfall:FleeingMerchant","floor":21.0,"turns":4.0},{"damage":11.0,"enemies":"downfall:FleeingMerchant","floor":23.0,"turns":4.0},{"damage":40.0,"enemies":"Book of Stabbing","floor":25.0,"turns":4.0},{"damage":14.0,"enemies":"Chosen and Byrds","floor":26.0,"turns":4.0},{"damage":24.0,"enemies":"Gremlin Leader","floor":27.0,"turns":5.0},{"damage":25.0,"enemies":"HollowMod:Nosk","floor":30.0,"turns":5.0},{"damage":26.0,"enemies":"3 Cultists","floor":32.0,"turns":5.0},{"damage":52.0,"enemies":"DF_ARCHETYPE_CLAW","floor":33.0,"turns":6.0},{"damage":36.0,"enemies":"3 Darklings","floor":36.0,"turns":3.0},{"damage":19.0,"enemies":"3 Shapes","floor":37.0,"turns":3.0},{"damage":23.0,"enemies":"Jaw Worm Horde","floor":38.0,"turns":3.0},{"damage":24.0,"enemies":"Sphere and 2 Shapes","floor":39.0,"turns":2.0},{"damage":55.0,"enemies":"Nemesis","floor":40.0,"turns":6.0},{"damage":0.0,"enemies":"HollowMod:StalkingDevout","floor":42.0,"turns":3.0},{"damage":17.0,"enemies":"2 Orb Walkers","floor":44.0,"turns":3.0},{"damage":0,"enemies":"2 Orb Walkers","floor":45,"turns":2},{"damage":0,"enemies":"Transient","floor":46,"turns":5},{"damage":60,"enemies":"Reptomancer","floor":48,"turns":5},{"damage":17,"enemies":"Jaw Worm Horde","floor":49,"turns":3},{"damage":68,"enemies":"SI_POISON_ARCHETYPE","floor":50,"turns":6}],"seed_played":"2648863277412025533","potions_obtained":[{"floor":3.0,"key":"SpeedPotion"},{"floor":6.0,"key":"FearPotion"},{"floor":8.0,"key":"LiquidBronze"},{"floor":9.0,"key":"SkillPotion"}],"is_trial":false,"path_per_floor":["R","M","?","?","$","M","T","E","M","?","E","M","E","M","M","B",null,"R","M","M","$","?","$","T","E","M","E","?","T","E","?","M","B",null,"R","M","M","M","M","E","T","E","R","?","?","M","?","E","M","B"],"character_chosen":"SLIMEBOUND","items_purchased":["StuffTheSpire:Rhapsscallions","Slimebound:LevelUp","Slimebound:Replication","StuffTheSpire:Gunfinga","Swift Potion","Chemical X","Slimebound:Gluttony","Eternal Feather"],"campfire_rested":0,"item_purchase_floors":[5,5,5,5,5,23,23,23],"current_hp_per_floor":[65,65,54,54,61,57,57,65,62,62,64,50,52,40,45,37,71,71,71,68,71,71,71,71,35,37,25,25,25,31,88,70,34,88,98,79,74,63,51,20,20,36,51,58,62,86,86,43,46,0,0,0],"gold":821,"neow_bonus":"REMOVE_CARD","is_daily":false,"chose_seed":false,"campfire_upgraded":3,"win_rate":0.0,"timestamp":1613519533,"path_taken":["R","M","?","?","$","?","T","E","M","?","E","?","E","M","M","BOSS","R","M","M","?","?","$","T","E","?","E","?","?","E","?","M","BOSS","R","M","M","M","M","E","T","E","R","?","?","M","?","E","M","BOSS"],"items_purchased_type":["Relic","Card","Card","Relic","Potion","Relic","Card","Relic"],"build_version":"2020-12-22","purchased_purges":3,"victory":false,"max_hp_per_floor":[65,65,65,65,71,71,71,71,71,71,71,71,71,71,71,71,71,71,71,71,71,71,71,71,71,71,71,71,71,78,88,88,88,88,98,98,98,98,98,98,98,98,98,98,98,98,98,98,98,98,98,98],"card_choices":[{"not_picked":["Slimebound:LeechEnergy","Slimebound:Equalize"],"picked":"Slimebound:LeechingTouch","floor":2.0},{"not_picked":["Slimebound:LeechEnergy","Slimebound:SlimeSpikes"],"picked":"Slimebound:Schlurp","floor":3.0},{"not_picked":["Slimebound:AcidTongue","Slimebound:SlimeTap"],"picked":"Slimebound:HauntingLick","floor":5.0},{"not_picked":["Slimebound:ComboTackle","Slimebound:GoopSpray"],"picked":"Slimebound:Repurpose","floor":6.0},{"not_picked":["Slimebound:SplitLeeching","Slimebound:SplitMire"],"picked":"Slimebound:TagTeam","floor":8.0},{"not_picked":["Slimebound:SplitLeeching","Slimebound:Schlurp"],"picked":"Slimebound:SplitMire","floor":9.0},{"not_picked":["Slimebound:SplitLeeching","Slimebound:LivingWall"],"picked":"Slimebound:SpikyOuterGoop","floor":11.0},{"not_picked":["Slimebound:LeechEnergy","Slimebound:GoopSpray"],"picked":"Slimebound:GrowthPunch","floor":12.0},{"not_picked":["Slimebound:SplitBruiser","Slimebound:GoopSpray"],"picked":"Slimebound:Equalize","floor":13.0},{"not_picked":["Slimebound:ComboTackle","Slimebound:GoopSpray","Slimebound:ItLooksTasty"],"picked":"SKIP","floor":14.0},{"not_picked":["Slimebound:HungryTackle","Slimebound:Equalize"],"picked":"Slimebound:SamplingLick","floor":15.0},{"not_picked":["Slimebound:LeechEnergy","Slimebound:FinishingTackle"],"picked":"Slimebound:SamplingLick+1","floor":19.0},{"not_picked":["Slimebound:SplitBruiser","Slimebound:PressTheAttack+1"],"picked":"Slimebound:Gluttony","floor":20.0},{"not_picked":["Slimebound:HauntingLick","Slimebound:SamplingLick"],"picked":"Slimebound:DivideAndConquer+1","floor":21.0},{"not_picked":["Slimebound:SamplingLick","Slimebound:ForwardTackle+1"],"picked":"Slimebound:SelfFormingGoo","floor":23.0},{"not_picked":["Slimebound:SamplingLick","Slimebound:DuplicatedForm","Slimebound:LeechingTouch"],"picked":"SKIP","floor":25.0},{"not_picked":["Slimebound:GoopTackle","Slimebound:SplitLeeching+1","Slimebound:SlimeSpikes"],"picked":"SKIP","floor":26.0},{"not_picked":["Slimebound:HauntingLick","Slimebound:DisruptingSlam","Slimebound:DouseInSlime"],"picked":"SKIP","floor":27.0},{"not_picked":["Slimebound:SlimeTap","Slimebound:SamplingLick"],"picked":"Slimebound:TongueLash","floor":30.0},{"not_picked":["Slimebound:SplitMire","Slimebound:Schlurp","Slimebound:ProtectTheBoss"],"picked":"SKIP","floor":32.0},{"not_picked":["Slimebound:LeechLife","Slimebound:MinionMaster"],"picked":"Slimebound:OozeBath","floor":33.0},{"not_picked":["Slimebound:SlimeTap+1","Slimebound:Prepare+1","Slimebound:Schlurp+1"],"picked":"SKIP","floor":36.0},{"not_picked":["Slimebound:DisruptingSlam","Slimebound:SplitAcid"],"picked":"Slimebound:SlimeBarrage+1","floor":37.0},{"not_picked":["Slimebound:BestDefense+1","Slimebound:RollThrough+1","Slimebound:DisruptingSlam"],"picked":"SKIP","floor":38.0},{"not_picked":["Slimebound:HauntingLick","Slimebound:SplitMire","Slimebound:ComboTackle+1"],"picked":"SKIP","floor":39.0},{"not_picked":["Slimebound:PressTheAttack+1","Slimebound:SplitBruiser","Slimebound:Recollect"],"picked":"SKIP","floor":40.0},{"not_picked":["Slimebound:SplitAcid","Slimebound:SlimeSlap","Slimebound:ComboTackle+1"],"picked":"SKIP","floor":42.0},{"not_picked":["Slimebound:ViciousTackle","Slimebound:SplitAcid+1","Slimebound:BestDefense+1"],"picked":"SKIP","floor":46},{"not_picked":["Slimebound:Schlurp+1","Slimebound:ProtectTheBoss+1"],"picked":"Slimebound:Repurpose+1","floor":48},{"not_picked":["Slimebound:GoopTackle","Slimebound:ItLooksTasty","Slimebound:LeechingTouch"],"picked":"SKIP","floor":49}],"player_experience":1174518,"relics_obtained":[{"floor":3.0,"key":"Replay:Kaleidoscope"},{"floor":7.0,"key":"Ice Cream"},{"floor":8.0,"key":"Matryoshka"},{"floor":11.0,"key":"hubris:OldNail"},{"floor":13.0,"key":"Shuriken"},{"floor":24.0,"key":"PreservedInsect"},{"floor":25.0,"key":"Lantern"},{"floor":27.0,"key":"Toy Ornithopter"},{"floor":29.0,"key":"Nunchaku"},{"floor":29.0,"key":"Gremlin Food"},{"floor":30.0,"key":"StuffTheSpire:CocoNut"},{"floor":40.0,"key":"ReplayFunnel"},{"floor":41.0,"key":"HollowMod:PaleOreRelic"},{"floor":42.0,"key":"Vajra"},{"floor":44,"key":"Unceasing Top"},{"floor":45,"key":"Slimebound:PotencyRelic"},{"floor":48,"key":"Garlic"}],"event_choices":[{"damage_healed":0.0,"max_hp_gain":0.0,"max_hp_loss":0.0,"gold_gain":0.0,"event_name":"The Library","player_choice":"Read","floor":22.0,"gold_loss":0.0,"damage_taken":0.0,"cards_obtained":["Slimebound:Replication"]},{"damage_healed":0.0,"max_hp_gain":0.0,"max_hp_loss":0.0,"gold_gain":0.0,"event_name":"Addict","player_choice":"Stole Relic","floor":28.0,"gold_loss":0.0,"damage_taken":0.0,"relics_obtained":["Centennial Puzzle"],"cards_obtained":["Pride"]},{"damage_healed":0.0,"max_hp_gain":0.0,"max_hp_loss":0.0,"gold_gain":0.0,"event_name":"Mysterious Sphere","player_choice":"Fight","floor":44.0,"gold_loss":0.0,"damage_taken":0.0}],"is_beta":false,"boss_relics":[{"not_picked":["hubris:RunicObelisk","Slimebound:AbsorbEndCombatUpgraded"],"picked":"Sozu"},{"not_picked":["Runic Dome","Replay:Drink Me"],"picked":"StuffTheSpire:RunicHypercube"}],"items_purged_floors":[5,21,23],"is_endless":false,"potions_floor_spawned":[3,6,8,9,15,25,26,27,30,33,37,39,44,45,46],"killed_by":"SI_POISON_ARCHETYPE","ascension_level":4}}