{"host":"wxz7488rqrwl2v46","time":1613475633,"event":{"mods":["BaseMod","Minty Spire (QoL Compilation)","Quick Restart","Replay The Spire","StSLib"],"gold_per_floor":[116,116,131,149,164,184,41,95,95,163,163,174,192,206,206,206,206],"floor_reached":16,"language":"ZHS","playtime":691,"items_purged":[],"score":96,"play_id":"b430f056-76e8-4710-9eaa-8bf9c28d3e52","local_time":"20210216194033","is_ascension_mode":false,"campfire_choices":[{"floor":11,"key":"REST"},{"floor":15,"key":"REST"}],"circlet_count":0,"master_deck":["Strike_G","Strike_G","Strike_G","Strike_G","Strike_G","Defend_G","Defend_G","Defend_G","Defend_G","Defend_G","Survivor","Neutralize","ReplayTheSpireMod:From All Sides","Noxious Fumes","ReplayTheSpireMod:The Works","Predator","Slice","Backflip","Sucker Punch","Finisher","Outmaneuver","Dodge and Roll"],"relics":["Ring of the Snake","Strange Spoon","Replay:Rubber Ducky","Ginger","Regal Pillow"],"acts_visited":["Exordium"],"potions_floor_usage":[16,16,16],"damage_taken":[{"damage":6,"enemies":"Small Slimes","floor":1,"turns":4},{"damage":4,"enemies":"Cultist","floor":3,"turns":3},{"damage":6,"enemies":"Jaw Worm","floor":4,"turns":4},{"damage":3,"enemies":"3 Louse","floor":5,"turns":3},{"damage":23,"enemies":"Gremlin Gang","floor":6,"turns":6},{"damage":19,"enemies":"Large Slime","floor":12,"turns":6},{"damage":8,"enemies":"2 Fungi Beasts","floor":13,"turns":4},{"damage":14,"enemies":"Blue Slaver","floor":14,"turns":3},{"damage":46,"enemies":"Slime Boss","floor":16,"turns":11}],"seed_played":"8550099944388927421","potions_obtained":[{"floor":1,"key":"Strength Potion"},{"floor":2,"key":"Block Potion"},{"floor":2,"key":"EntropicBrew"},{"floor":2,"key":"EssenceOfSteel"},{"floor":10,"key":"Cursed Concoction"},{"floor":14,"key":"Adrenaline Potion"}],"is_trial":false,"path_per_floor":["M","?","M","M","M","M","$","T","T","?","R","M","M","M","R","B"],"character_chosen":"THE_SILENT","items_purchased":["Strange Spoon"],"campfire_rested":2,"item_purchase_floors":[7],"current_hp_per_floor":[57,57,53,47,44,21,21,21,21,21,54,35,27,13,46,0,0],"gold":206,"neow_bonus":"THREE_RARE_CARDS","is_daily":false,"chose_seed":false,"campfire_upgraded":0,"win_rate":0.0,"timestamp":1613475633,"path_taken":["M","?","?","M","M","M","$","?","T","?","R","?","M","M","R","BOSS"],"items_purchased_type":["Relic"],"build_version":"2020-12-22","purchased_purges":0,"victory":false,"max_hp_per_floor":[63,63,63,63,63,63,63,63,63,63,63,63,63,63,63,63,63],"card_choices":[{"not_picked":["Glass Knife","A Thousand Cuts"],"picked":"ReplayTheSpireMod:From All Sides","floor":0},{"not_picked":["Flechettes","Backflip"],"picked":"Noxious Fumes","floor":1},{"not_picked":["Underhanded Strike","Outmaneuver"],"picked":"ReplayTheSpireMod:The Works","floor":3},{"not_picked":["ReplayTheSpireMod:Shiv Toss","Outmaneuver"],"picked":"Predator","floor":4},{"not_picked":["Prepared","Poisoned Stab"],"picked":"Slice","floor":5},{"not_picked":["Prepared","Poisoned Stab"],"picked":"Backflip","floor":6},{"not_picked":["Blade Dance","Acrobatics"],"picked":"Sucker Punch","floor":10},{"not_picked":["Accuracy","Eviscerate"],"picked":"Finisher","floor":12},{"not_picked":["Fluid Movement","Wraith Form v2"],"picked":"Outmaneuver","floor":13},{"not_picked":["Acrobatics","Sucker Punch"],"picked":"Dodge and Roll","floor":14}],"player_experience":47628,"relics_obtained":[{"floor":8,"key":"Replay:Rubber Ducky"},{"floor":9,"key":"Ginger"},{"floor":10,"key":"Regal Pillow"}],"event_choices":[{"damage_healed":0,"gold_gain":0,"player_choice":"Got Potions","damage_taken":0,"max_hp_gain":0,"max_hp_loss":0,"event_name":"Lab","floor":2,"gold_loss":0}],"is_beta":false,"boss_relics":[],"items_purged_floors":[],"is_endless":false,"potions_floor_spawned":[1,4,12,13,14],"killed_by":"Slime Boss","ascension_level":0}}