{"host":"v0xbo920qxoewo3e","time":1613509998,"event":{"mods":["Act Like it!","Aspiration","Astrologer","BaseMod","Conspire","Downfall","Friendly Minions","GifTheSpireLib","Halation","Hermit","Hubris","Infinite Spire","Jedi Mod","Jorbs\u0027s Wanderer Trilogy","Koishi","Marisa????????","Minty Spire (QoL Compilation)","Potionbrewer","Rare Cards Sparkle","Reimu??????","Remilia??????","Replay The Spire","StSLib","Stuff the Spire","The Animator","The Blackbeard","The Bladedancer","The Bug Knight","The Construct","The Cursed","The Disciple","The Gatherer","The Jungle","The Problem Sleuth","The Runesmith","The Servant 0.9.4","TheBandit","Unceasing Turn Reminder"],"gold_per_floor":[99,118,129,148,148,160,160,179,179,192,202,202,202,137,147,251,251,251,251,269,288,308,308,308,308,322,322,322,353,353,366,386,490,490,490,490,507,517,517,535,535,550,550,565,565,583,583,616,632,632],"floor_reached":51,"language":"ENG","playtime":6119,"items_purged":["champ:PreemptiveStrike"],"score":647,"play_id":"b858e1a2-8f04-4ca8-b107-b4a00b4d51c2","local_time":"20210216231318","is_ascension_mode":false,"campfire_choices":[{"data":"champ:Taunt","floor":1,"key":"SMITH"},{"data":"champ:EnragedBash","floor":9,"key":"SMITH"},{"data":"champ:Duel","floor":13,"key":"SMITH"},{"data":"champ:SteelEdge","floor":18,"key":"SMITH"},{"data":"champ:AdrenalArmor","floor":23,"key":"SMITH"},{"floor":30,"key":"REST"},{"data":"champ:StrikeOfGenius","floor":35,"key":"SMITH"},{"data":"champ:FanOfKnives","floor":43,"key":"SMITH"},{"data":"champ:StrikeOfGenius","floor":45,"key":"SMITH"},{"floor":47,"key":"REST"}],"circlet_count":0,"master_deck":["champ:Strike","champ:Strike","champ:Strike","champ:Defend","champ:Defend","champ:Defend","champ:Defend","champ:Execute","champ:Taunt+1","champ:ShieldWall","champ:AdrenalArmor+1","champ:Duel+1","champ:EnragedBash+1","champ:ShieldSlam","champ:RisingSlash","champ:Haymaker","champ:FaceSlap","champ:PerfectedStrike","champ:AdrenalArmor","champ:SteelEdge+1","champ:PerfectedStrike+1","champ:FanOfKnives+1","champ:StrikeOfGenius+1","champ:BerserkersShout","champ:FlashCut","champ:Circumvent","champ:Duel","champ:StrikeOfGenius+1","infinitespire:TheBestDefense","champ:StrikeOfGenius","champ:AdrenalArmor+1","champ:HoldFirm","Iron Wave"],"relics":["champ:ChampionCrown","conspire:BottledYoYo","StuffTheSpire:EmeraldSignet","RedLine:ReiMu","hubris:BundleOfHerbs","potionbrewer:BoosterPack","hubris:RunicObelisk","conspire:TopHat","Chameleon Ring","Busted Crown","HollowMod:LifeEnderRelic","Unceasing Top"],"acts_visited":["Exordium","TheCity","TheBeyond"],"potions_floor_usage":[8,22,22,37,50,50],"damage_taken":[{"damage":10,"enemies":"conspire:RoseBush","floor":2,"turns":4},{"damage":15,"enemies":"Small Slimes","floor":3,"turns":4},{"damage":1,"enemies":"Jaw Worm","floor":4,"turns":4},{"damage":1,"enemies":"conspire:2 RoseBushes","floor":6,"turns":6},{"damage":41,"enemies":"Exordium Wildlife","floor":8,"turns":5},{"damage":40,"enemies":"Exordium Thugs","floor":10,"turns":5},{"damage":25,"enemies":"Large Slime","floor":11,"turns":4},{"damage":25,"enemies":"downfall:FleeingMerchant","floor":14,"turns":4},{"damage":29,"enemies":"Exordium Wildlife","floor":15,"turns":4},{"damage":72,"enemies":"IC_STATUS_ARCHETYPE","floor":16,"turns":6},{"damage":0,"enemies":"Chosen","floor":19,"turns":1},{"damage":9,"enemies":"downfall:LooterAlt2","floor":20,"turns":3},{"damage":57,"enemies":"Cultist and Chosen","floor":21,"turns":7},{"damage":26,"enemies":"Chosen and Byrds","floor":22,"turns":4},{"damage":48,"enemies":"Centurion and Healer","floor":26,"turns":5},{"damage":72,"enemies":"Nightmare","floor":29,"turns":5},{"damage":21,"enemies":"3 Cultists","floor":31,"turns":3},{"damage":0,"enemies":"conspire:HollyBat","floor":32,"turns":5},{"damage":39,"enemies":"SI_MIRROR_ARCHETYPE","floor":33,"turns":7},{"damage":20,"enemies":"Orb Walker","floor":37,"turns":2},{"damage":35,"enemies":"3 Darklings","floor":38,"turns":3},{"damage":36,"enemies":"4 Shapes","floor":40,"turns":8},{"damage":50,"enemies":"Writhing Mass","floor":42,"turns":4},{"damage":27,"enemies":"3 Darklings","floor":44,"turns":4},{"damage":20,"enemies":"Sphere and 2 Shapes","floor":46,"turns":3},{"damage":47,"enemies":"Reptomancer","floor":48,"turns":5},{"damage":76,"enemies":"Maw","floor":49,"turns":6},{"damage":112,"enemies":"DF_ARCHETYPE_ORBS","floor":50,"turns":8}],"seed_played":"-3374565651905447266","potions_obtained":[{"floor":6,"key":"ColorlessPotion"},{"floor":8,"key":"ZuzhouPotion:ReiMu"},{"floor":11,"key":"Fire Potion"},{"floor":15,"key":"BlessingOfTheForge"},{"floor":29,"key":"champ:CounterPotion"},{"floor":33,"key":"Adrenaline Potion"},{"floor":44,"key":"BlessingOfTheForge"}],"is_trial":false,"path_per_floor":["R","M","M","M","?","M","T","M","R","M","M","?","R","$","M","B",null,"R","M","M","M","M","R","T","?","M","AVR","T","NM","R","M","M","B",null,"R","?","M","M","?","M","T","M","R","M","R","M","R","E","M","B",null],"character_chosen":"THE_CHAMP","items_purchased":["champ:PerfectedStrike"],"campfire_rested":2,"item_purchase_floors":[14],"current_hp_per_floor":[99,99,99,98,98,97,97,96,96,76,76,73,73,73,59,34,99,99,99,90,70,64,64,64,64,51,51,51,34,63,57,59,52,99,99,79,79,79,79,78,78,68,68,66,66,66,95,90,91,38],"gold":632,"neow_bonus":"TEN_PERCENT_HP_BONUS","is_daily":false,"chose_seed":false,"campfire_upgraded":8,"win_rate":0.0,"timestamp":1613509998,"path_taken":["R","M","M","M","?","M","T","M","R","M","M","?","R","$","M","BOSS","R","M","M","M","M","R","T","?","M","AVR","?","NM","R","M","M","BOSS","R","?","M","M","?","M","T","M","R","M","R","M","R","E","M","BOSS"],"items_purchased_type":["Card"],"build_version":"2020-12-22","purchased_purges":1,"victory":true,"max_hp_per_floor":[99,99,99,99,99,99,99,99,99,99,99,99,99,99,99,99,99,99,99,99,99,99,99,99,99,99,99,99,99,99,99,99,99,99,99,99,99,99,99,99,99,99,99,99,99,99,99,99,99,99],"card_choices":[{"not_picked":["champ:StanceDance","champ:Parry"],"picked":"champ:ShieldWall","floor":2},{"not_picked":["champ:Backstep","champ:BerserkersShout"],"picked":"champ:AdrenalArmor","floor":3},{"not_picked":["champ:CalledShot","champ:Haymaker"],"picked":"champ:Duel","floor":4},{"not_picked":["champ:StanceDance","champ:BladeFlurry"],"picked":"champ:EnragedBash","floor":6},{"not_picked":["champ:PerfectedStrike","champ:BringItOn"],"picked":"champ:ShieldSlam","floor":8},{"not_picked":["champ:Backstep","champ:CalledShot"],"picked":"champ:RisingSlash","floor":10},{"not_picked":["champ:ShieldThrow","champ:DefensiveShout"],"picked":"champ:Haymaker","floor":11},{"not_picked":["champ:BladeFlurry","champ:SkillfulDodge"],"picked":"champ:FaceSlap","floor":14},{"not_picked":["champ:BerserkersShout","champ:SetATrap"],"picked":"champ:AdrenalArmor","floor":15},{"not_picked":["champ:DancingMaster","champ:HeavySlash"],"picked":"champ:SteelEdge","floor":16},{"not_picked":["champ:IronFortress+1","champ:RapidStrikes"],"picked":"champ:PerfectedStrike+1","floor":19},{"not_picked":["champ:RapidStrikes","champ:StanceDance","champ:CrownThrow+1"],"picked":"SKIP","floor":20},{"not_picked":["champ:PerfectedStrike","champ:FlashCut+1"],"picked":"champ:FanOfKnives","floor":21},{"not_picked":["champ:SetATrap","champ:SkillfulDodge"],"picked":"champ:StrikeOfGenius","floor":22},{"not_picked":["champ:Circumvent","champ:FlashCut","champ:FaceSlap"],"picked":"SKIP","floor":26},{"not_picked":["champ:BringItOn","champ:FlashCut+1"],"picked":"champ:StrikeOfGenius","floor":29},{"not_picked":["champ:ShieldSlam+1","champ:AdrenalArmor","champ:FancyFootwork"],"picked":"SKIP","floor":31},{"not_picked":["champ:PerfectedStrike","champ:CrownThrow"],"picked":"champ:AdrenalArmor+1","floor":32},{"not_picked":["champ:ShieldThrow","champ:SwordThrow"],"picked":"champ:HoldFirm","floor":33},{"not_picked":["champ:ArenaPreparation+1"],"picked":"SKIP","floor":37},{"not_picked":["champ:Endure"],"picked":"SKIP","floor":38},{"not_picked":["champ:BladeFlurry"],"picked":"SKIP","floor":40},{"not_picked":["champ:AdrenalArmor"],"picked":"SKIP","floor":42},{"not_picked":["champ:PerfectedStrike"],"picked":"SKIP","floor":44},{"not_picked":["champ:DeathBlow+1"],"picked":"SKIP","floor":46},{"not_picked":["champ:BladeFlurry"],"picked":"SKIP","floor":48},{"not_picked":["champ:BladeFlurry+1"],"picked":"SKIP","floor":49}],"player_experience":1523181,"relics_obtained":[{"floor":7,"key":"conspire:BottledYoYo"},{"floor":24,"key":"hubris:BundleOfHerbs"},{"floor":28,"key":"conspire:TopHat"},{"floor":29,"key":"Chameleon Ring"},{"floor":41,"key":"HollowMod:LifeEnderRelic"},{"floor":48,"key":"Unceasing Top"}],"event_choices":[{"damage_healed":0,"gold_gain":0,"player_choice":"Success","damage_taken":3,"relics_obtained":["StuffTheSpire:EmeraldSignet"],"max_hp_gain":0,"max_hp_loss":0,"event_name":"Scrap Ooze","floor":12,"gold_loss":0},{"cards_removed":["champ:Strike"],"damage_healed":0,"gold_gain":0,"player_choice":"Took Card","damage_taken":0,"max_hp_gain":0,"max_hp_loss":0,"event_name":"NoteForYourself","floor":39,"gold_loss":0,"cards_obtained":["Iron Wave"]}],"is_beta":false,"boss_relics":[{"not_picked":["Kintsugi","Empty Cage"],"picked":"RedLine:ReiMu"},{"not_picked":["halation:PinkAlligatorPlush","halation:HeavySnake"],"picked":"Busted Crown"}],"items_purged_floors":[27],"is_endless":false,"potions_floor_spawned":[6,8,11,15,20,29,33,44,46,48,49],"ascension_level":0}}