{"host":"xr2w6q7a088fu8w2","time":1613477661,"event":{"mods":["AchievementEnabler","BaseMod","Colored Powertips","Minty Spire (QoL Compilation)","MostiFishMod","Relic Filter Mod","Reliquary","StSLib"],"gold_per_floor":[110,129,92,108,108,108,33,90,143,143,456,456,481,493,493,569,569,580,34,34],"floor_reached":19,"language":"ZHS","playtime":591,"items_purged":["Defend_G","Deflect"],"score":534,"play_id":"137d476d-2cf4-4aed-8e0b-7fd0ac8bcd6b","local_time":"20210216201421","daily_mods":["Vintage","Heirloom","Time Dilation"],"is_ascension_mode":true,"campfire_choices":[{"floor":10,"key":"REST"},{"floor":12,"key":"REST"},{"floor":15,"key":"REST"}],"circlet_count":0,"master_deck":["AscendersBane","Strike_G","Strike_G","Strike_G","Strike_G","Strike_G","Defend_G","Defend_G","Survivor","Neutralize","Poisoned Stab"],"relics":["Ring of the Snake","DaveBox","FeatherPendant","StoneCalendar","reliquary:HotPoker","SynthV:TestCard","Nunchaku","PreservedInsect","reliquary:SharkskinSheath","reliquary:RadioactivePellet","Oddly Smooth Stone","Old Coin","Toy Ornithopter","reliquary:RosewoodLute","Empty Cage","CombinedTypeHook","Paper Crane","MostiFishMod:AdaptiveDefenses"],"acts_visited":["Exordium","TheCity"],"potions_floor_usage":[16,16,18],"damage_taken":[{"damage":0,"enemies":"2 Louse","floor":1,"turns":3},{"damage":0,"enemies":"Small Slimes","floor":2,"turns":3},{"damage":2,"enemies":"Jaw Worm","floor":4,"turns":2},{"damage":6,"enemies":"Lagavulin Event","floor":8,"turns":5},{"damage":0,"enemies":"Exordium Wildlife","floor":11,"turns":2},{"damage":15,"enemies":"Lagavulin","floor":13,"turns":3},{"damage":8,"enemies":"Gremlin Gang","floor":14,"turns":6},{"damage":18,"enemies":"Slime Boss","floor":16,"turns":7},{"damage":0,"enemies":"3 Byrds","floor":18,"turns":4}],"seed_played":"-4619623633748915084","potions_obtained":[{"floor":2,"key":"LiquidBronze"},{"floor":13,"key":"Weak Potion"},{"floor":16,"key":"DistilledChaos"}],"is_trial":true,"path_per_floor":["M","M","?","M","?","?","$","?","T","R","M","R","E","M","R","B",null,"M","$"],"character_chosen":"THE_SILENT","items_purchased":["Paper Crane","MostiFishMod:AdaptiveDefenses"],"campfire_rested":3,"item_purchase_floors":[19,19],"current_hp_per_floor":[59,59,59,57,62,17,17,11,11,32,32,53,38,30,51,43,64,69,69,69],"gold":34,"neow_bonus":"","is_daily":false,"chose_seed":false,"campfire_upgraded":0,"win_rate":0.0,"timestamp":1613477661,"path_taken":["M","M","?","M","?","?","$","?","T","R","M","R","E","M","R","BOSS","M","$"],"items_purchased_type":["Relic","Relic"],"build_version":"2020-12-22","purchased_purges":2,"victory":false,"max_hp_per_floor":[66,66,66,66,71,71,71,71,71,71,71,71,71,71,71,71,71,71,71,71],"card_choices":[{"not_picked":["Riddle With Holes","Calculated Gamble","MostiFishMod:PreservedThorns","Flying Knee"],"picked":"Deflect","floor":8},{"not_picked":["Slice","Footwork","Dagger Spray","Caltrops"],"picked":"Poisoned Stab","floor":13}],"player_experience":94829,"relics_obtained":[{"floor":1,"key":"reliquary:HotPoker"},{"floor":1,"key":"SynthV:TestCard"},{"floor":2,"key":"Nunchaku"},{"floor":4,"key":"PreservedInsect"},{"floor":8,"key":"reliquary:RadioactivePellet"},{"floor":9,"key":"Oddly Smooth Stone"},{"floor":11,"key":"Old Coin"},{"floor":13,"key":"Toy Ornithopter"},{"floor":14,"key":"reliquary:RosewoodLute"},{"floor":18,"key":"CombinedTypeHook"}],"event_choices":[{"damage_healed":0,"gold_gain":0,"player_choice":"Left Gold","damage_taken":0,"max_hp_gain":0,"max_hp_loss":0,"event_name":"World of Goop","floor":3,"gold_loss":37},{"damage_healed":0,"gold_gain":0,"player_choice":"Donut","damage_taken":0,"max_hp_gain":5,"max_hp_loss":0,"event_name":"Big Fish","floor":5,"gold_loss":0},{"damage_healed":0,"gold_gain":0,"player_choice":"Success","damage_taken":45,"relics_obtained":["reliquary:SharkskinSheath"],"max_hp_gain":0,"max_hp_loss":0,"event_name":"Scrap Ooze","floor":6,"gold_loss":0},{"damage_healed":0,"gold_gain":0,"player_choice":"Searched \u00271\u0027 times","damage_taken":0,"max_hp_gain":0,"max_hp_loss":0,"event_name":"Dead Adventurer","floor":8,"gold_loss":0}],"is_beta":false,"boss_relics":[{"not_picked":["reliquary:WritOfMandamus","Black Star"],"picked":"Empty Cage"}],"items_purged_floors":[7,19],"is_endless":true,"potions_floor_spawned":[2,13,16],"ascension_level":20}}