{"host":"r6lqs70fdfl5jnjl","time":1613476559,"event":{"mods":["Act Like it!","BaseMod","Gensokyo","Marisa£®ÏF”Í°°ƒß¿Ì…≥£©","Minty Spire (QoL Compilation)","StSLib","Yakumo Yukari mod"],"gold_per_floor":[133,308,258,32,51,77,77,90,114,114,130,52,86,86,86,185,185,203,203,302,317,336,336,368,368,368,400,413,413,413,62,62,164,164,182,234,252,272,272,272,282,282,305,305,325,344,344,358,358,358,358],"floor_reached":50,"language":"ZHS","playtime":2811,"items_purged":["AT_purpleEX"],"score":515,"play_id":"f2c03a3a-01d2-4ead-8e1b-01f4127ed5b6","local_time":"20210216195559","is_ascension_mode":false,"campfire_choices":[{"data":"Observe_purple_1","floor":10.0,"key":"SMITH"},{"floor":15.0,"key":"REST"},{"data":"RuleDissolution_purple","floor":23.0,"key":"SMITH"},{"floor":25.0,"key":"REST"},{"floor":29.0,"key":"REST"},{"data":"Know_ledgeAbilityRealm_purple","floor":32.0,"key":"SMITH"},{"data":"Anti_communist_purple","floor":40.0,"key":"SMITH"},{"data":"Fantasy_PerpetualMotionMachine_purple","floor":42,"key":"SMITH"},{"floor":47,"key":"REST"},{"floor":49,"key":"REST"}],"circlet_count":0,"master_deck":["AT_purpleEX+1","AT_purpleEX+1","AT_purpleEX+1","Defend_purpleEX+1","Defend_purpleEX+1","Defend_purpleEX+1","Observe_purple_1+1","Observe_purple_2","WatchEChange_purple","Line_surface_state_purple","Line_surface_state_purple","Fantasy_PerpetualMotionMachine_purple+1","ExternalForce_HighSpeedFlying_purple","RuleDissolution_purple+1","WorldDissolvedintheRealm_purple","Know_ledgeAbilityRealm_purple+1","CommonSense_AntiCommonSense_purple","Anti_communist_purple+1","GluttonyofRealm_purpleEX","Madness","Madness","DimensionStaggered_purple","OmniscientAndOmnipotent_Monster_purple"],"relics":["Boundary_crack","Memoryfragments_purpleEX","NeowsBlessing","Omamori","Tiny Chest","MealTicket","CaptainsWheel","Busted Crown","Sundial","Bottled Tornado","Bag of Marbles","Pear","Philosopher\u0027s Stone","Thread and Needle","Pocketwatch","Dream Catcher"],"acts_visited":["Exordium","TheCity","TheBeyond"],"potions_floor_usage":[50],"damage_taken":[{"damage":0.0,"enemies":"Small Slimes","floor":1.0,"turns":1.0},{"damage":0.0,"enemies":"Jaw Worm","floor":5.0,"turns":1.0},{"damage":21.0,"enemies":"Lagavulin","floor":6.0,"turns":1.0},{"damage":6.0,"enemies":"2 Louse","floor":8.0,"turns":3.0},{"damage":2.0,"enemies":"Blue Slaver","floor":11.0,"turns":4.0},{"damage":32.0,"enemies":"3 Sentries","floor":13.0,"turns":10.0},{"damage":14.0,"enemies":"Slime Boss","floor":16.0,"turns":11.0},{"damage":3.0,"enemies":"Shell Parasite","floor":18.0,"turns":5.0},{"damage":9.0,"enemies":"Chosen","floor":21.0,"turns":6.0},{"damage":0.0,"enemies":"Centurion and Healer","floor":22.0,"turns":5.0},{"damage":53.0,"enemies":"Slavers","floor":24.0,"turns":7.0},{"damage":28.0,"enemies":"Gremlin Leader","floor":27.0,"turns":4.0},{"damage":9.0,"enemies":"Shelled Parasite and Fungi","floor":28.0,"turns":2.0},{"damage":50.0,"enemies":"Automaton","floor":33.0,"turns":7.0},{"damage":5.0,"enemies":"3 Darklings","floor":35.0,"turns":3.0},{"damage":21.0,"enemies":"2 Orb Walkers","floor":36.0,"turns":4.0},{"damage":0.0,"enemies":"Orb Walker","floor":37.0,"turns":3.0},{"damage":0.0,"enemies":"Sphere and 2 Shapes","floor":38.0,"turns":2.0},{"damage":5,"enemies":"4 Shapes","floor":41,"turns":3},{"damage":0,"enemies":"Maw","floor":45,"turns":6},{"damage":35,"enemies":"3 Darklings","floor":46,"turns":3},{"damage":25,"enemies":"Jaw Worm Horde","floor":48,"turns":3},{"damage":96,"enemies":"Donu and Deca","floor":50,"turns":7}],"seed_played":"8923572067663437853","potions_obtained":[{"floor":1.0,"key":"AttackPotion"},{"floor":6.0,"key":"Swift Potion"},{"floor":22.0,"key":"Regen Potion"},{"floor":27.0,"key":"AttackPotion"},{"floor":28.0,"key":"FairyPotion"},{"floor":36.0,"key":"DistilledChaos"},{"floor":41,"key":"FearPotion"},{"floor":46,"key":"Weak Potion"}],"is_trial":false,"path_per_floor":["M","?","?","$","M","E","?","M","T","R","M","$","E","?","R","B",null,"M","T","?","M","M","R","E","R","T","E","M","R","?","$","R","B",null,"M","?","M","M","T","R","M","R","T","?","M","M","R","M","R","B"],"character_chosen":"Youkari","items_purchased":["Omamori","Fantasy_PerpetualMotionMachine_purple","CommonSense_AntiCommonSense_purple","Anti_communist_purple","Pear"],"campfire_rested":5,"item_purchase_floors":[4,12,31,31,31],"current_hp_per_floor":[70,70,70,70,70,49,42,37,37,37,37,52,20,20,41,32,70,70,70,70,63,68,68,20,41,41,15,9,30,30,55,55,10,80,78,62,67,69,69,69,69,69,69,59,62,32,56,34,58,0,0],"gold":358,"neow_bonus":"THREE_ENEMY_KILL","is_daily":false,"chose_seed":false,"campfire_upgraded":5,"win_rate":0.0,"timestamp":1613476559,"path_taken":["M","?","?","?","M","E","?","?","T","R","M","$","E","?","R","BOSS","M","?","?","M","M","R","E","R","T","E","M","R","?","$","R","BOSS","M","?","M","M","?","R","M","R","T","?","M","M","R","M","R","BOSS"],"items_purchased_type":["Relic","Card","Card","Card","Relic"],"build_version":"2020-12-22","purchased_purges":1,"victory":false,"max_hp_per_floor":[70,70,70,70,70,70,70,70,70,70,70,70,70,70,70,70,70,70,70,70,70,70,70,70,70,70,70,70,70,70,80,80,80,80,80,80,80,80,80,80,80,80,80,80,80,80,80,83,83,83,83],"card_choices":[{"not_picked":["Boundary_DynamicStaticEquilibrium_purple","SfantasyHide_purple","WeekHit_purple"],"picked":"SKIP","floor":1.0},{"not_picked":["MeetDecomposer_purple","Realm_recovery_purpleEX","StateDuplicate_purple"],"picked":"SKIP","floor":5.0},{"not_picked":["Boundary_LightAndDark_purple","Charmbait_purple"],"picked":"WatchEChange_purple","floor":6.0},{"not_picked":["Anti_communist_purple","Realm_recovery_purpleEX"],"picked":"Line_surface_state_purple","floor":8.0},{"not_picked":["PurpleNeedle_purple","Realm_recovery_purpleEX"],"picked":"Line_surface_state_purple","floor":11.0},{"not_picked":["MeetDecomposer_purple","MNeedle_purple"],"picked":"ExternalForce_HighSpeedFlying_purple","floor":13.0},{"not_picked":["Price_of_realm_purpleEX","Computing_the_future_purpleEX"],"picked":"UniverseChoice_purple","floor":16.0},{"not_picked":["AdvanceAttack_purple+1"],"picked":"SKIP","floor":18.0},{"not_picked":[],"picked":"RuleDissolution_purple","floor":21.0},{"not_picked":["WeekHit_purple"],"picked":"SKIP","floor":22.0},{"not_picked":[],"picked":"WorldDissolvedintheRealm_purple","floor":24.0},{"not_picked":[],"picked":"Know_ledgeAbilityRealm_purple","floor":27.0},{"not_picked":["ExistenceContinue_purple"],"picked":"SKIP","floor":28.0},{"not_picked":[],"picked":"GluttonyofRealm_purpleEX","floor":33.0},{"not_picked":["WingOfChimera_purple+1"],"picked":"SKIP","floor":35.0},{"not_picked":["SharpContractionReality_purple+1"],"picked":"SKIP","floor":37.0},{"not_picked":["SfantasyHide_purple"],"picked":"SKIP","floor":38.0},{"not_picked":["ExistenceContinue_purple+1"],"picked":"SKIP","floor":41},{"not_picked":[],"picked":"DimensionStaggered_purple","floor":45},{"not_picked":["ExistenceContinue_purple+1"],"picked":"SKIP","floor":46},{"not_picked":[],"picked":"OmniscientAndOmnipotent_Monster_purple","floor":47},{"not_picked":["ExistenceContinue_purple+1"],"picked":"SKIP","floor":48}],"player_experience":59396,"relics_obtained":[{"floor":6.0,"key":"Tiny Chest"},{"floor":9.0,"key":"MealTicket"},{"floor":13.0,"key":"CaptainsWheel"},{"floor":24.0,"key":"Sundial"},{"floor":26.0,"key":"Bottled Tornado"},{"floor":27.0,"key":"Bag of Marbles"},{"floor":36.0,"key":"Thread and Needle"},{"floor":39.0,"key":"Pocketwatch"},{"floor":43,"key":"Dream Catcher"}],"event_choices":[{"damage_healed":0.0,"max_hp_gain":0.0,"max_hp_loss":0.0,"gold_gain":175.0,"event_name":"Liars Game","player_choice":"AGREE","floor":2.0,"gold_loss":0.0,"damage_taken":0.0,"cards_obtained":["Doubt"]},{"cards_removed":["Doubt"],"damage_healed":0.0,"max_hp_gain":0.0,"max_hp_loss":0.0,"gold_gain":0.0,"event_name":"The Cleric","player_choice":"Card Removal","floor":3.0,"gold_loss":50.0,"damage_taken":0.0},{"cards_removed":["Defend_purpleEX"],"damage_healed":0.0,"max_hp_gain":0.0,"max_hp_loss":0.0,"gold_gain":0.0,"event_name":"Golden Wing","player_choice":"Card Removal","floor":7.0,"gold_loss":0.0,"damage_taken":7.0},{"damage_healed":0.0,"max_hp_gain":0.0,"max_hp_loss":0.0,"gold_gain":0.0,"event_name":"The Woman in Blue","player_choice":"Bought 0 Potions","floor":14.0,"gold_loss":0.0,"damage_taken":0.0},{"damage_healed":0.0,"max_hp_gain":0.0,"max_hp_loss":0.0,"gold_gain":99.0,"event_name":"Nest","player_choice":"Stole From Cult","floor":20.0,"gold_loss":0.0,"damage_taken":0.0},{"damage_healed":0.0,"max_hp_gain":0.0,"max_hp_loss":0.0,"gold_gain":0.0,"event_name":"Back to Basics","player_choice":"Simplicity","floor":30.0,"gold_loss":0.0,"damage_taken":0.0,"cards_upgraded":["AT_purpleEX","AT_purpleEX","AT_purpleEX","Defend_purpleEX","Defend_purpleEX","Defend_purpleEX"]},{"damage_healed":0.0,"max_hp_gain":0.0,"max_hp_loss":0.0,"gold_gain":0.0,"event_name":"Mysterious Sphere","player_choice":"Fight","floor":36.0,"gold_loss":0.0,"damage_taken":0.0},{"damage_healed":0,"gold_gain":0,"player_choice":"Embrace Madness","damage_taken":10,"max_hp_gain":0,"max_hp_loss":0,"event_name":"Winding Halls","floor":44,"gold_loss":0,"cards_obtained":["Madness","Madness"]}],"is_beta":false,"boss_relics":[{"not_picked":["SacredBark","Velvet Choker"],"picked":"Busted Crown"},{"not_picked":["Pandora\u0027s Box","Black Star"],"picked":"Philosopher\u0027s Stone"}],"items_purged_floors":[4],"is_endless":false,"potions_floor_spawned":[1,6,22,27,28,36,41,46],"killed_by":"Donu and Deca","ascension_level":0}}