{"host":"0z6l31g9ps0v9zzp","time":1613488002,"event":{"mods":["Act Like it!","BaseMod","CapriCore","Minty Spire (QoL Compilation)","MostiFishMod","StSLib"],"gold_per_floor":[110,35,55,73,73,73,99,99,123,153,153,172,200,256,256,332,332,344,362,362,287,287,313,132,132,182,182,216,233,233,233,233,310,310,320,371,381,381,391,424,437,469,469,498,498,510,528,545,545,545,545,545,65,95,95],"floor_reached":56,"language":"ZHS","playtime":1351,"items_purged":["Strike_B","Strike_B","Zap"],"score":2919,"play_id":"be5e501b-e7f7-463f-8d34-5c39a2ca9a33","local_time":"20210216230642","is_ascension_mode":true,"campfire_choices":[{"data":"Dualcast","floor":6,"key":"SMITH"},{"data":"MostiFishMod:LinkProtocol","floor":15,"key":"SMITH"},{"data":"Coolheaded","floor":25,"key":"SMITH"},{"data":"Ghostly","floor":27,"key":"SMITH"},{"floor":32,"key":"RECALL"},{"data":"Recycle","floor":45,"key":"SMITH"},{"data":"MostiFishMod:Nova","floor":49,"key":"SMITH"},{"data":"Ghostly","floor":52,"key":"SMITH"}],"circlet_count":0,"master_deck":["AscendersBane","Defend_B","Defend_B","Defend_B","Defend_B","Dualcast+1","Sweeping Beam","MostiFishMod:LinkProtocol+1","Defragment+1","Echo Form+1","Storm+1","Coolheaded+1","Ghostly+1","Ghostly+1","Ghostly+1","Machine Learning+1","Defragment+1","Heatsinks+1","MostiFishMod:Nova+1","Recycle+1","MostiFishMod:ActiveDefenseSystem+1","MostiFishMod:Prepare+1","Capacitor+1","Double Energy"],"relics":["Cracked Core","DaveBox","FeatherPendant","NeowsBlessing","SynthV:TestCard","Frozen Egg 2","Juzu Bracelet","Bronze Scales","Centennial Puzzle","Lantern","BionicSphere","RhineCircuit","Pocketwatch","Art of War","Blue Candle","ChiXiaoBlade","Orichalcum","Smiling Mask","TungstenRod","FossilizedHelix","Gremlin Horn"],"acts_visited":["Exordium","TheCity","TheBeyond","TheEnding"],"potions_floor_usage":[55],"damage_taken":[{"damage":0,"enemies":"Cultist","floor":1,"turns":1},{"damage":0,"enemies":"2 Louse","floor":3,"turns":1},{"damage":0,"enemies":"Small Slimes","floor":4,"turns":1},{"damage":10,"enemies":"Gremlin Nob","floor":7,"turns":3},{"damage":0,"enemies":"Lagavulin","floor":10,"turns":5},{"damage":3,"enemies":"Blue Slaver","floor":12,"turns":2},{"damage":10,"enemies":"3 Sentries","floor":13,"turns":4},{"damage":0,"enemies":"3 Sentries","floor":14,"turns":4},{"damage":0,"enemies":"The Guardian","floor":16,"turns":7},{"damage":0,"enemies":"Chosen","floor":18,"turns":3},{"damage":2,"enemies":"2 Thieves","floor":19,"turns":2},{"damage":3,"enemies":"Book of Stabbing","floor":23,"turns":4},{"damage":4,"enemies":"Slavers","floor":28,"turns":2},{"damage":0,"enemies":"Centurion and Healer","floor":29,"turns":2},{"damage":0,"enemies":"Champ","floor":33,"turns":4},{"damage":0,"enemies":"3 Shapes","floor":35,"turns":2},{"damage":0,"enemies":"2 Orb Walkers","floor":36,"turns":2},{"damage":0,"enemies":"Orb Walker","floor":37,"turns":2},{"damage":0,"enemies":"Writhing Mass","floor":39,"turns":3},{"damage":0,"enemies":"Reptomancer","floor":40,"turns":2},{"damage":0,"enemies":"4 Shapes","floor":41,"turns":3},{"damage":0,"enemies":"Giant Head","floor":42,"turns":3},{"damage":0,"enemies":"Nemesis","floor":44,"turns":1},{"damage":0,"enemies":"Spire Growth","floor":46,"turns":2},{"damage":0,"enemies":"3 Darklings","floor":47,"turns":3},{"damage":0,"enemies":"Jaw Worm Horde","floor":48,"turns":1},{"damage":0,"enemies":"Time Eater","floor":50,"turns":3},{"damage":0,"enemies":"Shield and Spear","floor":54,"turns":2},{"damage":1,"enemies":"The Heart","floor":55,"turns":5}],"seed_played":"2312428303126157373","potions_obtained":[{"floor":1,"key":"FairyPotion"},{"floor":7,"key":"LiquidBronze"},{"floor":11,"key":"Swift Potion"},{"floor":46,"key":"PowerPotion"}],"is_trial":false,"path_per_floor":["M","$","M","M","T","R","E","$","T","E","?","M","E","?","R","B",null,"M","M","?","?","?","E","$","R","T","R","E","M","?","?","R","B",null,"M","?","M","?","M","E","M","E","T","E","R","M","M","M","R","B",null,"R","$","E","B",null],"character_chosen":"DEFECT","items_purchased":["Defragment+1","FossilizedHelix","Double Energy"],"campfire_rested":0,"item_purchase_floors":[24,53,53],"current_hp_per_floor":[64,64,64,64,64,64,54,54,54,54,54,51,41,41,41,41,64,64,62,35,35,35,32,32,32,32,32,28,28,28,28,28,28,33,33,33,33,33,33,33,33,33,33,33,33,33,33,33,33,33,35,35,35,35,34],"gold":95,"neow_bonus":"THREE_ENEMY_KILL","is_daily":false,"chose_seed":false,"campfire_upgraded":7,"win_rate":0.0,"timestamp":1613488002,"path_taken":["M","$","M","?","?","R","E","?","T","E","?","M","E","?","R","BOSS","M","M","?","?","?","E","$","R","T","R","E","M","?","?","R","BOSS","M","?","M","?","M","E","M","E","T","E","R","M","M","M","R","BOSS","R","$","E","BOSS"],"items_purchased_type":["Card","Relic","Card"],"build_version":"2020-12-22","purchased_purges":3,"victory":true,"max_hp_per_floor":[71,71,71,71,71,71,71,71,71,71,71,71,71,71,71,71,71,71,71,35,35,35,35,35,35,35,35,35,35,35,35,35,35,35,35,35,35,35,35,35,35,35,35,35,35,35,35,35,35,35,35,35,35,35,35],"card_choices":[{"not_picked":["Steam","Leap","Redo"],"picked":"SKIP","floor":1},{"not_picked":["Cold Snap","Ball Lightning","Scrape","Go for the Eyes"],"picked":"Sweeping Beam","floor":3},{"not_picked":["White Noise","Leap","Conserve Battery","Glacier","Chill"],"picked":"SKIP","floor":4},{"not_picked":["Core Surge","Cold Snap","Sweeping Beam","Beam Cell","Chaos"],"picked":"SKIP","floor":7},{"not_picked":["Chaos","Fission","Reinforced Body","Fusion","Stack"],"picked":"SKIP","floor":10},{"not_picked":["Sweeping Beam","Cold Snap","Loop+1","Leap"],"picked":"MostiFishMod:LinkProtocol","floor":12},{"not_picked":["Sunder","Capacitor+1","Recycle","MostiFishMod:PushDownKick"],"picked":"Defragment+1","floor":13},{"not_picked":["All For One","Reboot","Hyperbeam","MostiFishMod:Overload"],"picked":"Echo Form+1","floor":16},{"not_picked":["Go for the Eyes","Sweeping Beam+1","Streamline+1","Lockon"],"picked":"Storm+1","floor":18},{"not_picked":["Rebound","Sweeping Beam","Conserve Battery","Leap"],"picked":"Coolheaded","floor":19},{"not_picked":["Beam Cell","MostiFishMod:PushDownKick","Steam","Darkness"],"picked":"Machine Learning+1","floor":23},{"not_picked":["Beam Cell","Hyperbeam","Barrage","Loop+1","Force Field"],"picked":"SKIP","floor":28},{"not_picked":["Compile Driver","Ball Lightning","Tempest","Steam Power"],"picked":"Heatsinks+1","floor":29},{"not_picked":["Hyperbeam","MostiFishMod:ReadyAimFire","Echo Form+1","Core Surge"],"picked":"MostiFishMod:Nova","floor":33},{"not_picked":["Gash","Coolheaded","Rebound","Tempest","MostiFishMod:PushDownKick"],"picked":"SKIP","floor":35},{"not_picked":["Darkness","Redo","Conserve Battery","Cold Snap+1","Gash"],"picked":"SKIP","floor":37},{"not_picked":["Scrape+1","Coolheaded+1","FTL","Beam Cell","Compile Driver+1"],"picked":"SKIP","floor":39},{"not_picked":["Scrape","Doom and Gloom","Sweeping Beam","MostiFishMod:PushDownKick"],"picked":"Recycle","floor":40},{"not_picked":["Gash+1","Heatsinks+1","Turbo+1","Darkness","Go for the Eyes"],"picked":"SKIP","floor":41},{"not_picked":["Gash","Steam","Stack+1","MostiFishMod:Exploitation"],"picked":"MostiFishMod:ActiveDefenseSystem+1","floor":42},{"not_picked":["Steam+1","Self Repair+1","Chaos","Defragment+1","Steam Power"],"picked":"SKIP","floor":44},{"not_picked":["Rebound","Force Field+1","Static Discharge+1","Heatsinks+1","Barrage"],"picked":"SKIP","floor":46},{"not_picked":["Sunder","Sweeping Beam","Go for the Eyes","Rebound"],"picked":"MostiFishMod:Prepare+1","floor":47},{"not_picked":["Barrage","Undo","MostiFishMod:GatherIntelligence","Go for the Eyes+1"],"picked":"Capacitor+1","floor":48},{"not_picked":["Sweeping Beam","Defragment+1","Stack","Steam","Coolheaded"],"picked":"SKIP","floor":54}],"player_experience":282810,"relics_obtained":[{"floor":1,"key":"SynthV:TestCard"},{"floor":5,"key":"Frozen Egg 2"},{"floor":7,"key":"Juzu Bracelet"},{"floor":9,"key":"Bronze Scales"},{"floor":10,"key":"Centennial Puzzle"},{"floor":13,"key":"Lantern"},{"floor":23,"key":"Pocketwatch"},{"floor":26,"key":"Art of War"},{"floor":28,"key":"Blue Candle"},{"floor":40,"key":"Orichalcum"},{"floor":42,"key":"Smiling Mask"},{"floor":44,"key":"TungstenRod"},{"floor":54,"key":"Gremlin Horn"}],"event_choices":[{"damage_healed":0,"gold_gain":0,"player_choice":"Got Potions","damage_taken":0,"max_hp_gain":0,"max_hp_loss":0,"event_name":"Lab","floor":11,"gold_loss":0},{"damage_healed":0,"gold_gain":30,"player_choice":"Searched \u00273\u0027 times","damage_taken":0,"relics_obtained":["BionicSphere"],"max_hp_gain":0,"max_hp_loss":0,"event_name":"Dead Adventurer","floor":14,"gold_loss":0},{"damage_healed":0,"gold_gain":0,"player_choice":"Became a Ghost","damage_taken":0,"max_hp_gain":0,"max_hp_loss":36,"event_name":"Ghosts","floor":20,"gold_loss":0,"cards_obtained":["Ghostly","Ghostly","Ghostly"]},{"cards_removed":["Strike_B"],"damage_healed":0,"gold_gain":0,"player_choice":"Gave Gold","damage_taken":0,"max_hp_gain":0,"max_hp_loss":0,"event_name":"Beggar","floor":21,"gold_loss":75},{"cards_removed":["Strike_B"],"damage_healed":0,"gold_gain":0,"player_choice":"Purged","damage_taken":0,"max_hp_gain":0,"max_hp_loss":0,"event_name":"Purifier","floor":22,"gold_loss":0},{"damage_healed":0,"gold_gain":0,"player_choice":"Ignored","damage_taken":0,"max_hp_gain":0,"max_hp_loss":0,"event_name":"The Mausoleum","floor":30,"gold_loss":0},{"damage_healed":0,"gold_gain":0,"player_choice":"Upgraded","damage_taken":0,"max_hp_gain":0,"max_hp_loss":0,"event_name":"Upgrade Shrine","floor":31,"gold_loss":0,"cards_upgraded":["Ghostly"]},{"damage_healed":0,"gold_gain":0,"player_choice":"Fight","damage_taken":0,"max_hp_gain":0,"max_hp_loss":0,"event_name":"Mysterious Sphere","floor":36,"gold_loss":0},{"damage_healed":0,"gold_gain":0,"player_choice":"Memory 1","damage_taken":0,"max_hp_gain":0,"max_hp_loss":0,"event_name":"SensoryStone","floor":38,"gold_loss":0}],"is_beta":false,"boss_relics":[{"not_picked":["Sozu","GreenFoldingFan"],"picked":"RhineCircuit"},{"not_picked":["Nuclear Battery","Philosopher\u0027s Stone"],"picked":"ChiXiaoBlade"}],"items_purged_floors":[2,24,53],"is_endless":false,"potions_floor_spawned":[1,7,12,18,19,29,35,40,44,46,47,54],"ascension_level":19}}