{"host":"juzxcsbtp4zm18uq","time":1613491951,"event":{"mods":["BaseMod","Colored Map","Highlight Path","Minty Spire (QoL Compilation)","Relic Stats"],"gold_per_floor":[113,113,38,38,38,69,84,102,102,121,21,21,56,67,67,165,165,180,111,111,111,129,129,161,171,171,187,187,205,236,246,246,344,344,359,409,409,424,443,470,12,12,12,12,40,60,60,89,89,89],"floor_reached":51,"language":"ENG","playtime":9254,"items_purged":["Defend_P","Defend_P","Study"],"score":785,"play_id":"d20f601e-cdc0-4c00-9c9f-065b8aea1224","local_time":"20210216161231","is_ascension_mode":false,"campfire_choices":[{"data":"TalkToTheHand","floor":12.0,"key":"SMITH"},{"floor":15.0,"key":"REST"},{"floor":23.0,"key":"REST"},{"floor":28.0,"key":"REST"},{"floor":32.0,"key":"REST"},{"floor":42,"key":"REST"},{"floor":47,"key":"REST"},{"floor":49,"key":"REST"}],"circlet_count":0,"master_deck":["Eruption","Vigilance","TalkToTheHand+1","Halt","Crescendo","FollowUp","DevaForm","EmptyBody","Judgement","Alpha","Indignation","Swivel","SignatureMove","WheelKick","FlurryOfBlows","SashWhip+1","InnerPeace","ClearTheMind","Evaluate","Scrawl","CrushJoints+1","EmptyMind","CutThroughFate+1","Vengeance","TalkToTheHand+1","Crescendo+1","Consecrate+1"],"relics":["HolyWater","Singing Bowl","Pear","Gremlin Horn","WingedGreaves","Pandora\u0027s Box","Centennial Puzzle","Kunai","Molten Egg 2","Mango","Sundial","Vajra","Frozen Egg 2","Anchor","Regal Pillow"],"acts_visited":["Exordium","TheCity","TheBeyond"],"potions_floor_usage":[45,45,50,50],"damage_taken":[{"damage":0.0,"enemies":"Cultist","floor":1.0,"turns":4.0},{"damage":35.0,"enemies":"Lagavulin","floor":6.0,"turns":5.0},{"damage":1.0,"enemies":"Jaw Worm","floor":7.0,"turns":3.0},{"damage":0.0,"enemies":"Small Slimes","floor":8.0,"turns":3.0},{"damage":0.0,"enemies":"Blue Slaver","floor":10.0,"turns":4.0},{"damage":26.0,"enemies":"Gremlin Nob","floor":13.0,"turns":3.0},{"damage":21.0,"enemies":"Exordium Wildlife","floor":14.0,"turns":3.0},{"damage":12.0,"enemies":"Hexaghost","floor":16.0,"turns":12.0},{"damage":0.0,"enemies":"Spheric Guardian","floor":18.0,"turns":1.0},{"damage":30.0,"enemies":"2 Thieves","floor":22.0,"turns":4.0},{"damage":31.0,"enemies":"Slavers","floor":24.0,"turns":3.0},{"damage":0.0,"enemies":"Cultist and Chosen","floor":25.0,"turns":4.0},{"damage":5.0,"enemies":"Snake Plant","floor":27.0,"turns":2.0},{"damage":30.0,"enemies":"Snecko","floor":29.0,"turns":3.0},{"damage":4.0,"enemies":"Book of Stabbing","floor":30.0,"turns":4.0},{"damage":0.0,"enemies":"Centurion and Healer","floor":31.0,"turns":2.0},{"damage":24.0,"enemies":"Collector","floor":33.0,"turns":5.0},{"damage":12,"enemies":"3 Shapes","floor":35,"turns":2},{"damage":29,"enemies":"Mind Bloom Boss Battle","floor":36,"turns":4},{"damage":2,"enemies":"3 Darklings","floor":38,"turns":4},{"damage":0,"enemies":"Sphere and 2 Shapes","floor":39,"turns":3},{"damage":39,"enemies":"Nemesis","floor":40,"turns":7},{"damage":19,"enemies":"Reptomancer","floor":45,"turns":3},{"damage":0,"enemies":"Transient","floor":46,"turns":5},{"damage":29,"enemies":"Nemesis","floor":48,"turns":5},{"damage":75,"enemies":"Donu and Deca","floor":50,"turns":8}],"seed_played":"4130384376805368544","potions_obtained":[{"floor":7.0,"key":"Energy Potion"},{"floor":10.0,"key":"LiquidMemories"},{"floor":13.0,"key":"DistilledChaos"},{"floor":24.0,"key":"Ambrosia"},{"floor":25.0,"key":"DuplicationPotion"},{"floor":29.0,"key":"ColorlessPotion"},{"floor":30.0,"key":"Fire Potion"},{"floor":38,"key":"BottledMiracle"},{"floor":46,"key":"PowerPotion"}],"is_trial":false,"path_per_floor":["M","?","$","?","?","E","M","M","T","M","$","R","E","M","R","B",null,"M","$","?","?","M","R","E","M","T","M","R","M","E","M","R","B",null,"M","?","?","M","M","E","$","R","T","?","E","M","R","E","R","B",null],"character_chosen":"WATCHER","items_purchased":["WheelKick","CutThroughFate+1","Vengeance","Vajra","Swift Potion"],"campfire_rested":7,"item_purchase_floors":[19,41,41,41,41],"current_hp_per_floor":[79,84,84,81,81,56,55,55,55,57,57,57,31,10,38,26,96,98,98,78,78,48,78,47,47,47,42,72,44,42,42,74,50,107,97,82,82,80,82,45,45,83,83,83,64,64,100,71,121,46],"gold":89,"neow_bonus":"TEN_PERCENT_HP_BONUS","is_daily":false,"chose_seed":false,"campfire_upgraded":1,"win_rate":0.0,"timestamp":1613491951,"path_taken":["M","?","$","?","?","E","M","M","T","?","$","R","E","M","R","BOSS","M","$","?","?","M","R","E","?","T","M","R","M","E","M","R","BOSS","M","?","?","M","M","E","$","R","T","?","E","M","R","E","R","BOSS"],"items_purchased_type":["Card","Card","Card","Relic","Potion"],"build_version":"2020-12-22","purchased_purges":3,"victory":true,"max_hp_per_floor":[79,84,84,84,84,94,94,94,94,96,96,96,96,96,96,96,96,98,98,103,103,103,103,103,103,103,103,103,105,107,107,107,107,107,109,123,123,123,125,127,127,127,127,121,121,121,121,121,121,121],"relic_stats":{"Centennial Puzzle":[33],"Regal Pillow":14,"Singing Bowl":14,"Gremlin Horn":[19,19],"counters":[26,106],"Sundial":[4],"Pandora\u0027s Box":["Alpha","Indignation","MasterReality","Swivel","Study","SignatureMove"],"Kunai":[36],"obtain_stats":[{"Regal Pillow":48,"Pear":6,"Singing Bowl":4,"Gremlin Horn":9,"Vajra":41,"Mango":36,"Frozen Egg 2":43,"Centennial Puzzle":24,"Anchor":45,"Sundial":40,"HolyWater":34,"Pandora\u0027s Box":17,"Molten Egg 2":30,"WingedGreaves":13,"Kunai":26,"PureWater":0},{"Regal Pillow":25,"Pear":2,"Singing Bowl":1,"Gremlin Horn":4,"Vajra":22,"Mango":19,"Frozen Egg 2":22,"Centennial Puzzle":11,"Anchor":23,"Sundial":22,"HolyWater":17,"Pandora\u0027s Box":8,"Molten Egg 2":15,"WingedGreaves":6,"Kunai":12,"PureWater":0},{"Regal Pillow":98,"Pear":9,"Singing Bowl":4,"Gremlin Horn":15,"Vajra":85,"Mango":71,"Frozen Egg 2":85,"Centennial Puzzle":45,"Anchor":88,"Sundial":85,"HolyWater":65,"Pandora\u0027s Box":37,"Molten Egg 2":58,"WingedGreaves":22,"Kunai":49,"PureWater":0}]},"card_choices":[{"not_picked":["ThirdEye","FlyingSleeves"],"picked":"TalkToTheHand","floor":1.0},{"not_picked":["CrushJoints","Consecrate"],"picked":"Halt","floor":6.0},{"not_picked":["SandsOfTime","FollowUp"],"picked":"Crescendo","floor":7.0},{"not_picked":["Evaluate","CarveReality"],"picked":"FollowUp","floor":8.0},{"not_picked":["Consecrate","CutThroughFate","WreathOfFlame"],"picked":"Singing Bowl","floor":10.0},{"not_picked":["Pray","Protect"],"picked":"DevaForm","floor":13.0},{"not_picked":["LikeWater","CutThroughFate"],"picked":"EmptyBody","floor":14.0},{"not_picked":["MasterReality","Brilliance"],"picked":"Judgement","floor":16.0},{"not_picked":["BowlingBash","Fasting2","Protect"],"picked":"Singing Bowl","floor":18.0},{"not_picked":["Indignation","ReachHeaven"],"picked":"FlurryOfBlows","floor":22.0},{"not_picked":["CarveReality","Perseverance"],"picked":"SashWhip+1","floor":24.0},{"not_picked":["JustLucky+1","SignatureMove+1"],"picked":"InnerPeace","floor":25.0},{"not_picked":["EmptyFist","Protect+1"],"picked":"ClearTheMind","floor":27.0},{"not_picked":["ClearTheMind","TalkToTheHand","Prostrate"],"picked":"Singing Bowl","floor":29.0},{"not_picked":["Worship","Wireheading+1","Wish"],"picked":"Singing Bowl","floor":30.0},{"not_picked":["FlyingSleeves+1","Sanctity"],"picked":"Evaluate","floor":31.0},{"not_picked":["Omniscience","Blasphemy"],"picked":"Scrawl","floor":33.0},{"not_picked":["Prostrate+1","PathToVictory","SignatureMove+1"],"picked":"Singing Bowl","floor":35},{"not_picked":["SignatureMove+1","Indignation"],"picked":"CrushJoints+1","floor":36},{"not_picked":["Halt+1","Perseverance"],"picked":"EmptyMind","floor":38},{"not_picked":["PathToVictory+1","Evaluate","Indignation"],"picked":"Singing Bowl","floor":39},{"not_picked":["Fasting2+1","PathToVictory","LessonLearned+1"],"picked":"Singing Bowl","floor":40},{"not_picked":["Crescendo","Evaluate+1"],"picked":"TalkToTheHand+1","floor":45},{"not_picked":["Swivel","Wireheading+1"],"picked":"Crescendo+1","floor":46},{"not_picked":["ThirdEye+1","Evaluate+1"],"picked":"Consecrate+1","floor":48}],"player_experience":20512,"relics_obtained":[{"floor":6.0,"key":"Pear"},{"floor":9.0,"key":"Gremlin Horn"},{"floor":13.0,"key":"WingedGreaves"},{"floor":24.0,"key":"Centennial Puzzle"},{"floor":26.0,"key":"Kunai"},{"floor":30.0,"key":"Molten Egg 2"},{"floor":36,"key":"Mango"},{"floor":40,"key":"Sundial"},{"floor":43,"key":"Frozen Egg 2"},{"floor":45,"key":"Anchor"},{"floor":48,"key":"Regal Pillow"}],"event_choices":[{"damage_healed":0.0,"max_hp_gain":5.0,"max_hp_loss":0.0,"gold_gain":0.0,"event_name":"Big Fish","player_choice":"Donut","floor":2.0,"gold_loss":0.0,"damage_taken":0.0},{"damage_healed":0.0,"max_hp_gain":0.0,"max_hp_loss":0.0,"gold_gain":0.0,"event_name":"Scrap Ooze","player_choice":"Success","floor":4.0,"gold_loss":0.0,"damage_taken":3.0,"relics_obtained":["Singing Bowl"]},{"damage_healed":0.0,"max_hp_gain":0.0,"max_hp_loss":0.0,"gold_gain":0.0,"event_name":"The Cleric","player_choice":"Leave","floor":5.0,"gold_loss":0.0,"damage_taken":0.0},{"damage_healed":0.0,"max_hp_gain":5.0,"max_hp_loss":0.0,"gold_gain":0.0,"event_name":"Forgotten Altar","player_choice":"Shed Blood","floor":20.0,"gold_loss":0.0,"damage_taken":25.0},{"damage_healed":0.0,"max_hp_gain":0.0,"max_hp_loss":0.0,"gold_gain":0.0,"event_name":"Vampires","player_choice":"Ignored","floor":21.0,"gold_loss":0.0,"damage_taken":0.0},{"damage_healed":0,"gold_gain":0,"player_choice":"Fight","damage_taken":0,"max_hp_gain":0,"max_hp_loss":0,"event_name":"MindBloom","floor":36,"gold_loss":0},{"cards_removed":["MasterReality"],"damage_healed":0,"gold_gain":0,"player_choice":"Removed Power","damage_taken":0,"max_hp_gain":0,"max_hp_loss":0,"event_name":"Falling","floor":37,"gold_loss":0},{"damage_healed":0,"gold_gain":0,"player_choice":"Max HP","damage_taken":0,"max_hp_gain":0,"max_hp_loss":6,"event_name":"Winding Halls","floor":44,"gold_loss":0}],"is_beta":false,"boss_relics":[{"not_picked":["Black Star","VioletLotus"],"picked":"Pandora\u0027s Box"},{"not_picked":["Runic Pyramid","Velvet Choker"],"picked":"HolyWater"}],"items_purged_floors":[3,11,41],"is_endless":false,"potions_floor_spawned":[7,10,13,24,25,29,30,38,46],"ascension_level":0}}