{"host":"xr2w6q7a088fu8w2","time":1613473174,"event":{"mods":["AchievementEnabler","BaseMod","Colored Powertips","Downfall","Minty Spire (QoL Compilation)","Relic Filter Mod","StSLib"],"gold_per_floor":[99,110,121,131,145,145,145,18,35,35,52,70,70,70,86,86,86,86],"floor_reached":16,"language":"ZHS","playtime":880,"items_purged":["sneckomod:Defend"],"score":96,"play_id":"f27e8f1e-a66a-49c0-9bf7-4acba11b6026","local_time":"20210216185934","is_ascension_mode":false,"campfire_choices":[{"data":"sneckomod:TailWhip","floor":1,"key":"SMITH"},{"floor":13,"key":"REST"}],"circlet_count":0,"master_deck":["sneckomod:Strike","sneckomod:Strike","sneckomod:Strike","sneckomod:Defend","sneckomod:Defend","sneckomod:TailWhip+1","sneckomod:SnekBite","sneckomod:Unknown","sneckomod:Unknown","sneckomod:UnknownColorless","sneckomod:SlitherStrike","sneckomod:UnknownCommonAttack","Poisoned Stab","sneckomod:PureSnecko","sneckomod:DiceCrush","Guardian:Incinerate","sneckomod:IronFang","sneckomod:DiceBlock","sneckomod:QuickBite"],"relics":["sneckomod:SneckoSoul","Mummified Hand","downfall:BrokenWingStatue"],"acts_visited":["Exordium"],"potions_floor_usage":[16,16],"damage_taken":[{"damage":0,"enemies":"Cultist","floor":2,"turns":2},{"damage":0,"enemies":"2 Louse","floor":3,"turns":2},{"damage":0,"enemies":"Jaw Worm","floor":4,"turns":2},{"damage":0,"enemies":"downfall:LooterAlt","floor":5,"turns":2},{"damage":0,"enemies":"downfall:FleeingMerchant","floor":8,"turns":4},{"damage":10,"enemies":"2 Fungi Beasts","floor":9,"turns":3},{"damage":41,"enemies":"Gremlin Gang","floor":11,"turns":5},{"damage":15,"enemies":"Blue Slaver","floor":12,"turns":3},{"damage":15,"enemies":"3 Louse","floor":15,"turns":3},{"damage":61,"enemies":"DF_ARCHETYPE_STREAMLINE","floor":16,"turns":8}],"seed_played":"-8475801878230612881","potions_obtained":[{"floor":9,"key":"Swift Potion"},{"floor":11,"key":"Fire Potion"},{"floor":12,"key":"Regen Potion"}],"is_trial":false,"path_per_floor":["R","M","M","M","M","R","T","$","M","R","M","M","R","?","M","B"],"character_chosen":"THE_SNECKO","items_purchased":["sneckomod:PureSnecko"],"campfire_rested":1,"item_purchase_floors":[8],"current_hp_per_floor":[99,99,99,99,99,99,99,99,89,89,48,33,62,62,47,0,0,0],"gold":86,"neow_bonus":"TEN_PERCENT_HP_BONUS","is_daily":false,"chose_seed":false,"campfire_upgraded":1,"win_rate":0.0,"timestamp":1613473174,"path_taken":["R","M","M","M","M","R","T","$","M","R","M","?","R","?","M","BOSS"],"items_purchased_type":["Card"],"build_version":"2020-12-22","purchased_purges":1,"victory":false,"max_hp_per_floor":[99,99,99,99,99,99,99,99,99,99,99,99,99,99,99,99,99,99],"card_choices":[{"not_picked":["sneckomod:WideSting","sneckomod:ImprovisedGuard"],"picked":"sneckomod:UnknownColorless","floor":2},{"not_picked":["sneckomod:UnknownDraw","sneckomod:UnknownStrike"],"picked":"sneckomod:SlitherStrike","floor":3},{"not_picked":["sneckomod:SoulDraw","sneckomod:MasterEye"],"picked":"sneckomod:UnknownCommonAttack","floor":4},{"not_picked":["sneckomod:WideSting","sneckomod:UnknownStrike"],"picked":"sneckomod:UnknownCommonAttack","floor":5},{"not_picked":["sneckomod:UnknownStrike","sneckomod:Unknown2Cost"],"picked":"sneckomod:UnknownCommonAttack","floor":8},{"not_picked":["sneckomod:UnknownCommonAttack","sneckomod:UnknownDraw"],"picked":"sneckomod:DiceCrush","floor":9},{"not_picked":["sneckomod:MasterEye","sneckomod:SoulCleanse"],"picked":"sneckomod:IronFang","floor":11},{"not_picked":["sneckomod:DiceCrush","sneckomod:MorePower"],"picked":"sneckomod:DiceBlock","floor":12},{"not_picked":["sneckomod:MasterEye","sneckomod:UnknownCommonAttack"],"picked":"sneckomod:QuickBite","floor":15}],"player_experience":95227,"relics_obtained":[{"floor":7,"key":"Mummified Hand"}],"event_choices":[],"is_beta":false,"boss_relics":[],"items_purged_floors":[8],"is_endless":false,"potions_floor_spawned":[9,11,12],"killed_by":"DF_ARCHETYPE_STREAMLINE","ascension_level":0}}