{"host":"a3wpq7kyokchzawk","time":1613502539,"event":{"mods":["BaseMod","Colored Map","Highlight Path","Minty Spire (QoL Compilation)","Permanent Neow","Potion Indicator Mod","Relic Stats","Weighted Paths"],"gold_per_floor":[113,38,54,54,71,71,98,98,125,160,170,201,249,269,269,342,342,355,371,371,389,439,439,468,468,468,25,45,55,69,96,96,168,168,187,187,212,537,537,564,564,78,78,147,147,175,191,220,220,220,220,220,145,175,175,175],"floor_reached":55,"language":"ENG","playtime":9672,"items_purged":["Strike_B"],"score":1705,"play_id":"6dc4256d-cc5e-46f4-934a-97b711555b02","local_time":"20210216170859","is_ascension_mode":true,"campfire_choices":[{"data":"Go for the Eyes","floor":6,"key":"SMITH"},{"floor":8,"key":"REST"},{"data":"Hologram","floor":15,"key":"SMITH"},{"data":"Echo Form","floor":23,"key":"SMITH"},{"data":"Reinforced Body","floor":25,"key":"SMITH"},{"floor":32,"key":"REST"},{"floor":41,"key":"REST"},{"data":"Glacier","floor":45,"key":"SMITH"},{"floor":49,"key":"RECALL"},{"data":"Undo","floor":52,"key":"SMITH"}],"circlet_count":0,"master_deck":["AscendersBane","Strike_B","Strike_B","Strike_B","Defend_B","Defend_B","Defend_B","Zap+1","Dualcast","BootSequence","Go for the Eyes+1","Glacier+1","Undo+1","Compile Driver","Doom and Gloom","Coolheaded+1","Hologram+1","Echo Form+1","Reinforced Body+1","Fusion","Fusion","Double Energy","Compile Driver+1","Loop+1","Echo Form+1","CurseOfTheBell","Doom and Gloom+1","Defragment+1","Buffer+1","Fusion","Echo Form+1"],"relics":["Cracked Core","Tiny Chest","Cables","Pocketwatch","Smiling Mask","Pen Nib","Bag of Preparation","Strawberry","Snecko Eye","Pear","Lantern","Chemical X","Frozen Egg 2","InkBottle","Calling Bell","Dream Catcher","Mercury Hourglass","Ice Cream","Nunchaku","Old Coin","Anchor","ClockworkSouvenir","Eternal Feather","Question Card","MealTicket","Shuriken","War Paint"],"acts_visited":["Exordium","TheCity","TheBeyond","TheEnding"],"potions_floor_usage":[7,10,24,31,40,55],"damage_taken":[{"damage":12,"enemies":"Jaw Worm","floor":1,"turns":3},{"damage":6,"enemies":"Cultist","floor":3,"turns":3},{"damage":0,"enemies":"2 Louse","floor":5,"turns":2},{"damage":25,"enemies":"3 Sentries","floor":7,"turns":8},{"damage":14,"enemies":"Gremlin Nob","floor":10,"turns":4},{"damage":0,"enemies":"2 Fungi Beasts","floor":11,"turns":3},{"damage":4,"enemies":"Lagavulin","floor":12,"turns":4},{"damage":2,"enemies":"3 Louse","floor":14,"turns":4},{"damage":6,"enemies":"Slime Boss","floor":16,"turns":8},{"damage":0,"enemies":"Spheric Guardian","floor":18,"turns":3},{"damage":2,"enemies":"Shell Parasite","floor":19,"turns":4},{"damage":0,"enemies":"Snake Plant","floor":21,"turns":5},{"damage":6,"enemies":"Slavers","floor":24,"turns":3},{"damage":2,"enemies":"Snecko","floor":28,"turns":5},{"damage":3,"enemies":"Centurion and Healer","floor":29,"turns":15},{"damage":0,"enemies":"3 Cultists","floor":30,"turns":3},{"damage":9,"enemies":"Gremlin Leader","floor":31,"turns":7},{"damage":5,"enemies":"Automaton","floor":33,"turns":8},{"damage":38,"enemies":"3 Shapes","floor":35,"turns":5},{"damage":0,"enemies":"Mind Bloom Boss Battle","floor":38,"turns":8},{"damage":11,"enemies":"Nemesis","floor":40,"turns":7},{"damage":21,"enemies":"Giant Head","floor":46,"turns":6},{"damage":0,"enemies":"Orb Walker","floor":47,"turns":5},{"damage":0,"enemies":"Nemesis","floor":48,"turns":7},{"damage":15,"enemies":"Donu and Deca","floor":50,"turns":9},{"damage":17,"enemies":"Shield and Spear","floor":54,"turns":8},{"damage":67,"enemies":"The Heart","floor":55,"turns":12}],"seed_played":"2304012311529730673","potions_obtained":[{"floor":3,"key":"Swift Potion"},{"floor":5,"key":"LiquidBronze"},{"floor":7,"key":"Block Potion"},{"floor":10,"key":"LiquidMemories"},{"floor":28,"key":"Explosive Potion"},{"floor":31,"key":"FocusPotion"},{"floor":33,"key":"DuplicationPotion"},{"floor":48,"key":"FocusPotion"}],"is_trial":false,"path_per_floor":["M","?","M","T","M","R","E","R","T","E","M","E","T","M","R","B",null,"M","M","?","M","?","R","E","R","T","$","M","M","M","E","R","B",null,"M","?","T","?","?","E","R","$","T","T","R","E","M","E","R","B",null,"R","$","E","B"],"character_chosen":"DEFECT","items_purchased":["Chemical X","Frozen Egg 2","ClockworkSouvenir","Eternal Feather","Fusion"],"campfire_rested":3,"item_purchase_floors":[27,27,42,42,53],"current_hp_per_floor":[52,52,46,46,46,46,21,42,42,28,28,24,31,29,29,23,64,64,62,62,62,62,62,66,66,66,66,64,61,61,52,78,73,84,46,46,46,46,46,35,60,60,60,60,75,54,54,54,69,54,77,84,84,67,0,0],"gold":175,"neow_bonus":"RANDOM_COMMON_RELIC","is_daily":false,"chose_seed":false,"campfire_upgraded":6,"win_rate":0.0,"timestamp":1613502539,"path_taken":["M","?","M","?","M","R","E","R","T","E","?","E","?","M","R","BOSS","M","M","?","M","?","R","E","R","T","$","M","M","M","E","R","BOSS","M","?","?","?","?","E","R","?","T","?","R","E","M","E","R","BOSS","R","$","E","BOSS"],"items_purchased_type":["Relic","Relic","Relic","Relic","Card"],"build_version":"2020-12-22","purchased_purges":1,"victory":false,"max_hp_per_floor":[71,71,71,71,71,71,71,71,71,71,71,71,78,78,78,78,78,78,78,78,78,78,78,88,88,88,88,88,88,88,88,88,88,88,88,84,84,84,84,84,84,84,84,84,84,84,84,84,84,84,84,84,84,84,84,84],"relic_stats":{"counters":[27,159],"Eternal Feather":37,"Pen Nib":[22],"Bag of Preparation":[40],"War Paint":["Zap","Coolheaded"],"Smiling Mask":25,"Question Card":4,"Cables":[128,35,33,39,21],"Mercury Hourglass":[180],"Dream Catcher":1,"Nunchaku":[10],"Shuriken":[11],"Snecko Eye":[199,203,218,224],"Tiny Chest":3,"MealTicket":0,"Chemical X":[20],"obtain_stats":[{"Ice Cream":34,"Lantern":26,"Bag of Preparation":12,"Smiling Mask":9,"Old Coin":38,"ClockworkSouvenir":42,"Dream Catcher":34,"Nunchaku":37,"Strawberry":13,"Tiny Chest":0,"MealTicket":46,"Chemical X":27,"Cracked Core":0,"InkBottle":31,"Pear":24,"Eternal Feather":42,"Pen Nib":10,"Frozen Egg 2":27,"War Paint":54,"Question Card":44,"Cables":4,"Mercury Hourglass":34,"Calling Bell":34,"Anchor":40,"Shuriken":48,"Snecko Eye":17,"Pocketwatch":7},{"Ice Cream":18,"Lantern":13,"Bag of Preparation":7,"Smiling Mask":4,"Old Coin":20,"ClockworkSouvenir":21,"Dream Catcher":18,"Nunchaku":19,"Strawberry":7,"Tiny Chest":0,"MealTicket":22,"Chemical X":13,"Cracked Core":0,"InkBottle":17,"Pear":13,"Eternal Feather":21,"Pen Nib":5,"Frozen Egg 2":13,"War Paint":26,"Question Card":21,"Cables":2,"Mercury Hourglass":18,"Calling Bell":18,"Anchor":21,"Shuriken":24,"Snecko Eye":9,"Pocketwatch":4},{"Ice Cream":92,"Lantern":54,"Bag of Preparation":27,"Smiling Mask":16,"Old Coin":105,"ClockworkSouvenir":112,"Dream Catcher":92,"Nunchaku":97,"Strawberry":27,"Tiny Chest":0,"MealTicket":118,"Chemical X":54,"Cracked Core":0,"InkBottle":84,"Pear":54,"Eternal Feather":112,"Pen Nib":20,"Frozen Egg 2":54,"War Paint":147,"Question Card":112,"Cables":6,"Mercury Hourglass":92,"Calling Bell":92,"Anchor":112,"Shuriken":130,"Snecko Eye":39,"Pocketwatch":16}],"InkBottle":[39],"Pocketwatch":[93]},"card_choices":[{"not_picked":["Conserve Battery","FTL"],"picked":"BootSequence","floor":1},{"not_picked":["Blizzard","Reprogram"],"picked":"Go for the Eyes","floor":3},{"not_picked":["Streamline","Force Field"],"picked":"Glacier","floor":5},{"not_picked":["Hello World","Leap"],"picked":"Undo","floor":7},{"not_picked":["Cold Snap","Hologram"],"picked":"Compile Driver","floor":10},{"not_picked":["Compile Driver","Leap"],"picked":"Doom and Gloom","floor":11},{"not_picked":["Sweeping Beam","Streamline"],"picked":"Coolheaded","floor":12},{"not_picked":["Static Discharge","Stack"],"picked":"Hologram","floor":14},{"not_picked":["Fission","Machine Learning"],"picked":"Echo Form","floor":16},{"not_picked":["Conserve Battery","Darkness"],"picked":"Reinforced Body","floor":18},{"not_picked":["Redo","Beam Cell","Heatsinks"],"picked":"SKIP","floor":19},{"not_picked":["Sweeping Beam","Cold Snap","Heatsinks"],"picked":"SKIP","floor":21},{"not_picked":["Barrage","Cold Snap"],"picked":"Fusion","floor":24},{"not_picked":["Go for the Eyes","Stack"],"picked":"Double Energy","floor":28},{"not_picked":["Steam","Beam Cell"],"picked":"Compile Driver+1","floor":29},{"not_picked":["Gash","Coolheaded"],"picked":"Loop+1","floor":30},{"not_picked":["Coolheaded","Turbo","Steam"],"picked":"SKIP","floor":31},{"not_picked":["Multi-Cast","Reboot"],"picked":"Echo Form+1","floor":33},{"not_picked":["Ball Lightning","Beam Cell","Compile Driver"],"picked":"SKIP","floor":35},{"not_picked":["Redo","Melter"],"picked":"Doom and Gloom+1","floor":38},{"not_picked":["Rebound","Beam Cell"],"picked":"Defragment+1","floor":40},{"not_picked":["Doom and Gloom","Beam Cell+1","Heatsinks+1"],"picked":"Buffer+1","floor":46},{"not_picked":["Steam+1","Redo","FTL","Recycle"],"picked":"SKIP","floor":47},{"not_picked":["Gash","Conserve Battery","Machine Learning+1","Storm+1"],"picked":"SKIP","floor":48},{"not_picked":["Chill","Gash+1","Leap"],"picked":"Echo Form+1","floor":54}],"player_experience":2738702,"relics_obtained":[{"floor":4,"key":"Cables"},{"floor":7,"key":"Pocketwatch"},{"floor":9,"key":"Smiling Mask"},{"floor":10,"key":"Pen Nib"},{"floor":12,"key":"Bag of Preparation"},{"floor":13,"key":"Strawberry"},{"floor":24,"key":"Pear"},{"floor":26,"key":"Lantern"},{"floor":31,"key":"InkBottle"},{"floor":34,"key":"Dream Catcher"},{"floor":34,"key":"Mercury Hourglass"},{"floor":34,"key":"Ice Cream"},{"floor":37,"key":"Nunchaku"},{"floor":38,"key":"Old Coin"},{"floor":40,"key":"Anchor"},{"floor":44,"key":"Question Card"},{"floor":46,"key":"MealTicket"},{"floor":48,"key":"Shuriken"},{"floor":54,"key":"War Paint"}],"event_choices":[{"cards_removed":["Defend_B"],"damage_healed":0,"gold_gain":0,"player_choice":"Card Removal","damage_taken":0,"max_hp_gain":0,"max_hp_loss":0,"event_name":"The Cleric","floor":2,"gold_loss":75},{"damage_healed":0,"gold_gain":0,"player_choice":"Read","damage_taken":0,"max_hp_gain":0,"max_hp_loss":0,"event_name":"The Library","floor":20,"gold_loss":0,"cards_obtained":["Fusion"]},{"damage_healed":0,"gold_gain":50,"player_choice":"Stole From Cult","damage_taken":0,"max_hp_gain":0,"max_hp_loss":0,"event_name":"Nest","floor":22,"gold_loss":0},{"damage_healed":0,"gold_gain":0,"player_choice":"Max HP","damage_taken":0,"max_hp_gain":0,"max_hp_loss":4,"event_name":"Winding Halls","floor":36,"gold_loss":0},{"damage_healed":0,"gold_gain":0,"player_choice":"Fight","damage_taken":0,"max_hp_gain":0,"max_hp_loss":0,"event_name":"MindBloom","floor":38,"gold_loss":0},{"damage_healed":0,"gold_gain":0,"player_choice":"Ignored","damage_taken":0,"max_hp_gain":0,"max_hp_loss":0,"event_name":"Tomb of Lord Red Mask","floor":39,"gold_loss":0}],"is_beta":false,"boss_relics":[{"not_picked":["Inserter","Fusion Hammer"],"picked":"Snecko Eye"},{"not_picked":["SlaversCollar","Runic Dome"],"picked":"Calling Bell"}],"items_purged_floors":[42],"is_endless":false,"potions_floor_spawned":[3,5,7,10,11,16,19,28,31,33,35,48,54],"killed_by":"The Heart","ascension_level":19}}