{"host":"28bpuzdckreop5i0","time":1613434559,"event":{"mods":["BaseMod","Downfall","Minty Spire (QoL Compilation)","Relic Stats","Shop Mod","StSLib"],"gold_per_floor":[99,99,99,99,115,115,115,141,141,167,184,214,214,232,246,344,344,344,361,377,377,10,10,90,105,40,55,82,98,113,113,130,235,235,235,253,273,381,381,381,406,129,129,129,140,165,165,177,196,196],"floor_reached":51,"language":"ENG","playtime":3484,"items_purged":["bronze:Strike","bronze:Strike"],"score":832,"play_id":"720df1df-d275-44ab-aae1-a55dc22dff88","local_time":"20210215181559","is_ascension_mode":true,"campfire_choices":[{"data":"bronze:Goto","floor":1.0,"key":"SMITH"},{"data":"bronze:BugBarrage","floor":9.0,"key":"SMITH"},{"data":"bronze:BurnOut","floor":13.0,"key":"SMITH"},{"data":"bronze:Hardcode","floor":18.0,"key":"SMITH"},{"data":"bronze:BugBarrage","floor":35.0,"key":"SMITH"},{"floor":40,"key":"REST"},{"data":"bronze:MaxOutput","floor":43,"key":"SMITH"},{"data":"bronze:MaxOutput","floor":47,"key":"SMITH"}],"circlet_count":0,"master_deck":["bronze:Strike","bronze:Defend+1","bronze:Defend","bronze:Defend","bronze:Replicate","bronze:BronzeOrb","bronze:BugBarrage+1","bronze:WildBeam","bronze:BurnOut+1","bronze:Repair","bronze:Refactor+1","bronze:BitShift","bronze:Return","CurseOfTheBell","bronze:FunctionCard","bronze:MaxOutput+1","bronze:ItsAFeature","bronze:Shield","bronze:MaxOutput","bronze:BugBarrage+1","bronze:OilSpill","bronze:Shield","bronze:MaxOutput+1","bronze:Verify","bronze:WildBeam","bronze:Virus","bronze:BugBarrage+1","bronze:BugBarrage+1","bronze:AlphaBuild","bronze:BronzeOrb","bronze:BuggyMess+1"],"relics":["bronze:BronzeCore","downfall:HeartsMalice","Pear","Vajra","Pantograph","Nunchaku","Calling Bell","Bag of Preparation","Shuriken","Incense Burner","White Beast Statue","InkBottle","Red Mask","expansioncontent:StudyCardRelic","DollysMirror","Smiling Mask","champ:Barbells","champ:DuelingGlove"],"acts_visited":["Exordium","TheCity","TheBeyond"],"potions_floor_usage":[49],"damage_taken":[{"damage":0.0,"enemies":"Jaw Worm","floor":2.0,"turns":1.0},{"damage":0.0,"enemies":"Cultist","floor":3.0,"turns":1.0},{"damage":0.0,"enemies":"2 Louse","floor":4.0,"turns":1.0},{"damage":3.0,"enemies":"2 Fungi Beasts","floor":5.0,"turns":3.0},{"damage":17.0,"enemies":"Lagavulin","floor":8.0,"turns":6.0},{"damage":9.0,"enemies":"3 Sentries","floor":10.0,"turns":5.0},{"damage":0.0,"enemies":"Exordium Thugs","floor":11.0,"turns":3.0},{"damage":0.0,"enemies":"Gremlin Nob","floor":12.0,"turns":3.0},{"damage":0.0,"enemies":"Gremlin Gang","floor":14.0,"turns":3.0},{"damage":0.0,"enemies":"3 Louse","floor":15.0,"turns":2.0},{"damage":53.0,"enemies":"WA_ARCHETYPE_RETAIN","floor":16.0,"turns":7.0},{"damage":10.0,"enemies":"Spheric Guardian","floor":19.0,"turns":3.0},{"damage":34.0,"enemies":"3 Byrds","floor":20.0,"turns":7.0},{"damage":0.0,"enemies":"downfall:FleeingMerchant","floor":22.0,"turns":4.0},{"damage":4.0,"enemies":"Centurion and Healer","floor":25.0,"turns":5.0},{"damage":0.0,"enemies":"downfall:FleeingMerchant","floor":26.0,"turns":4.0},{"damage":16.0,"enemies":"Snake Plant","floor":27.0,"turns":3.0},{"damage":19.0,"enemies":"Masked Bandits","floor":28.0,"turns":6.0},{"damage":7.0,"enemies":"Sentry and Sphere","floor":29.0,"turns":6.0},{"damage":0.0,"enemies":"Chosen and Byrds","floor":30.0,"turns":4.0},{"damage":10.0,"enemies":"Shelled Parasite and Fungi","floor":32.0,"turns":4.0},{"damage":24.0,"enemies":"IC_MUSHROOM_ARCHETYPE","floor":33.0,"turns":7.0},{"damage":33.0,"enemies":"3 Shapes","floor":36.0,"turns":4.0},{"damage":17,"enemies":"3 Darklings","floor":37,"turns":5},{"damage":0,"enemies":"downfall:FleeingMerchant","floor":38,"turns":1},{"damage":10,"enemies":"Maw","floor":45,"turns":7},{"damage":0,"enemies":"Reptomancer","floor":46,"turns":3},{"damage":1,"enemies":"Sphere and 2 Shapes","floor":48,"turns":5},{"damage":2,"enemies":"Transient","floor":49,"turns":5},{"damage":21,"enemies":"DF_ARCHETYPE_ORBS","floor":50,"turns":3}],"seed_played":"-358627650068200656","potions_obtained":[{"floor":8.0,"key":"Block Potion"},{"floor":11.0,"key":"LiquidMemories"},{"floor":12.0,"key":"hexamod:SoulburnPotion"},{"floor":14.0,"key":"Dexterity Potion"},{"floor":19.0,"key":"champ:CounterPotion"},{"floor":20.0,"key":"SpeedPotion"},{"floor":26.0,"key":"Swift Potion"},{"floor":27.0,"key":"CultistPotion"},{"floor":28.0,"key":"ColorlessPotion"},{"floor":29.0,"key":"Strength Potion"},{"floor":32.0,"key":"CultistPotion"},{"floor":33.0,"key":"AttackPotion"},{"floor":49,"key":"BlessingOfTheForge"}],"is_trial":false,"path_per_floor":["R","M","M","M","M","?","T","E","R","E","M","E","R","M","M","B",null,"R","M","M","?","$","?","T","M","$","M","?","M","M","?","M","B",null,"R","M","M","$","?","R","T","$","R","?","M","E","R","M","M","B",null],"character_chosen":"THE_AUTOMATON","items_purchased":["bronze:Shield","bronze:MaxOutput","White Beast Statue","bronze:OilSpill","DollysMirror","champ:Barbells","bronze:BronzeOrb"],"campfire_rested":1,"item_purchase_floors":[22,22,22,26,38,42,42],"current_hp_per_floor":[70,70,70,70,67,72,82,65,65,56,56,63,63,70,70,32,85,85,75,48,48,55,55,55,51,51,42,30,30,37,37,27,28,85,85,53,43,43,43,68,68,68,68,68,58,65,65,71,76,64],"gold":196,"neow_bonus":"THREE_ENEMY_KILL","is_daily":false,"chose_seed":false,"campfire_upgraded":7,"win_rate":0.0,"timestamp":1613434559,"path_taken":["R","M","M","M","M","?","T","E","R","E","M","E","R","M","M","BOSS","R","M","M","?","$","?","T","?","?","M","?","M","M","?","M","BOSS","R","M","M","$","?","R","T","$","R","?","M","E","R","M","M","BOSS"],"items_purchased_type":["Card","Card","Relic","Card","Relic","Relic","Card"],"build_version":"2020-12-22","purchased_purges":2,"victory":true,"max_hp_per_floor":[70,70,70,70,70,75,85,85,85,85,85,85,85,85,85,85,85,85,85,85,85,85,85,85,85,85,85,85,85,85,85,85,85,85,85,85,85,85,85,85,85,85,85,85,85,85,85,85,85,85],"relic_stats":{"Nunchaku":[24],"counters":[30,118],"Shuriken":[41],"Pantograph":49,"Bag of Preparation":[38],"Smiling Mask":50,"obtain_stats":[{"champ:Barbells":42,"champ:DuelingGlove":46,"bronze:BronzeCore":0,"Pear":7,"Vajra":8,"downfall:HeartsMalice":0,"Bag of Preparation":17,"Incense Burner":17,"expansioncontent:StudyCardRelic":34,"Smiling Mask":41,"White Beast Statue":22,"Calling Bell":17,"Nunchaku":12,"Shuriken":17,"DollysMirror":38,"Pantograph":10,"Red Mask":28,"InkBottle":24},{"champ:Barbells":25,"champ:DuelingGlove":27,"bronze:BronzeCore":0,"Pear":4,"Vajra":5,"downfall:HeartsMalice":0,"Bag of Preparation":11,"Incense Burner":11,"expansioncontent:StudyCardRelic":22,"Smiling Mask":25,"White Beast Statue":14,"Calling Bell":11,"Nunchaku":8,"Shuriken":11,"DollysMirror":25,"Pantograph":6,"Red Mask":18,"InkBottle":14},{"champ:Barbells":95,"champ:DuelingGlove":105,"bronze:BronzeCore":0,"Pear":3,"Vajra":9,"downfall:HeartsMalice":0,"Bag of Preparation":32,"Incense Burner":32,"expansioncontent:StudyCardRelic":85,"Smiling Mask":95,"White Beast Statue":46,"Calling Bell":32,"Nunchaku":20,"Shuriken":32,"DollysMirror":95,"Pantograph":14,"Red Mask":64,"InkBottle":46}],"InkBottle":[30]},"card_choices":[{"not_picked":["bronze:Frontload","bronze:Optimize"],"picked":"bronze:Separator","floor":2.0},{"not_picked":["bronze:Iterate","bronze:CutThrough"],"picked":"bronze:Constructor","floor":3.0},{"not_picked":["bronze:CutThrough","bronze:ForceShield"],"picked":"bronze:BronzeOrb","floor":4.0},{"not_picked":["bronze:FineTuning","bronze:BuggyMess"],"picked":"bronze:BugBarrage","floor":5.0},{"not_picked":["bronze:ItsAFeature","bronze:ForceShield"],"picked":"bronze:WildBeam","floor":8.0},{"not_picked":["bronze:Flail","bronze:RecursiveStrike"],"picked":"bronze:BurnOut","floor":10.0},{"not_picked":["bronze:CutThrough","bronze:FineTuning"],"picked":"bronze:Repair","floor":11.0},{"not_picked":["bronze:Shell","bronze:Invalidate"],"picked":"bronze:Refactor","floor":12.0},{"not_picked":["bronze:Deprecate","bronze:Turbo"],"picked":"bronze:BitShift","floor":14.0},{"not_picked":["bronze:Branch","bronze:Turbo"],"picked":"bronze:Return","floor":15.0},{"not_picked":["bronze:HyperBeam","bronze:CleanCode"],"picked":"bronze:Hardcode","floor":16.0},{"not_picked":["bronze:FineTuning","bronze:FollowUp","bronze:Iterate"],"picked":"SKIP","floor":19.0},{"not_picked":["bronze:DelayedGuard","bronze:BitShift+1"],"picked":"bronze:MaxOutput","floor":20.0},{"not_picked":["bronze:DelayedGuard","bronze:Turbo+1"],"picked":"bronze:ItsAFeature","floor":22.0},{"not_picked":["bronze:Repair","bronze:Constructor"],"picked":"bronze:BugBarrage","floor":25.0},{"not_picked":["bronze:Flail","bronze:Overheat+1","bronze:ClassDefault"],"picked":"SKIP","floor":26.0},{"not_picked":["bronze:FineTuning","bronze:ChosenStrike","bronze:DelayedSlice+1"],"picked":"SKIP","floor":27.0},{"not_picked":["bronze:WildBeam","bronze:Deprecate"],"picked":"bronze:Shield","floor":28.0},{"not_picked":["bronze:Branch","bronze:CloningBeam"],"picked":"bronze:MaxOutput","floor":29.0},{"not_picked":["bronze:Assembly","bronze:ClassDefault","bronze:Frontload"],"picked":"SKIP","floor":30.0},{"not_picked":["bronze:ChosenStrike","bronze:Frontload","bronze:BitShift"],"picked":"SKIP","floor":32.0},{"not_picked":["bronze:InfiniteLoop","bronze:RecursiveStrike"],"picked":"bronze:Verify","floor":33.0},{"not_picked":["bronze:FollowUp+1","bronze:Frontload"],"picked":"bronze:WildBeam","floor":36.0},{"not_picked":["bronze:DelayedGuard","bronze:Repulsor+1"],"picked":"bronze:Virus","floor":37},{"not_picked":["bronze:BronzeArmor","bronze:BuggyMess"],"picked":"bronze:BugBarrage+1","floor":38},{"not_picked":["bronze:Branch","bronze:DelayedGuard"],"picked":"bronze:BuggyMess+1","floor":45},{"not_picked":["bronze:FineTuning+1","bronze:Overheat","bronze:BitShift+1"],"picked":"SKIP","floor":46},{"not_picked":["bronze:CutThrough","bronze:InfiniteLoop","bronze:Iterate+1"],"picked":"SKIP","floor":48},{"not_picked":["bronze:OilSpill+1","bronze:Repair+1","bronze:Branch+1"],"picked":"SKIP","floor":49}],"player_experience":985510,"relics_obtained":[{"floor":7.0,"key":"Pear"},{"floor":8.0,"key":"Vajra"},{"floor":10.0,"key":"Pantograph"},{"floor":12.0,"key":"Nunchaku"},{"floor":17.0,"key":"Bag of Preparation"},{"floor":17.0,"key":"Shuriken"},{"floor":17.0,"key":"Incense Burner"},{"floor":24.0,"key":"InkBottle"},{"floor":28.0,"key":"Red Mask"},{"floor":41,"key":"Smiling Mask"},{"floor":46,"key":"champ:DuelingGlove"}],"event_choices":[{"damage_healed":0.0,"max_hp_gain":5.0,"max_hp_loss":0.0,"gold_gain":0.0,"event_name":"Big Fish","player_choice":"Donut","floor":6.0,"gold_loss":0.0,"damage_taken":0.0},{"damage_healed":0.0,"max_hp_gain":0.0,"max_hp_loss":0.0,"gold_gain":0.0,"event_name":"Masked Bandits","player_choice":"Fought Bandits","floor":28.0,"gold_loss":0.0,"damage_taken":0.0},{"damage_healed":0.0,"max_hp_gain":0.0,"max_hp_loss":0.0,"gold_gain":0.0,"event_name":"Ghosts","player_choice":"Ignored","floor":31.0,"gold_loss":0.0,"damage_taken":0.0},{"cards_removed":["bronze:Defend"],"damage_healed":0,"gold_gain":0,"player_choice":"Removed Skill","damage_taken":0,"max_hp_gain":0,"max_hp_loss":0,"event_name":"Falling","floor":44,"gold_loss":0}],"is_beta":false,"boss_relics":[{"not_picked":["Velvet Choker","Runic Pyramid"],"picked":"Calling Bell"},{"not_picked":["Black Star","Coffee Dripper"],"picked":"expansioncontent:StudyCardRelic"}],"items_purged_floors":[38,42],"is_endless":false,"potions_floor_spawned":[8,11,12,14,15,19,20,25,26,27,28,29,30,32,33,36,37,38,45,46,48,49],"ascension_level":1}}