{"host":"vm8b3ptwl81uq21f","time":1613496699,"event":{"mods":["Act Like it!","Aspiration","BaseMod","BetterRewards","Colored Map","Colored Powertips","Conspire","Gensokyo","GifTheSpireLib","Googly Eyes","GungeonMod","Halation","Hubris","Infinite Spire","Minty Spire (QoL Compilation)","Quick Restart","Rare Cards Sparkle","Reliquary","Replay The Spire","Shop Mod","Spicy Shops","Spire Arcade","StSLib","Stuff the Spire","The IronCluck","The Jungle","[IsaacMod]????"],"gold_per_floor":[112,112,132,143,159,159,159,159],"floor_reached":7,"language":"ENG","playtime":292,"items_purged":[],"score":58,"play_id":"04c0e2e2-d2b0-4eb6-abb4-5b27f7bd11bc","local_time":"20210216123139","is_ascension_mode":true,"campfire_choices":[{"data":"Zap","floor":6,"key":"SMITH"}],"circlet_count":0,"master_deck":["Strike_B","Strike_B","Strike_B","Strike_B","Defend_B","Defend_B","Defend_B","Defend_B","Zap+1","ReplayGash","Secret Weapon","Dark Shackles","Swift Strike","Steam","Bash","Reinforced Body","Anger"],"relics":["HushsDoor","BloodDonationMachine","reliquary:Stiletto","infinitespire:Broken Mirror","MerchantsRug","ReplayTheSpireMod:ShopPack","Chemical X","Iron Core"],"acts_visited":["Exordium"],"potions_floor_usage":[5,7],"damage_taken":[{"damage":2,"enemies":"Small Slimes","floor":1,"turns":3},{"damage":6,"enemies":"Jaw Worm","floor":3,"turns":2},{"damage":0,"enemies":"Cultist","floor":4,"turns":2},{"damage":22,"enemies":"Large Slime","floor":5,"turns":5},{"damage":0,"enemies":"Gremlin Nob","floor":7,"turns":2}],"seed_played":"-6276091329298617628","potions_obtained":[{"floor":3,"key":"SteroidPotion"},{"floor":4,"key":"Explosive Potion"}],"is_trial":false,"path_per_floor":["M","?","M","M","M","R","E"],"character_chosen":"DEFECT","items_purchased":["reliquary:Stiletto","infinitespire:Broken Mirror","MerchantsRug","ReplayGash","ReplayTheSpireMod:ShopPack","Chemical X"],"campfire_rested":0,"item_purchase_floors":[0,0,0,0,0,0],"current_hp_per_floor":[31,31,25,25,3,3,3,3],"gold":159,"neow_bonus":"","is_daily":false,"chose_seed":false,"campfire_upgraded":1,"win_rate":0.0,"timestamp":1613496699,"path_taken":["M","?","?","M","M","R","E"],"items_purchased_type":["Relic","Relic","Relic","Card","Relic","Relic"],"build_version":"2020-12-22","purchased_purges":0,"victory":false,"max_hp_per_floor":[75,75,75,75,75,75,75,75],"card_choices":[{"not_picked":["The Bomb","ChaosCard"],"picked":"Secret Weapon","floor":0},{"not_picked":["ChaosCard","ReplayTheSpireMod:Uncanny Aura"],"picked":"Dark Shackles","floor":0},{"not_picked":["hubris:Ssssneak","DemoMod:Spice"],"picked":"Swift Strike","floor":0},{"not_picked":["hubris:Ukulele","Distribution"],"picked":"Steam","floor":1},{"not_picked":["Iron Wave","StuffTheSpire:Plugnplay"],"picked":"Reinforced Body","floor":3},{"not_picked":["StuffTheSpire:LaunchingStrike","Barrage","Steam"],"picked":"SKIP","floor":4},{"not_picked":["FIFO Queue","Fan"],"picked":"Anger","floor":5}],"player_experience":420850,"relics_obtained":[],"event_choices":[],"is_beta":false,"boss_relics":[],"items_purged_floors":[],"is_endless":false,"potions_floor_spawned":[3,4],"killed_by":"Gremlin Nob","ascension_level":7}}