{"host":"v86vpwf004p2esb7","time":1613454290,"event":{"mods":["AchievementEnabler","BaseMod","BetterRewards","Colored Powertips","Minty Spire (QoL Compilation)","Quick Restart","StSLib","Transform Curses"],"gold_per_floor":[109,109,123,83,83,109,109,139,139,150,161,13,13,38,38,38,38],"floor_reached":16,"language":"ENG","playtime":563,"items_purged":[],"score":286,"play_id":"bb528a80-6efb-4d63-a736-6fd7f91009ad","local_time":"20210215214450","is_ascension_mode":true,"campfire_choices":[{"floor":7,"key":"REST"},{"floor":15,"key":"REST"}],"circlet_count":0,"master_deck":["Strike_G","Strike_G","Strike_G+1","Strike_G","Strike_G","Defend_G+1","Defend_G","Defend_G","Defend_G","Defend_G","Survivor","Neutralize","Blade Dance","Accuracy+1","Dodge and Roll","PiercingWail","Poisoned Stab","Dagger Spray","Storm of Steel","Bane","Injury","Blade Dance"],"relics":["Ring of the Snake","Calipers","Girya","Lantern","Question Card","Thread and Needle","Pear","Blood Vial","Golden Idol"],"acts_visited":["Exordium"],"potions_floor_usage":[16],"damage_taken":[{"damage":14,"enemies":"2 Louse","floor":1,"turns":2},{"damage":0,"enemies":"Jaw Worm","floor":3,"turns":4},{"damage":4,"enemies":"Lagavulin","floor":6,"turns":9},{"damage":18,"enemies":"Gremlin Nob","floor":8,"turns":4},{"damage":0,"enemies":"Cultist","floor":10,"turns":3},{"damage":0,"enemies":"Red Slaver","floor":11,"turns":1},{"damage":4,"enemies":"3 Louse","floor":14,"turns":3}],"seed_played":"-7702294872421392208","potions_obtained":[{"floor":6,"key":"Energy Potion"},{"floor":8,"key":"SpeedPotion"},{"floor":10,"key":"CultistPotion"}],"is_trial":false,"path_per_floor":["M","?","M","?","?","E","R","E","T","M","M","$","?","M","R","B"],"character_chosen":"THE_SILENT","items_purchased":["Calipers","Blade Dance","Accuracy","Girya","Lantern","Blood Vial"],"campfire_rested":2,"item_purchase_floors":[0,0,0,0,0,12],"current_hp_per_floor":[25,11,11,11,11,7,28,10,20,20,20,20,20,18,42,0,0],"gold":38,"neow_bonus":"","is_daily":false,"chose_seed":false,"campfire_upgraded":0,"win_rate":0.0,"timestamp":1613454290,"path_taken":["M","?","M","?","?","E","R","E","T","?","M","?","?","M","R","BOSS"],"items_purchased_type":["Relic","Card","Card","Relic","Relic","Relic"],"build_version":"2020-12-22","purchased_purges":0,"victory":false,"max_hp_per_floor":[70,70,70,70,70,70,70,70,80,80,80,80,80,80,80,80,80],"card_choices":[{"not_picked":["Deadly Poison","Dash"],"picked":"Dodge and Roll","floor":1},{"not_picked":["Dagger Throw","Backflip"],"picked":"PiercingWail","floor":3},{"not_picked":["Masterful Stab","Terror"],"picked":"Poisoned Stab","floor":6},{"not_picked":["Flying Knee","Quick Slash","Leg Sweep"],"picked":"Dagger Spray","floor":8},{"not_picked":["Eviscerate","Sucker Punch","Poisoned Stab"],"picked":"Storm of Steel","floor":10},{"not_picked":["Prepared","Reflex","Outmaneuver"],"picked":"Bane","floor":11},{"not_picked":["Caltrops","Bouncing Flask","Distraction"],"picked":"Blade Dance","floor":14}],"player_experience":269313,"relics_obtained":[{"floor":6,"key":"Question Card"},{"floor":8,"key":"Thread and Needle"},{"floor":9,"key":"Pear"}],"event_choices":[{"damage_healed":0,"gold_gain":0,"player_choice":"Entered Light","damage_taken":14,"max_hp_gain":0,"max_hp_loss":0,"event_name":"Shining Light","floor":2,"gold_loss":0,"cards_upgraded":["Strike_G","Defend_G"]},{"damage_healed":0,"gold_gain":0,"player_choice":"Left Gold","damage_taken":0,"max_hp_gain":0,"max_hp_loss":0,"event_name":"World of Goop","floor":4,"gold_loss":40},{"damage_healed":0,"gold_gain":0,"player_choice":"Upgraded","damage_taken":0,"max_hp_gain":0,"max_hp_loss":0,"event_name":"Upgrade Shrine","floor":5,"gold_loss":0,"cards_upgraded":["Accuracy"]},{"damage_healed":0,"gold_gain":0,"player_choice":"Take Wound","damage_taken":0,"relics_obtained":["Golden Idol"],"max_hp_gain":0,"max_hp_loss":0,"event_name":"Golden Idol","floor":13,"gold_loss":0,"cards_obtained":["Injury"]}],"is_beta":false,"boss_relics":[],"items_purged_floors":[],"is_endless":false,"potions_floor_spawned":[6,8,10],"killed_by":"The Guardian","ascension_level":2}}