{"host":"or8fr2mp0k3eluj8","time":1613484204,"event":{"mods":["AchievementEnabler","BaseMod","Colored Map","DeckTracker","Minty Spire (QoL Compilation)","StSLib","SuperFastMode"],"gold_per_floor":[14,34,52,71,89,89,117,117,143,168,191,206,50,70,70,70,70],"floor_reached":16,"language":"KOR","playtime":757,"items_purged":[],"score":131,"play_id":"689f9b81-0c9e-4eb6-ae1e-3c407f96f0b8","local_time":"20210216230324","is_ascension_mode":true,"campfire_choices":[{"data":"Twin Strike","floor":6,"key":"SMITH"},{"data":"Clothesline","floor":8,"key":"SMITH"},{"floor":15,"key":"REST"}],"circlet_count":0,"master_deck":["Strike_R","Strike_R","Strike_R","Strike_R","Strike_R","Defend_R","Defend_R","Defend_R","Defend_R","Bash","Twin Strike+1","Wild Strike","Pommel Strike","Clothesline+1","Pommel Strike","Evolve","Armaments","Cleave","Ghostly Armor","Burning Pact"],"relics":["Burning Blood","Magic Flower","White Beast Statue","Art of War","Oddly Smooth Stone","Odd Mushroom","HandDrill"],"acts_visited":["Exordium"],"potions_floor_usage":[10,10,14],"damage_taken":[{"damage":9,"enemies":"2 Louse","floor":1,"turns":3},{"damage":0,"enemies":"Small Slimes","floor":2,"turns":2},{"damage":1,"enemies":"Cultist","floor":3,"turns":3},{"damage":11,"enemies":"2 Fungi Beasts","floor":4,"turns":4},{"damage":20,"enemies":"Looter","floor":5,"turns":4},{"damage":8,"enemies":"Gremlin Nob","floor":7,"turns":3},{"damage":38,"enemies":"3 Sentries","floor":10,"turns":6},{"damage":35,"enemies":"The Mushroom Lair","floor":11,"turns":5},{"damage":3,"enemies":"Red Slaver","floor":12,"turns":3},{"damage":17,"enemies":"Large Slime","floor":14,"turns":7},{"damage":42,"enemies":"Hexaghost","floor":16,"turns":14}],"seed_played":"-4085691560529827769","potions_obtained":[{"floor":4,"key":"FearPotion"},{"floor":5,"key":"LiquidBronze"},{"floor":7,"key":"Block Potion"},{"floor":10,"key":"Strength Potion"},{"floor":11,"key":"HeartOfIron"},{"floor":14,"key":"SpeedPotion"}],"is_trial":false,"path_per_floor":["M","M","M","M","M","R","E","R","T","E","?","M","$","M","R","B"],"character_chosen":"IRONCLAD","items_purchased":["HandDrill"],"campfire_rested":1,"item_purchase_floors":[13],"current_hp_per_floor":[80,80,80,78,67,67,68,68,68,39,13,19,19,11,35,0,0],"gold":70,"neow_bonus":"ONE_RARE_RELIC","is_daily":false,"chose_seed":false,"campfire_upgraded":2,"win_rate":0.0,"timestamp":1613484204,"path_taken":["M","M","M","M","M","R","E","R","T","E","?","M","$","M","R","BOSS"],"items_purchased_type":["Relic"],"build_version":"2020-12-22","purchased_purges":0,"victory":false,"max_hp_per_floor":[80,80,80,80,80,80,80,80,80,80,80,80,80,80,80,80,80],"card_choices":[{"not_picked":["Clash","Shockwave"],"picked":"Twin Strike","floor":1},{"not_picked":["Burning Pact","Ghostly Armor"],"picked":"Wild Strike","floor":2},{"not_picked":["Flex","Sword Boomerang"],"picked":"Pommel Strike","floor":3},{"not_picked":["Flex","Iron Wave"],"picked":"Clothesline","floor":4},{"not_picked":["Sword Boomerang","Armaments"],"picked":"Pommel Strike","floor":5},{"not_picked":["Anger","Infernal Blade"],"picked":"Evolve","floor":7},{"not_picked":["Wild Strike","Dropkick"],"picked":"Armaments","floor":10},{"not_picked":["Sword Boomerang","True Grit"],"picked":"Cleave","floor":11},{"not_picked":["Thunderclap","Rage"],"picked":"Ghostly Armor","floor":12},{"not_picked":["Sword Boomerang","Body Slam"],"picked":"Burning Pact","floor":14}],"player_experience":382792,"relics_obtained":[{"floor":7,"key":"White Beast Statue"},{"floor":9,"key":"Art of War"},{"floor":10,"key":"Oddly Smooth Stone"},{"floor":11,"key":"Odd Mushroom"}],"event_choices":[{"damage_healed":0,"gold_gain":0,"player_choice":"Fought Mushrooms","damage_taken":0,"max_hp_gain":0,"max_hp_loss":0,"event_name":"Mushrooms","floor":11,"gold_loss":0}],"is_beta":false,"boss_relics":[],"items_purged_floors":[],"is_endless":false,"potions_floor_spawned":[4,5,7,10,11,12,14],"killed_by":"Hexaghost","ascension_level":3}}