{"host":"nsc6ozq3atyrdr3m","time":1613503942,"event":{"mods":["BaseMod","Colored Map","Minty Spire (QoL Compilation)"],"gold_per_floor":[111,18,18,29,45,45,60,88,133,152,166,166,166,176,176,271,271,284,299,310,166,166,166],"floor_reached":22,"language":"FRA","playtime":2072,"items_purged":[],"score":238,"play_id":"74b83146-88d5-4e33-a466-110d0bf83030","local_time":"20210216203222","is_ascension_mode":true,"campfire_choices":[{"data":"Static Discharge","floor":6,"key":"SMITH"},{"floor":12,"key":"REST"},{"floor":15,"key":"REST"}],"circlet_count":0,"master_deck":["Strike_B","Strike_B","Strike_B","Strike_B","Defend_B","Defend_B","Defend_B","Defend_B","Zap","Dualcast","Static Discharge+1","Static Discharge+1","Gash","Conserve Battery","Glacier","Double Energy","BootSequence","Echo Form","Hologram","Amplify","Leap","FTL","Hello World"],"relics":["Nuclear Battery","Cables","Pen Nib","Nunchaku","Busted Crown","Anchor"],"acts_visited":["Exordium","TheCity"],"potions_floor_usage":[16,16,22],"damage_taken":[{"damage":16,"enemies":"Small Slimes","floor":1,"turns":4},{"damage":6,"enemies":"Jaw Worm","floor":4,"turns":4},{"damage":6,"enemies":"2 Louse","floor":5,"turns":2},{"damage":6,"enemies":"2 Fungi Beasts","floor":7,"turns":3},{"damage":6,"enemies":"Lagavulin","floor":8,"turns":8},{"damage":13,"enemies":"Gremlin Gang","floor":10,"turns":1},{"damage":1,"enemies":"Blue Slaver","floor":11,"turns":3},{"damage":1,"enemies":"2 Fungi Beasts","floor":14,"turns":5},{"damage":47,"enemies":"The Guardian","floor":16,"turns":10},{"damage":11,"enemies":"Shell Parasite","floor":18,"turns":7},{"damage":1,"enemies":"Chosen","floor":19,"turns":5},{"damage":31,"enemies":"Snake Plant","floor":20,"turns":5},{"damage":20,"enemies":"Masked Bandits","floor":22,"turns":2}],"seed_played":"1389181647516330485","potions_obtained":[{"floor":1,"key":"Explosive Potion"},{"floor":4,"key":"AttackPotion"},{"floor":10,"key":"LiquidMemories"}],"is_trial":false,"path_per_floor":["M","$","?","M","M","R","M","E","T","M","M","R","?","M","R","B",null,"M","M","M","$","?"],"character_chosen":"DEFECT","items_purchased":["Static Discharge","Gash","Anchor"],"campfire_rested":2,"item_purchase_floors":[2,2,21],"current_hp_per_floor":[59,59,59,53,47,47,41,35,35,22,21,43,31,30,52,5,58,47,46,15,15,0,0],"gold":166,"neow_bonus":"BOSS_RELIC","is_daily":false,"chose_seed":false,"campfire_upgraded":1,"win_rate":0.0,"timestamp":1613503942,"path_taken":["M","$","?","M","M","R","M","E","T","M","M","R","?","M","R","BOSS","M","M","M","$","?"],"items_purchased_type":["Card","Card","Relic"],"build_version":"2020-12-22","purchased_purges":0,"victory":false,"max_hp_per_floor":[75,75,75,75,75,75,75,75,75,75,75,75,75,75,75,75,75,75,75,75,75,75,75],"card_choices":[{"not_picked":["Defragment","Fusion"],"picked":"Static Discharge","floor":1},{"not_picked":["Ball Lightning","Reprogram","Rebound"],"picked":"SKIP","floor":4},{"not_picked":["Coolheaded","Darkness"],"picked":"Conserve Battery","floor":5},{"not_picked":["Steam","Coolheaded"],"picked":"Glacier","floor":7},{"not_picked":["Stack","Ball Lightning"],"picked":"Double Energy","floor":8},{"not_picked":["Leap","Redo"],"picked":"BootSequence","floor":10},{"not_picked":["Turbo","Cold Snap"],"picked":"Echo Form","floor":11},{"not_picked":["Sweeping Beam","Beam Cell"],"picked":"Hologram","floor":14},{"not_picked":["Machine Learning","Rainbow"],"picked":"Amplify","floor":16},{"not_picked":[],"picked":"Leap","floor":18},{"not_picked":[],"picked":"FTL","floor":19},{"not_picked":[],"picked":"Hello World","floor":20}],"player_experience":420890,"relics_obtained":[{"floor":8,"key":"Cables"},{"floor":9,"key":"Pen Nib"}],"event_choices":[{"damage_healed":0,"gold_gain":0,"player_choice":"Grow","damage_taken":0,"max_hp_gain":0,"max_hp_loss":0,"event_name":"Living Wall","floor":3,"gold_loss":0,"cards_upgraded":["Static Discharge"]},{"damage_healed":0,"gold_gain":0,"player_choice":"Success","damage_taken":12,"relics_obtained":["Nunchaku"],"max_hp_gain":0,"max_hp_loss":0,"event_name":"Scrap Ooze","floor":13,"gold_loss":0},{"damage_healed":0,"gold_gain":0,"player_choice":"Fought Bandits","damage_taken":0,"max_hp_gain":0,"max_hp_loss":0,"event_name":"Masked Bandits","floor":22,"gold_loss":0}],"is_beta":false,"boss_relics":[{"not_picked":["Empty Cage","Astrolabe"],"picked":"Busted Crown"}],"items_purged_floors":[],"is_endless":false,"potions_floor_spawned":[1,4,10,11],"killed_by":"Masked Bandits","ascension_level":5}}