{"host":"kiehjq3lc4w5t4uc","time":1613503763,"event":{"mods":["AchievementEnabler","BaseMod","BetterRewards","Colored Map","Colored Powertips","DeckTracker","Good Game Mod","Infinite Spire","Keyboard Shortcuts","Minty Spire (QoL Compilation)","Permanent Neow","Quick Restart","Rare Cards Sparkle","Relic Stats","StSLib","SuperFastMode"],"gold_per_floor":[114,126,141,141,91,91,91,125,75,146,146,178,188,206,219,219,219,219],"floor_reached":17,"language":"KOR","playtime":939,"items_purged":["Defend_R","Strike_R","Strike_R","Defend_R"],"score":284,"play_id":"293ac494-4d24-4ce8-b330-ffdf20a36590","local_time":"20210217042923","is_ascension_mode":true,"campfire_choices":[{"data":"Finesse","floor":6,"key":"SMITH"},{"data":"Pummel","floor":7,"key":"SMITH"},{"data":"Pommel Strike","floor":11,"key":"SMITH"},{"data":"Pummel","floor":16,"key":"SMITH"}],"circlet_count":0,"master_deck":["AscendersBane","Strike_R","Strike_R","Strike_R","Defend_R","Defend_R","Bash","Feel No Pain","Finesse+1","Pummel+1","Exhume+1","Flex","Pommel Strike+1","Ghostly Armor","Pummel+1","Iron Wave"],"relics":["Burning Blood","REME:ComplimentaryCards","Strange Spoon","Calipers","Unceasing Top","Smiling Mask","Potion Belt","Pantograph","infinitespire:WardingShard"],"acts_visited":["Exordium"],"potions_floor_usage":[13,17,17],"damage_taken":[{"damage":3,"enemies":"Cultist","floor":1,"turns":4},{"damage":15,"enemies":"2 Louse","floor":2,"turns":3},{"damage":14,"enemies":"Jaw Worm","floor":3,"turns":4},{"damage":14,"enemies":"3 Sentries","floor":8,"turns":11},{"damage":26,"enemies":"Lagavulin","floor":12,"turns":5},{"damage":12,"enemies":"Exordium Thugs","floor":13,"turns":3},{"damage":10,"enemies":"Lots of Slimes","floor":14,"turns":4},{"damage":4,"enemies":"Exordium Wildlife","floor":15,"turns":5},{"damage":52,"enemies":"Slime Boss","floor":17,"turns":12}],"seed_played":"7368369473157386143","potions_obtained":[{"floor":1,"key":"Swift Potion"},{"floor":2,"key":"DuplicationPotion"},{"floor":12,"key":"Weak Potion"},{"floor":15,"key":"Dexterity Potion"}],"is_trial":false,"path_per_floor":["M","M","M","?","$","R","R","E","$","T","R","E","M","M","M","R","B"],"character_chosen":"IRONCLAD","items_purchased":["Strange Spoon","Pummel","Calipers","Feel No Pain","Finesse","Unceasing Top","Exhume"],"campfire_rested":0,"item_purchase_floors":[0,0,0,0,0,0,0],"current_hp_per_floor":[71,62,54,54,54,54,54,46,46,46,46,26,20,16,18,18,0,0],"gold":219,"neow_bonus":"","is_daily":false,"chose_seed":false,"campfire_upgraded":4,"win_rate":0.0,"timestamp":1613503763,"path_taken":["M","M","M","?","$","R","R","E","$","T","R","E","M","M","M","R","BOSS"],"items_purchased_type":["Relic","Card","Relic","Card","Card","Relic","Card"],"build_version":"2020-12-22","purchased_purges":4,"victory":false,"max_hp_per_floor":[75,75,75,75,75,75,75,75,75,75,75,75,75,75,75,75,75,75],"relic_stats":{"Strange Spoon":[13],"counters":[53,199],"Pantograph":25,"Smiling Mask":585,"obtain_stats":[{"Calipers":24,"Singing Bowl":0,"Incense Burner":36,"Bag of Preparation":48,"Smiling Mask":14,"PrismaticShard":0,"Boot":47,"Burning Blood":0,"Blood Vial":28,"Frozen Eye":48,"Dream Catcher":34,"TheAbacus":0,"infinitespire:ShieldingShard":6,"infinitespire:Bottled Soul":9,"Pantograph":10,"Prayer Wheel":0,"infinitespire:Golems Mask":34,"WingedGreaves":47,"Kunai":7,"Toxic Egg 2":44,"Potion Belt":8,"Happy Flower":26,"Golden Idol":3,"Blue Candle":40,"The Courier":31,"War Paint":21,"Medical Kit":36,"Peace Pipe":4,"Calling Bell":34,"SlaversCollar":17,"Strange Spoon":0,"REME:ComplimentaryCards":0,"CaptainsWheel":9,"Busted Crown":34,"infinitespire:WardingShard":12,"Bird Faced Urn":11,"Bronze Scales":14,"infinitespire:Satchel":0,"Molten Egg 2":43,"Pandora\u0027s Box":45,"Black Star":17,"StrikeDummy":34,"Unceasing Top":0,"Meat on the Bone":38},{"Calipers":13,"Singing Bowl":0,"Incense Burner":39,"Bag of Preparation":43,"Smiling Mask":8,"PrismaticShard":21,"Boot":43,"Burning Blood":0,"Blood Vial":34,"Frozen Eye":43,"Dream Catcher":37,"TheAbacus":0,"infinitespire:ShieldingShard":4,"infinitespire:Bottled Soul":25,"Pantograph":48,"Prayer Wheel":21,"infinitespire:Golems Mask":37,"WingedGreaves":43,"Kunai":25,"Toxic Egg 2":43,"Potion Belt":48,"Happy Flower":13,"Golden Idol":23,"Blue Candle":41,"The Courier":16,"War Paint":11,"Medical Kit":18,"Peace Pipe":2,"Calling Bell":37,"SlaversCollar":9,"Strange Spoon":44,"REME:ComplimentaryCards":0,"CaptainsWheel":5,"Busted Crown":17,"infinitespire:WardingShard":49,"Bird Faced Urn":7,"Bronze Scales":26,"infinitespire:Satchel":0,"Molten Egg 2":42,"Pandora\u0027s Box":43,"Black Star":27,"StrikeDummy":37,"Unceasing Top":44,"Meat on the Bone":19},{"Calipers":38,"Singing Bowl":0,"Incense Burner":128,"Bag of Preparation":145,"Smiling Mask":21,"PrismaticShard":60,"Boot":145,"Burning Blood":0,"Blood Vial":107,"Frozen Eye":145,"Dream Catcher":119,"TheAbacus":0,"infinitespire:ShieldingShard":10,"infinitespire:Bottled Soul":70,"Pantograph":170,"Prayer Wheel":60,"infinitespire:Golems Mask":119,"WingedGreaves":145,"Kunai":70,"Toxic Egg 2":145,"Potion Belt":170,"Happy Flower":38,"Golden Idol":64,"Blue Candle":135,"The Courier":45,"War Paint":33,"Medical Kit":49,"Peace Pipe":5,"Calling Bell":119,"SlaversCollar":27,"Strange Spoon":148,"REME:ComplimentaryCards":0,"CaptainsWheel":12,"Busted Crown":47,"infinitespire:WardingShard":175,"Bird Faced Urn":16,"Bronze Scales":73,"infinitespire:Satchel":0,"Molten Egg 2":140,"Pandora\u0027s Box":145,"Black Star":79,"StrikeDummy":119,"Unceasing Top":148,"Meat on the Bone":51}],"Burning Blood":271,"Unceasing Top":[0]},"card_choices":[{"not_picked":["Perfected Strike","Armaments","Body Slam"],"picked":"SKIP","floor":1},{"not_picked":["Warcry","Intimidate","Twin Strike"],"picked":"SKIP","floor":2},{"not_picked":["Sword Boomerang","Feel No Pain"],"picked":"Flex","floor":3},{"not_picked":["Bloodletting","Dual Wield"],"picked":"Pommel Strike","floor":8},{"not_picked":["Spot Weakness","Rupture","Burning Pact"],"picked":"SKIP","floor":12},{"not_picked":["Pommel Strike","Blood for Blood"],"picked":"Ghostly Armor","floor":13},{"not_picked":["Armaments","Perfected Strike"],"picked":"Pummel","floor":14},{"not_picked":["Heavy Blade","Infernal Blade"],"picked":"Iron Wave","floor":15}],"player_experience":192360,"relics_obtained":[{"floor":8,"key":"Potion Belt"},{"floor":10,"key":"Pantograph"},{"floor":12,"key":"infinitespire:WardingShard"}],"event_choices":[{"damage_healed":0,"gold_gain":0,"player_choice":"Forge","damage_taken":0,"max_hp_gain":0,"max_hp_loss":0,"event_name":"Accursed Blacksmith","floor":4,"gold_loss":0,"cards_upgraded":["Exhume"]}],"is_beta":false,"boss_relics":[],"items_purged_floors":[0,0,5,9],"is_endless":false,"potions_floor_spawned":[1,2,12,15],"killed_by":"Slime Boss","ascension_level":14}}