{"host":"95i1gxnztdrdyvhi","time":1613436963,"event":{"mods":["AchievementEnabler","Act Like it!","BaseMod","Minty Spire (QoL Compilation)","Quick Restart","Shapeshifter Mod","StSLib"],"gold_per_floor":[109,109,109,126,145,145,170,170,170,170,49,49,67,102,102,202,202,190,90,90,102,202,531,531,549,549,549,549,549],"floor_reached":28,"language":"ENG","playtime":1457,"items_purged":["StSShapeShifter:ShapeShifter_Strike","StSShapeShifter:ShapeShifter_Strike"],"score":244,"play_id":"dac8c8f3-b9c7-4560-ad11-428a340a9a78","local_time":"20210216005603","is_ascension_mode":false,"campfire_choices":[{"data":"StSShapeShifter:BladeOfGrass","floor":6,"key":"SMITH"},{"data":"StSShapeShifter:BladeOfGrass","floor":8,"key":"SMITH"},{"data":"StSShapeShifter:BarkSkin","floor":12,"key":"SMITH"},{"data":"StSShapeShifter:Garden","floor":15,"key":"SMITH"},{"data":"StSShapeShifter:MysticalSeed","floor":24,"key":"SMITH"}],"circlet_count":0,"master_deck":["StSShapeShifter:ShapeShifter_Strike","StSShapeShifter:ShapeShifter_Defend","StSShapeShifter:ShapeShifter_Defend","StSShapeShifter:ShapeShifter_Defend","StSShapeShifter:ShapeShifter_Defend","StSShapeShifter:ShapeShifter_Defend","StSShapeShifter:Tortoise_Form","StSShapeShifter:Lynx_Form","StSShapeShifter:BladeOfGrass+1","StSShapeShifter:HippoForm","StSShapeShifter:UnicornForm","StSShapeShifter:FesteringBite","StSShapeShifter:BladeOfGrass+1","StSShapeShifter:BarkSkin+1","StSShapeShifter:Garden+1","StSShapeShifter:MysticalSeed+1","StSShapeShifter:AdaptiveStrikes","StSShapeShifter:ThornedSkin+1","StSShapeShifter:DiverseSpirit","StSShapeShifter:Tornado"],"relics":["StSShapeShifter:AnimalHeart","StSShapeShifter:TheShapeShiftersMagnolia","Gambling Chip","Mummified Hand","StSShapeShifter:Fertilizer","Black Star","InkBottle","Old Coin","HornCleat"],"acts_visited":["Exordium","TheCity"],"potions_floor_usage":[18],"damage_taken":[{"damage":1,"enemies":"Jaw Worm","floor":1,"turns":3},{"damage":2,"enemies":"2 Louse","floor":4,"turns":3},{"damage":0,"enemies":"Cultist","floor":5,"turns":2},{"damage":17,"enemies":"3 Sentries","floor":7,"turns":5},{"damage":0,"enemies":"Large Slime","floor":13,"turns":3},{"damage":10,"enemies":"Gremlin Nob","floor":14,"turns":3},{"damage":3,"enemies":"Slime Boss","floor":16,"turns":8},{"damage":10,"enemies":"2 Thieves","floor":18,"turns":4},{"damage":12,"enemies":"3 Byrds","floor":21,"turns":7},{"damage":25,"enemies":"Slavers","floor":23,"turns":5},{"damage":5,"enemies":"Sentry and Sphere","floor":25,"turns":5},{"damage":26,"enemies":"Gremlin Leader","floor":28,"turns":4}],"seed_played":"-1274617307382982532","potions_obtained":[{"floor":5,"key":"FearPotion"},{"floor":10,"key":"Regen Potion"},{"floor":10,"key":"SpeedPotion"},{"floor":18,"key":"Weak Potion"}],"is_trial":false,"path_per_floor":["M","?","?","M","M","R","E","R","T","?","$","R","M","E","R","B",null,"M","$","?","M","?","E","R","M","T","?","E"],"character_chosen":"SHAPESHIFTER","items_purchased":["StSShapeShifter:BarkSkin"],"campfire_rested":0,"item_purchase_floors":[11],"current_hp_per_floor":[77,77,77,75,75,75,58,58,58,58,58,58,58,48,48,45,78,68,68,68,56,56,31,31,26,26,26,0,0],"gold":549,"neow_bonus":"THREE_CARDS","is_daily":false,"chose_seed":false,"campfire_upgraded":5,"win_rate":0.0,"timestamp":1613436963,"path_taken":["M","?","?","?","M","R","E","R","T","?","$","R","M","E","R","BOSS","M","$","?","M","?","E","R","?","T","?","E"],"items_purchased_type":["Card"],"build_version":"2020-12-22","purchased_purges":2,"victory":false,"max_hp_per_floor":[78,78,78,78,78,78,78,78,78,78,78,78,78,78,78,78,78,78,78,78,78,78,78,78,78,78,78,78,78],"card_choices":[{"not_picked":["StSShapeShifter:CursedApple","StSShapeShifter:VineHandcuffs"],"picked":"StSShapeShifter:BladeOfGrass","floor":0},{"not_picked":["StSShapeShifter:FesteringBite","StSShapeShifter:Rabid"],"picked":"StSShapeShifter:HippoForm","floor":1},{"not_picked":["StSShapeShifter:VineHandcuffs","StSShapeShifter:HippoForm"],"picked":"StSShapeShifter:FesteringBite","floor":4},{"not_picked":["StSShapeShifter:ShiftingStrike","StSShapeShifter:Guard"],"picked":"StSShapeShifter:BladeOfGrass","floor":5},{"not_picked":["StSShapeShifter:MonkeyForm","StSShapeShifter:EmbraceTheCycle","StSShapeShifter:OpportuneSwoop"],"picked":"SKIP","floor":7},{"not_picked":["StSShapeShifter:Rest","StSShapeShifter:ThornToss","StSShapeShifter:RaptorForm"],"picked":"SKIP","floor":13},{"not_picked":["StSShapeShifter:FlamingoForm","StSShapeShifter:Rest"],"picked":"StSShapeShifter:Garden","floor":14},{"not_picked":["StSShapeShifter:Summon_Mountains","StSShapeShifter:Spring"],"picked":"StSShapeShifter:MysticalSeed","floor":16},{"not_picked":["StSShapeShifter:BurstingSpore","StSShapeShifter:Wildfire2+1","StSShapeShifter:Mystical_Branch"],"picked":"SKIP","floor":18},{"not_picked":["StSShapeShifter:Guard","StSShapeShifter:BladeOfGrass+1"],"picked":"StSShapeShifter:AdaptiveStrikes","floor":21},{"not_picked":["StSShapeShifter:Mystical_Branch","StSShapeShifter:OpportuneSwoop"],"picked":"StSShapeShifter:ThornedSkin+1","floor":23},{"not_picked":["StSShapeShifter:EntForm","StSShapeShifter:FesteringBite","StSShapeShifter:BloomingSlash+1"],"picked":"SKIP","floor":25}],"player_experience":623014,"relics_obtained":[{"floor":7,"key":"Gambling Chip"},{"floor":9,"key":"Mummified Hand"},{"floor":14,"key":"StSShapeShifter:Fertilizer"},{"floor":23,"key":"Old Coin"},{"floor":23,"key":"HornCleat"}],"event_choices":[{"damage_healed":0,"gold_gain":0,"player_choice":"Ignored","damage_taken":0,"max_hp_gain":0,"max_hp_loss":0,"event_name":"NoteForYourself","floor":3,"gold_loss":0},{"damage_healed":0,"gold_gain":0,"player_choice":"Got Potions","damage_taken":0,"max_hp_gain":0,"max_hp_loss":0,"event_name":"Lab","floor":10,"gold_loss":0},{"damage_healed":0,"gold_gain":0,"player_choice":"Opened","damage_taken":0,"relics_obtained":["InkBottle"],"max_hp_gain":0,"max_hp_loss":0,"event_name":"The Mausoleum","floor":20,"gold_loss":0},{"damage_healed":0,"gold_gain":100,"player_choice":"Pray","damage_taken":0,"max_hp_gain":0,"max_hp_loss":0,"event_name":"Golden Shrine","floor":22,"gold_loss":0},{"damage_healed":0,"gold_gain":0,"cards_transformed":["StSShapeShifter:ShapeShifter_Strike","StSShapeShifter:ShapeShifter_Strike"],"player_choice":"Became Test Subject","damage_taken":0,"max_hp_gain":0,"max_hp_loss":0,"event_name":"Drug Dealer","floor":27,"gold_loss":0,"cards_obtained":["StSShapeShifter:DiverseSpirit","StSShapeShifter:Tornado"]}],"is_beta":false,"boss_relics":[{"not_picked":["Ectoplasm","Philosopher\u0027s Stone"],"picked":"Black Star"}],"items_purged_floors":[11,19],"is_endless":false,"potions_floor_spawned":[5,13,14,18],"killed_by":"Gremlin Leader","ascension_level":0}}