{"host":"91blwi3hgehj6ch9","time":1613484137,"event":{"mods":["2.2 Compatiblity","AchievementEnabler","BaseMod","Colored Map","DeckTracker","Keyboard Shortcuts","Minty Spire (QoL Compilation)","Permanent Neow","StSLib","SuperFastMode","everything is the same but u backflip on backflip"],"gold_per_floor":[126,150,87,24,43,43,72,82,137,137,153,153,153,166,166,241,241,254,254,272,290,290,290],"floor_reached":22,"language":"KOR","playtime":894,"items_purged":["Strike_G"],"score":376,"play_id":"126665de-fed2-49aa-8d3b-4eea2d3b4327","local_time":"20210216230217","is_ascension_mode":true,"campfire_choices":[{"floor":6,"key":"REST"},{"data":"Prepared","floor":10,"key":"SMITH"},{"floor":15,"key":"REST"}],"circlet_count":0,"master_deck":["AscendersBane","Strike_G","Strike_G","Defend_G","Defend_G","Defend_G","Survivor","Neutralize","Underhanded Strike","Dagger Spray","Dagger Throw","Prepared+1","Quick Slash","Dodge and Roll","Acrobatics","Burst","Night Terror+1","Sucker Punch+1","Well Laid Plans+1","Footwork","Dagger Throw","Heel Hook"],"relics":["Ring of the Snake","MawBank","HornCleat","Nunchaku","Boot","Astrolabe"],"acts_visited":["Exordium","TheCity"],"potions_floor_usage":[16,16,22],"damage_taken":[{"damage":14,"enemies":"Jaw Worm","floor":1,"turns":8},{"damage":8,"enemies":"Cultist","floor":2,"turns":4},{"damage":0,"enemies":"Small Slimes","floor":5,"turns":3},{"damage":13,"enemies":"3 Sentries","floor":7,"turns":11},{"damage":3,"enemies":"Looter","floor":8,"turns":3},{"damage":15,"enemies":"Exordium Thugs","floor":11,"turns":4},{"damage":6,"enemies":"Gremlin Gang","floor":14,"turns":3},{"damage":42,"enemies":"Slime Boss","floor":16,"turns":12},{"damage":25,"enemies":"Spheric Guardian","floor":18,"turns":7},{"damage":5,"enemies":"Chosen","floor":20,"turns":7},{"damage":21,"enemies":"Centurion and Healer","floor":21,"turns":9},{"damage":7,"enemies":"Snecko","floor":22,"turns":3}],"seed_played":"2886241888962462795","potions_obtained":[{"floor":5,"key":"PowerPotion"},{"floor":11,"key":"Weak Potion"},{"floor":20,"key":"AttackPotion"}],"is_trial":false,"path_per_floor":["M","M","?","$","M","R","E","M","T","R","M","?","?","M","R","B",null,"M","?","M","M","M"],"character_chosen":"THE_SILENT","items_purchased":[],"campfire_rested":2,"item_purchase_floors":[],"current_hp_per_floor":[45,37,37,37,37,56,43,40,40,40,25,30,30,24,45,3,54,29,29,24,3,0,0],"gold":290,"neow_bonus":"RANDOM_COMMON_RELIC","is_daily":false,"chose_seed":false,"campfire_upgraded":1,"win_rate":0.0,"timestamp":1613484137,"path_taken":["M","M","?","$","?","R","E","M","T","R","M","?","?","?","R","BOSS","M","?","M","M","?"],"items_purchased_type":[],"build_version":"2020-12-22","purchased_purges":1,"victory":false,"max_hp_per_floor":[66,66,66,66,66,66,66,66,66,66,66,71,71,71,71,71,71,71,71,71,71,71,71],"card_choices":[{"not_picked":["Quick Slash","Bane"],"picked":"Underhanded Strike","floor":1},{"not_picked":["Poisoned Stab","Infinite Blades"],"picked":"Dagger Spray","floor":2},{"not_picked":["Poisoned Stab","Calculated Gamble"],"picked":"Dagger Throw","floor":5},{"not_picked":["Dagger Throw","Doppelganger"],"picked":"Prepared","floor":7},{"not_picked":["Prepared","Dagger Spray"],"picked":"Quick Slash","floor":8},{"not_picked":["Dagger Throw","Bane"],"picked":"Dodge and Roll","floor":11},{"not_picked":["Slice","Setup"],"picked":"Acrobatics","floor":14},{"not_picked":["Doppelganger","Night Terror"],"picked":"Burst","floor":16},{"not_picked":["Flying Knee","Poisoned Stab"],"picked":"Footwork","floor":18},{"not_picked":["Dagger Spray","Endless Agony+1"],"picked":"Heel Hook","floor":20},{"not_picked":["Prepared","Flying Knee","Dodge and Roll"],"picked":"SKIP","floor":21}],"player_experience":272102,"relics_obtained":[{"floor":7,"key":"Nunchaku"},{"floor":9,"key":"Boot"}],"event_choices":[{"damage_healed":0,"gold_gain":0,"player_choice":"Paid Gold","damage_taken":0,"relics_obtained":["HornCleat"],"max_hp_gain":0,"max_hp_loss":0,"event_name":"WeMeetAgain","floor":3,"gold_loss":75},{"damage_healed":0,"gold_gain":0,"player_choice":"Donut","damage_taken":0,"max_hp_gain":5,"max_hp_loss":0,"event_name":"Big Fish","floor":12,"gold_loss":0},{"cards_removed":["Defend_G"],"damage_healed":0,"gold_gain":0,"player_choice":"Offered Basic","damage_taken":0,"max_hp_gain":0,"max_hp_loss":0,"event_name":"Bonfire Elementals","floor":13,"gold_loss":0},{"damage_healed":0,"gold_gain":0,"player_choice":"1 cards matched","damage_taken":0,"max_hp_gain":0,"max_hp_loss":0,"event_name":"Match and Keep!","floor":19,"gold_loss":0,"cards_obtained":["Dagger Throw"]}],"is_beta":false,"boss_relics":[{"not_picked":["Ring of the Serpent","Tiny House"],"picked":"Astrolabe"}],"items_purged_floors":[4],"is_endless":false,"potions_floor_spawned":[5,11,14,20],"killed_by":"Snecko","ascension_level":20}}