{"host":"bor2qt8pkh75ni8l","time":1613475323,"event":{"mods":["Act Like it!","BaseMod","Downfall","Minty Spire (QoL Compilation)","StSLib"],"gold_per_floor":[99,113,168,179,197,229,229,256,281,313,327,0,0,12,32,137,187,187,200,41,41,57,57,104,89,100,100,0,31,46,57,69,69,69,69],"floor_reached":33,"language":"ENG","playtime":2606,"items_purged":["Slimebound:Strike_Slimebound"],"score":368,"play_id":"127323e9-58d1-4f5a-9f5b-946c394de535","local_time":"20210216033523","is_ascension_mode":true,"campfire_choices":[{"data":"Slimebound:CheckThePlaybook","floor":1.0,"key":"SMITH"},{"floor":13.0,"key":"REST"},{"data":"Slimebound:Grow","floor":18.0,"key":"SMITH"},{"data":"Slimebound:MassFeed","floor":23.0,"key":"SMITH"},{"data":"Slimebound:GoopTackle","floor":28.0,"key":"SMITH"}],"circlet_count":0,"master_deck":["Slimebound:Strike_Slimebound","Slimebound:Strike_Slimebound","Slimebound:Tackle","Slimebound:Defend_Slimebound+1","Slimebound:Defend_Slimebound","Slimebound:Defend_Slimebound+1","Slimebound:Defend_Slimebound","Slimebound:Split","Slimebound:CorrosiveSpit","Slimebound:CheckThePlaybook+1","Slimebound:GoopSpray","Slimebound:BestDefense","Slimebound:GoopSpray","Slimebound:SlimeSpikes","Slimebound:GoopTackle+1","Slimebound:GoopSpray","Slimebound:RollThrough","Slimebound:Schlurp","Slimebound:SplitLeeching","Slimebound:MassFeed+1","Slimebound:CheckThePlaybook+1","Slimebound:Grow+1","Slimebound:SlimeSpikes","Slimebound:GoopSpray+1","downfall:Bewildered","Slimebound:RollThrough","Slimebound:SamplingLick","Slimebound:Chomp","Slimebound:RollThrough+1"],"relics":["Slimebound:AbsorbEndCombat","Letter Opener","Toy Ornithopter","Prayer Wheel","Odd Mushroom","War Paint","Centennial Puzzle","Tiny House","Anchor","sneckomod:BabySnecko","Orichalcum","downfall:HeartBlessingBlue","White Beast Statue"],"acts_visited":["Exordium","TheCity"],"potions_floor_usage":[33],"damage_taken":[{"damage":1.0,"enemies":"Small Slimes","floor":2.0,"turns":3.0},{"damage":22.0,"enemies":"3 Sentries","floor":3.0,"turns":5.0},{"damage":7.0,"enemies":"Jaw Worm","floor":4.0,"turns":2.0},{"damage":0.0,"enemies":"Cultist","floor":5.0,"turns":2.0},{"damage":7.0,"enemies":"Lagavulin","floor":6.0,"turns":5.0},{"damage":8.0,"enemies":"The Mushroom Lair","floor":8.0,"turns":3.0},{"damage":28.0,"enemies":"3 Sentries","floor":10.0,"turns":4.0},{"damage":6.0,"enemies":"Large Slime","floor":11.0,"turns":4.0},{"damage":5.0,"enemies":"downfall:FleeingMerchant","floor":12.0,"turns":4.0},{"damage":14.0,"enemies":"Exordium Wildlife","floor":14.0,"turns":4.0},{"damage":0.0,"enemies":"Exordium Thugs","floor":15.0,"turns":3.0},{"damage":28.0,"enemies":"WA_ARCHETYPE_RETAIN","floor":16.0,"turns":4.0},{"damage":5.0,"enemies":"Chosen","floor":19.0,"turns":4.0},{"damage":9.0,"enemies":"downfall:FleeingMerchant","floor":20.0,"turns":4.0},{"damage":10.0,"enemies":"Shell Parasite","floor":22.0,"turns":8.0},{"damage":11.0,"enemies":"downfall:FleeingMerchant","floor":25.0,"turns":4.0},{"damage":15.0,"enemies":"Shelled Parasite and Fungi","floor":26.0,"turns":5.0},{"damage":37.0,"enemies":"Gremlin Leader","floor":29.0,"turns":9.0},{"damage":17.0,"enemies":"Snake Plant","floor":30.0,"turns":3.0},{"damage":0,"enemies":"Cultist and Chosen","floor":31,"turns":3},{"damage":13,"enemies":"Shelled Parasite and Fungi","floor":32,"turns":4},{"damage":66,"enemies":"SI_MIRROR_ARCHETYPE","floor":33,"turns":10}],"seed_played":"-3592829544926178530","potions_obtained":[{"floor":4.0,"key":"DuplicationPotion"},{"floor":6.0,"key":"FearPotion"},{"floor":8.0,"key":"hexamod:SoulburnPotion"},{"floor":10.0,"key":"DuplicationPotion"},{"floor":14.0,"key":"FearPotion"},{"floor":16.0,"key":"Ancient Potion"},{"floor":17.0,"key":"SteroidPotion"},{"floor":30,"key":"hexamod:SoulburnPotion"}],"is_trial":false,"path_per_floor":["R","M","?","M","M","E","T","?","T","E","M","$","R","M","M","B",null,"R","M","$","?","M","R","T","$","M","T","R","E","M","M","M","B"],"character_chosen":"SLIMEBOUND","items_purchased":["Slimebound:MassFeed","Slimebound:CheckThePlaybook","Anchor"],"campfire_rested":1,"item_purchase_floors":[12,12,20],"current_hp_per_floor":[65,64,48,43,45,42,42,47,47,25,28,29,48,45,54,40,76,76,75,69,69,66,66,66,57,52,52,62,37,31,43,42,0,0,0],"gold":69,"neow_bonus":"ONE_RANDOM_RARE_CARD","is_daily":false,"chose_seed":false,"campfire_upgraded":4,"win_rate":0.0,"timestamp":1613475323,"path_taken":["R","M","?","M","M","E","T","?","?","E","?","$","R","M","M","BOSS","R","M","?","?","M","R","T","$","M","?","R","E","?","M","M","BOSS"],"items_purchased_type":["Card","Card","Relic"],"build_version":"2020-12-22","purchased_purges":1,"victory":false,"max_hp_per_floor":[65,65,65,65,65,65,65,65,65,65,65,65,65,68,71,71,76,76,76,76,76,79,79,79,79,83,83,93,97,97,101,105,105,105,105],"card_choices":[{"not_picked":["Slimebound:LeechingTouch","Slimebound:HauntingLick"],"picked":"Slimebound:GoopSpray","floor":2.0},{"not_picked":["Slimebound:SplitAcid","Slimebound:Schlurp"],"picked":"Slimebound:BestDefense","floor":3.0},{"not_picked":["Slimebound:HauntingLick","Slimebound:Nibble"],"picked":"Slimebound:GoopSpray","floor":4.0},{"not_picked":["Slimebound:FinishingTackle","Slimebound:SamplingLick"],"picked":"Slimebound:SlimeSpikes","floor":5.0},{"not_picked":["Slimebound:OneTwoCombo","Slimebound:DouseInSlime","Slimebound:ViciousTackle"],"picked":"SKIP","floor":6.0},{"not_picked":["Slimebound:HauntingLick","Slimebound:LeechingTouch"],"picked":"Slimebound:GoopTackle","floor":8.0},{"not_picked":["Slimebound:LevelUp","Slimebound:Teamwork"],"picked":"Slimebound:GoopSpray","floor":10.0},{"not_picked":["Slimebound:ItLooksTasty","Slimebound:ComboTackle"],"picked":"Slimebound:RollThrough","floor":11.0},{"not_picked":["Slimebound:LeadByExample","Slimebound:ProtectTheBoss"],"picked":"Slimebound:Schlurp","floor":11.0},{"not_picked":["Slimebound:BestDefense","Slimebound:GoopSpray"],"picked":"Slimebound:SplitLeeching","floor":12.0},{"not_picked":["Slimebound:ProtectTheBoss","Slimebound:RejuvenatingLick","Slimebound:ForwardTackle"],"picked":"SKIP","floor":14.0},{"not_picked":["Slimebound:LeechEnergy","Slimebound:PressTheAttack","Slimebound:LeechLife"],"picked":"SKIP","floor":14.0},{"not_picked":["Slimebound:ItLooksTasty","Slimebound:ComboTackle"],"picked":"Slimebound:Grow","floor":15.0},{"not_picked":["Slimebound:ViciousTackle","Slimebound:SlimeTap","Slimebound:LeechEnergy"],"picked":"SKIP","floor":15.0},{"not_picked":["Slimebound:MegaLick","Slimebound:TongueLash"],"picked":"Slimebound:SlimeSpikes","floor":19.0},{"not_picked":["Slimebound:LeechingTouch","Slimebound:SlimeBarrage","Slimebound:ItLooksTasty"],"picked":"SKIP","floor":19.0},{"not_picked":["Slimebound:GoopTackle","Slimebound:GrowthPunch"],"picked":"Slimebound:GoopSpray+1","floor":20.0},{"not_picked":["Slimebound:BestDefense","Slimebound:SlimeSpikes","Slimebound:SplitSpecialist"],"picked":"SKIP","floor":22.0},{"not_picked":["Slimebound:RainOfGoop+1","Slimebound:RejuvenatingLick","Slimebound:HauntingLick"],"picked":"SKIP","floor":22.0},{"not_picked":["Slimebound:LivingWall","Slimebound:FinishingTackle"],"picked":"Slimebound:RollThrough","floor":25.0},{"not_picked":["Slimebound:AcidTongue","Slimebound:LeechEnergy","Slimebound:PressTheAttack+1"],"picked":"SKIP","floor":26.0},{"not_picked":["Slimebound:Overexert","Slimebound:SplitMire","Slimebound:SplitAcid"],"picked":"SKIP","floor":26.0},{"not_picked":["Slimebound:LeadByExample","Slimebound:DuplicatedForm"],"picked":"Slimebound:SamplingLick","floor":29.0},{"not_picked":["Slimebound:Gluttony","Slimebound:Schlurp"],"picked":"Slimebound:Chomp","floor":30},{"not_picked":["Slimebound:ServeAndProtect+1","Slimebound:GoopTackle","Slimebound:SplitLeeching"],"picked":"SKIP","floor":30},{"not_picked":["Slimebound:ProtectTheBoss","Slimebound:FinishingTackle","Slimebound:GoopTackle"],"picked":"SKIP","floor":31},{"not_picked":["Slimebound:FormOfPuddle","Slimebound:SlimeSpikes","Slimebound:SelfFormingGoo"],"picked":"SKIP","floor":31},{"not_picked":["Slimebound:ProtectTheBoss","Slimebound:FinishingTackle","Slimebound:GoopTackle"],"picked":"SKIP","floor":31},{"not_picked":["Slimebound:FormOfPuddle","Slimebound:SlimeSpikes","Slimebound:SelfFormingGoo"],"picked":"SKIP","floor":31},{"not_picked":["Slimebound:Gluttony","Slimebound:FinishingTackle+1"],"picked":"Slimebound:RollThrough+1","floor":32},{"not_picked":["Slimebound:SplitAcid","Slimebound:Prepare+1","Slimebound:FinishingTackle"],"picked":"SKIP","floor":32}],"player_experience":605826,"relics_obtained":[{"floor":3.0,"key":"Letter Opener"},{"floor":6.0,"key":"Toy Ornithopter"},{"floor":7.0,"key":"Prayer Wheel"},{"floor":8.0,"key":"Odd Mushroom"},{"floor":9.0,"key":"War Paint"},{"floor":10.0,"key":"Centennial Puzzle"},{"floor":24.0,"key":"Orichalcum"},{"floor":29.0,"key":"White Beast Statue"}],"event_choices":[{"damage_healed":0.0,"max_hp_gain":0.0,"max_hp_loss":0.0,"gold_gain":0.0,"event_name":"Mushrooms","player_choice":"Fought Mushrooms","floor":8.0,"gold_loss":0.0,"damage_taken":0.0}],"is_beta":false,"boss_relics":[{"not_picked":["Slimebound:AbsorbEndCombatUpgraded","Calling Bell"],"picked":"Tiny House"}],"items_purged_floors":[12],"is_endless":false,"potions_floor_spawned":[4,6,8,10,14,16,26,29,30,31,32],"killed_by":"SI_MIRROR_ARCHETYPE","ascension_level":1}}