{"host":"0bl8lf938r434xzd","time":1613481390,"event":{"mods":["AchievementEnabler","BaseMod","Downfall","GifTheSpireLib","Googly Eyes","Minty Spire (QoL Compilation)","Shop Mod","StSLib","The Cursed","The IronCluck","Waifu the Spire"],"gold_per_floor":[99,115,135,135,152,152,152,59,159,178,178,196,196,28,47,159,159,159,187,197,220,220,239,287,287,287,287,287],"floor_reached":26,"language":"ENG","playtime":2149,"items_purged":[],"score":200,"play_id":"61ce907a-d386-4646-9f8a-bf9415c21ce6","local_time":"20210216231630","is_ascension_mode":false,"campfire_choices":[{"data":"hexamod:Sear","floor":1,"key":"SMITH"},{"data":"hexamod:Float","floor":6,"key":"SMITH"},{"floor":11,"key":"REST"},{"data":"hexamod:SoulSteal","floor":13,"key":"SMITH"},{"data":"hexamod:GhostflameInferno","floor":18,"key":"SMITH"}],"circlet_count":0,"master_deck":["hexamod:Strike","hexamod:Strike","hexamod:Strike","hexamod:Strike","hexamod:Defend","hexamod:Defend","hexamod:Defend","hexamod:Defend","hexamod:Sear+1","hexamod:Float+1","hexamod:RecurringNightmare","hexamod:GhostOfSpireFuture","hexamod:VolcanoVisage","hexamod:BurningTouch","hexamod:FastForward","hexamod:AdvancingGuard","hexamod:SoulSteal+1","hexamod:RadiantFlame","hexamod:FirstSeal","hexamod:FastForward","hexamod:BurningTouch","hexamod:SecondSeal","hexamod:GhostflameInferno+1","hexamod:FastForward","hexamod:GhostflameInferno+1","hexamod:EmpoweredFlame+1","hexamod:ThirdSeal","hexamod:FourthSeal"],"relics":["hexamod:SpiritBrand","Akabeko","Orrery","Black Star","Centennial Puzzle"],"acts_visited":["Exordium","TheCity"],"potions_floor_usage":[10,14,15],"damage_taken":[{"damage":1,"enemies":"Jaw Worm","floor":2,"turns":3},{"damage":1,"enemies":"Cultist","floor":3,"turns":3},{"damage":0,"enemies":"Small Slimes","floor":5,"turns":3},{"damage":5,"enemies":"downfall:FleeingMerchant","floor":8,"turns":4},{"damage":12,"enemies":"2 Fungi Beasts","floor":10,"turns":4},{"damage":14,"enemies":"Blue Slaver","floor":12,"turns":3},{"damage":0,"enemies":"downfall:FleeingMerchant","floor":14,"turns":4},{"damage":5,"enemies":"downfall:LooterAlt","floor":15,"turns":3},{"damage":22,"enemies":"IC_STATUS_ARCHETYPE","floor":16,"turns":6},{"damage":25,"enemies":"Shell Parasite","floor":19,"turns":6},{"damage":10,"enemies":"Spheric Guardian","floor":20,"turns":5},{"damage":26,"enemies":"Snake Plant","floor":21,"turns":4},{"damage":16,"enemies":"Chosen and Byrds","floor":23,"turns":6},{"damage":28,"enemies":"Snecko","floor":26,"turns":4}],"seed_played":"6941564157320929354","potions_obtained":[{"floor":2,"key":"Explosive Potion"},{"floor":4,"key":"DistilledChaos"},{"floor":4,"key":"ColorlessPotion"},{"floor":10,"key":"AttackPotion"},{"floor":15,"key":"SteroidPotion"},{"floor":16,"key":"Block Potion"}],"is_trial":false,"path_per_floor":["R","M","M","?","M","R","T","$","?","M","R","M","R","$","M","B",null,"R","M","M","M","?","M","T","?","M"],"character_chosen":"THE_SPIRIT","items_purchased":["hexamod:BurningTouch","hexamod:FastForward","Orrery"],"campfire_rested":1,"item_purchase_floors":[8,8,14],"current_hp_per_floor":[77,76,75,75,75,75,75,70,70,58,77,63,63,63,58,36,77,77,59,56,30,30,21,21,21,0,0,0],"gold":287,"neow_bonus":"TEN_PERCENT_HP_BONUS","is_daily":false,"chose_seed":false,"campfire_upgraded":4,"win_rate":0.0,"timestamp":1613481390,"path_taken":["R","M","M","?","?","R","T","$","?","M","R","M","R","$","M","BOSS","R","M","M","M","?","?","T","?","M"],"items_purchased_type":["Card","Card","Relic"],"build_version":"2020-12-22","purchased_purges":0,"victory":false,"max_hp_per_floor":[77,77,77,77,77,77,77,77,77,77,77,77,77,77,77,77,77,77,77,77,77,77,77,77,77,77,77,77],"card_choices":[{"not_picked":["hexamod:FirstSeal","hexamod:ExtraCrispy"],"picked":"hexamod:HeatMetal","floor":2},{"not_picked":["hexamod:FastForward","hexamod:DynamicBlow"],"picked":"hexamod:RecurringNightmare","floor":3},{"not_picked":["hexamod:SpectersWail","hexamod:NightmareGuise"],"picked":"hexamod:GhostOfSpireFuture","floor":5},{"not_picked":["hexamod:BacktrackSmack","hexamod:NightmareGuise"],"picked":"hexamod:VolcanoVisage","floor":8},{"not_picked":["hexamod:GhostShield","hexamod:GhostOfSpirePast"],"picked":"hexamod:AdvancingGuard","floor":10},{"not_picked":["hexamod:SwordOfDarkness","hexamod:GhostShield"],"picked":"hexamod:SoulSteal","floor":12},{"not_picked":["hexamod:GhostShield","hexamod:Hexaguard","hexamod:SkipABeat"],"picked":"SKIP","floor":14},{"not_picked":["hexamod:HeatMetal","hexamod:ShieldOfDarkness"],"picked":"hexamod:RadiantFlame","floor":14},{"not_picked":["hexamod:FourthSeal","hexamod:BacktrackSmack"],"picked":"hexamod:FirstSeal","floor":14},{"not_picked":["hexamod:SkipABeat","hexamod:RecurringNightmare"],"picked":"hexamod:FastForward","floor":14},{"not_picked":["hexamod:TimeWarp","hexamod:InspiringFlames"],"picked":"hexamod:BurningTouch","floor":14},{"not_picked":["hexamod:Rewind","hexamod:NightmareStrike"],"picked":"hexamod:SecondSeal","floor":15},{"not_picked":["hexamod:GhostOfSpirePresent","hexamod:TurnItUp"],"picked":"hexamod:GhostflameInferno","floor":16},{"not_picked":["hexamod:FirstSeal","hexamod:Incineration","hexamod:PhantomFireball+1"],"picked":"SKIP","floor":19},{"not_picked":["hexamod:Hexaguard","hexamod:Firestarter"],"picked":"hexamod:FastForward","floor":20},{"not_picked":["hexamod:Hexaguard","hexamod:FirstSeal","hexamod:GhostLash"],"picked":"SKIP","floor":21},{"not_picked":["hexamod:GhostShield","hexamod:ForkedFlame"],"picked":"hexamod:EmpoweredFlame+1","floor":23}],"player_experience":332431,"relics_obtained":[{"floor":7,"key":"Akabeko"},{"floor":24,"key":"Centennial Puzzle"}],"event_choices":[{"damage_healed":0,"gold_gain":0,"player_choice":"Got Potions","damage_taken":0,"max_hp_gain":0,"max_hp_loss":0,"event_name":"Lab","floor":4,"gold_loss":0}],"is_beta":false,"boss_relics":[{"not_picked":["Sozu","Empty Cage"],"picked":"Black Star"}],"items_purged_floors":[],"is_endless":false,"potions_floor_spawned":[2,10,15,16,23],"killed_by":"Snecko","ascension_level":0}}