{"host":"og6lam4kt3nibbw0","time":1613494856,"event":{"mods":["AchievementEnabler","BaseMod","Colored Map","DeckTracker","Highlight Path","Keyboard Shortcuts","Minty Spire (QoL Compilation)","Permanent Neow","Quick Restart","StSLib","SuperFastMode"],"gold_per_floor":[19,19,33,53,71,110,110,126,203,203,203,222,222,147,147,243,243,163,163,163,163,0,0,0,0,0,0,0,0,0,0,0,0,0],"floor_reached":33,"language":"KOR","playtime":1513,"items_purged":["Strike_B"],"score":602,"play_id":"7db7a259-ce8d-41bf-b6a8-c5d90834f0a7","local_time":"20210217020056","is_ascension_mode":true,"campfire_choices":[{"data":"Consume","floor":7.0,"key":"SMITH"},{"data":"Barrage","floor":10.0,"key":"SMITH"},{"data":"Glacier","floor":15.0,"key":"SMITH"},{"floor":23.0,"key":"REST"},{"data":"Blizzard","floor":27.0,"key":"SMITH"},{"data":"Coolheaded","floor":30.0,"key":"SMITH"},{"data":"Coolheaded","floor":32.0,"key":"SMITH"}],"circlet_count":0,"master_deck":["AscendersBane","Strike_B","Strike_B","Strike_B","Defend_B","Defend_B","Defend_B","Zap+1","Dualcast","Glacier+1","Leap","Barrage+1","Consume+1","Echo Form+1","Rainbow","Blizzard+1","Self Repair+1","Coolheaded+1","Cold Snap","Coolheaded+1"],"relics":["Cracked Core","FossilizedHelix","Bloody Idol","Singing Bowl","Frozen Egg 2","Ectoplasm","Pear"],"acts_visited":["Exordium","TheCity"],"potions_floor_usage":[33,33],"damage_taken":[{"damage":1.0,"enemies":"2 Louse","floor":1.0,"turns":4.0},{"damage":0.0,"enemies":"Small Slimes","floor":3.0,"turns":3.0},{"damage":0.0,"enemies":"Cultist","floor":4.0,"turns":4.0},{"damage":4.0,"enemies":"Large Slime","floor":5.0,"turns":6.0},{"damage":38.0,"enemies":"Gremlin Nob","floor":6.0,"turns":6.0},{"damage":0.0,"enemies":"2 Fungi Beasts","floor":8.0,"turns":4.0},{"damage":0.0,"enemies":"Looter","floor":12.0,"turns":4.0},{"damage":0.0,"enemies":"The Guardian","floor":16.0,"turns":10.0},{"damage":33.0,"enemies":"2 Thieves","floor":18.0,"turns":4.0},{"damage":0.0,"enemies":"Spheric Guardian","floor":19.0,"turns":4.0},{"damage":24.0,"enemies":"3 Cultists","floor":20.0,"turns":7.0},{"damage":0.0,"enemies":"Snake Plant","floor":25.0,"turns":5.0},{"damage":0.0,"enemies":"Centurion and Healer","floor":28.0,"turns":7.0},{"damage":20.0,"enemies":"Chosen and Byrds","floor":29.0,"turns":8.0},{"damage":23.0,"enemies":"3 Cultists","floor":31.0,"turns":7.0},{"damage":42,"enemies":"Automaton","floor":33,"turns":6}],"seed_played":"8869437460095439142","potions_obtained":[{"floor":3.0,"key":"PowerPotion"},{"floor":5.0,"key":"CultistPotion"},{"floor":25.0,"key":"AttackPotion"},{"floor":28.0,"key":"Swift Potion"},{"floor":31.0,"key":"AttackPotion"}],"is_trial":false,"path_per_floor":["M","?","M","M","M","E","R","M","T","R","?","M","?","$","R","B",null,"M","M","M","?","?","R","?","M","T","R","M","M","R","M","R","B"],"character_chosen":"DEFECT","items_purchased":[],"campfire_rested":1,"item_purchase_floors":[],"current_hp_per_floor":[63,63,63,63,59,23,23,25,25,25,30,30,30,30,30,30,62,29,31,7,7,7,29,29,39,49,49,59,51,51,40,40,0,0],"gold":0,"neow_bonus":"ONE_RARE_RELIC","is_daily":false,"chose_seed":false,"campfire_upgraded":6,"win_rate":0.0,"timestamp":1613494856,"path_taken":["M","?","M","M","M","E","R","M","T","R","?","M","?","$","R","BOSS","M","M","?","?","?","R","?","M","T","R","?","M","R","M","R","BOSS"],"items_purchased_type":[],"build_version":"2020-12-22","purchased_purges":1,"victory":false,"max_hp_per_floor":[71,64,64,64,64,66,66,68,68,68,73,73,73,73,73,73,73,73,75,75,75,75,75,75,75,85,85,85,87,87,89,89,89,89],"card_choices":[{"not_picked":["Sweeping Beam","Aggregate"],"picked":"Glacier","floor":1.0},{"not_picked":["Gash","Barrage"],"picked":"Leap","floor":3.0},{"not_picked":["Darkness","Hologram"],"picked":"Barrage","floor":4.0},{"not_picked":["FTL","Darkness"],"picked":"Consume","floor":5.0},{"not_picked":["Turbo","Redo","Streamline"],"picked":"Singing Bowl","floor":6.0},{"not_picked":["Tempest","Hologram","Compile Driver"],"picked":"Singing Bowl","floor":8.0},{"not_picked":["Stack","White Noise"],"picked":"Echo Form+1","floor":12.0},{"not_picked":["Meteor Strike","Fission"],"picked":"Rainbow","floor":16.0},{"not_picked":["Redo","Conserve Battery"],"picked":"Blizzard","floor":18.0},{"not_picked":["Sweeping Beam","Beam Cell","Recycle"],"picked":"Singing Bowl","floor":19.0},{"not_picked":["Hologram","Stack"],"picked":"Self Repair+1","floor":20.0},{"not_picked":["Stack","Force Field"],"picked":"Cold Snap","floor":25.0},{"not_picked":["Hologram","Redo"],"picked":"Coolheaded","floor":28.0},{"not_picked":["Hologram","Reinforced Body","Redo"],"picked":"Singing Bowl","floor":29.0},{"not_picked":["Beam Cell","Stack","Multi-Cast"],"picked":"Singing Bowl","floor":31.0}],"player_experience":965275,"relics_obtained":[{"floor":6.0,"key":"Singing Bowl"},{"floor":9.0,"key":"Frozen Egg 2"},{"floor":26.0,"key":"Pear"}],"event_choices":[{"damage_healed":0.0,"max_hp_gain":0.0,"max_hp_loss":7.0,"gold_gain":0.0,"event_name":"Golden Idol","player_choice":"Lose Max HP","floor":2.0,"gold_loss":0.0,"damage_taken":0.0,"relics_obtained":["Golden Idol"]},{"damage_healed":0.0,"max_hp_gain":5.0,"max_hp_loss":0.0,"gold_gain":0.0,"event_name":"Big Fish","player_choice":"Donut","floor":11.0,"gold_loss":0.0,"damage_taken":0.0},{"damage_healed":0.0,"max_hp_gain":0.0,"max_hp_loss":0.0,"gold_gain":0.0,"event_name":"Upgrade Shrine","player_choice":"Upgraded","floor":13.0,"gold_loss":0.0,"damage_taken":0.0,"cards_upgraded":["Zap"]},{"damage_healed":0.0,"max_hp_gain":0.0,"max_hp_loss":0.0,"gold_gain":0.0,"event_name":"Forgotten Altar","player_choice":"Gave Idol","floor":21.0,"relics_lost":["Golden Idol"],"gold_loss":0.0,"damage_taken":0.0,"relics_obtained":["Bloody Idol"]},{"damage_healed":0.0,"max_hp_gain":0.0,"max_hp_loss":0.0,"gold_gain":0.0,"event_name":"Masked Bandits","player_choice":"Paid Fearfully","floor":22.0,"gold_loss":163.0,"damage_taken":0.0},{"damage_healed":0.0,"max_hp_gain":0.0,"max_hp_loss":0.0,"gold_gain":0.0,"cards_transformed":["Defend_B"],"event_name":"Transmorgrifier","player_choice":"Transformed","floor":24.0,"gold_loss":0.0,"damage_taken":0.0,"cards_obtained":["Coolheaded"]}],"is_beta":false,"boss_relics":[{"not_picked":["Tiny House","Fusion Hammer"],"picked":"Ectoplasm"}],"items_purged_floors":[14],"is_endless":false,"potions_floor_spawned":[3,5,12,25,28,31],"killed_by":"Automaton","ascension_level":20}}