{"host":"5y2vm16xfq9gfmb2","time":1613513982,"event":{"mods":["AchievementEnabler","BaseMod","Better Third Choice","Colored Map","Colored Powertips","DeckTracker","Friendly Minions","Marisa????????","Minty Spire (QoL Compilation)","Rare Cards Sparkle","Relic Stats","StSLib","The Alterego","The Animator","The Marked","The Servant 0.9.4","Yohane!"],"gold_per_floor":[112,129,160,160,170,170,170,170],"floor_reached":7,"language":"ENG","playtime":485,"items_purged":[],"score":45,"play_id":"d7fb5c34-ac54-43a5-bbf4-303cc9798b9c","local_time":"20210216171942","is_ascension_mode":true,"campfire_choices":[{"floor":6,"key":"RECALL"}],"circlet_count":0,"master_deck":["animator:Strike_Konosuba","animator:Defend_Konosuba","animator:Strike","animator:Strike","animator:Strike","animator:Defend","animator:Defend","animator:Defend","animator:Kazuma","animator:Aqua","Doubt","animator:Albedo","animator:Jibril","animator:ElricAlphonse","animator:Wiz","animator:SakuraMatou"],"relics":["animator:LivingPicture","animator:TheMissingPiece","animator:PurgingStone","Vajra"],"acts_visited":["Exordium"],"potions_floor_usage":[7,7],"damage_taken":[{"damage":5,"enemies":"Cultist","floor":1,"turns":7},{"damage":0,"enemies":"2 Louse","floor":2,"turns":3},{"damage":9,"enemies":"Small Slimes","floor":3,"turns":5},{"damage":7,"enemies":"Looter","floor":5,"turns":4},{"damage":61,"enemies":"Gremlin Nob","floor":7,"turns":5}],"seed_played":"-6840993643181387987","potions_obtained":[{"floor":1,"key":"SpeedPotion"},{"floor":2,"key":"SkillPotion"},{"floor":3,"key":"SpeedPotion"}],"is_trial":false,"path_per_floor":["M","M","M","?","M","R","E"],"character_chosen":"THE_ANIMATOR","items_purchased":[],"campfire_rested":0,"item_purchase_floors":[],"current_hp_per_floor":[62,64,57,57,52,52,0,0],"gold":170,"neow_bonus":"THREE_RARE_CARDS","is_daily":false,"chose_seed":false,"campfire_upgraded":0,"win_rate":0.0,"timestamp":1613513982,"path_taken":["M","?","M","?","M","R","E"],"items_purchased_type":[],"build_version":"2020-12-22","purchased_purges":0,"victory":false,"max_hp_per_floor":[66,66,66,66,66,66,66,66],"relic_stats":{"counters":[5,24],"obtain_stats":[{"animator:PurgingStone":0,"animator:TheMissingPiece":0,"Vajra":4,"animator:LivingPicture":0},{"animator:PurgingStone":0,"animator:TheMissingPiece":0,"Vajra":3,"animator:LivingPicture":0},{"animator:PurgingStone":0,"animator:TheMissingPiece":0,"Vajra":15,"animator:LivingPicture":0}]},"card_choices":[{"not_picked":["animator:Boros","animator:Ainz"],"picked":"animator:Albedo","floor":0},{"not_picked":["animator:MumenRider","animator:Lancer"],"picked":"animator:Jibril","floor":1},{"not_picked":["animator:Chung","animator:Jibril"],"picked":"animator:ElricAlphonse","floor":2},{"not_picked":["animator:Ciel","animator:EmiyaShirou"],"picked":"animator:Wiz","floor":3},{"not_picked":["animator:Alexander","animator:Illya"],"picked":"animator:SakuraMatou","floor":5}],"player_experience":137719,"relics_obtained":[],"event_choices":[{"damage_healed":0,"gold_gain":0,"player_choice":"Gave Potion","damage_taken":0,"relics_obtained":["Vajra"],"max_hp_gain":0,"max_hp_loss":0,"event_name":"WeMeetAgain","floor":4,"gold_loss":0}],"is_beta":false,"boss_relics":[],"items_purged_floors":[],"is_endless":false,"potions_floor_spawned":[1,2,3],"killed_by":"Gremlin Nob","ascension_level":1}}