{"host":"2qpilcmj89x3pncz","time":1613497515,"event":{"mods":["100% Spire Juice","2.2 Compatiblity","Act Like it!","Aspiration","BaseMod","BetterRewards","Colored Map","Colored Powertips","Conjunction","Conspire","Dota2Spire","Duelist Mod","Evolution","GifTheSpireLib","Grow up Mod","Halation","Hubris","Infinite Spire","Jedi Mod","Lobotomy","LobotomyExtend","Menagerie","Mimic Mod","Minty Spire (QoL Compilation)","Poem Panic","Quarter Circle Forward PUNCH!","Quick Restart","Replay The Spire","Shop Mod","Spicy Shops","Spikes Relics","StSLib","Strawberry Spire","Stuff the Spire","SuperFastMode","The Servant 0.9.4","Wandering Minibosses"],"gold_per_floor":[114,114,114,134,134,134,169,189,216,216,241,0,14,40,40,114,114,131,131,131,145,145,173,173,173,173,83,114,138,157,203,203,337,337,376,420,151,151,178,224,224,274,297,297,329,382,382,418,418,445,486,486],"floor_reached":53,"language":"ENG","playtime":1406,"items_purged":["StuffTheSpire:CuriosityCurse","theDuelist:CurseAnubis","BigBird"],"score":3017,"play_id":"1c0cb058-7d7f-4f82-ad8c-694c17adb8eb","local_time":"20210216174515","is_ascension_mode":true,"campfire_choices":[],"circlet_count":0,"master_deck":["AscendersBane","SpecialBullet","SpecialBullet","SpecialBullet","SpecialBullet","SpecialBullet","SpecialBullet","SpecialBullet","SpecialBullet","ControlCode","InformationCode","WelfareCode","InTheNameOfLoveAndHate+1","WristCuter+1","CUTE+1","Penitence","Mimicry+1","Pinks","Regret_ego","DisciplinaryCode","LongBird","CENSORED_ego","CurseOfTheBell","FeatherOfHonor","Wingbeat+1","Wellcheers","Wingbeat+1","infinitespire:NeuralNetwork","Lamp","Soda","Woodsman","Soda","Christmas","Mercenary","Lamp+2","TT2Protocol","BodiesMountain","WristCuter","Twilight","MeltingLove","Regret_ego","SummonCall","Penitence","WristCuter","Logging","Dark Shackles","Secret Weapon","Funeral","Ecstasy+1","SolemnVow","CENSORED","MagicBullet","Voices","ExtractionCode","BlackArmy","QueenOfHatred","Twilight","CherryBlossom+1","CherryBlossom"],"relics":["CogitoBucket","RabbitCall","EVO:Axolotl","LetterFromLob","halation:PinkSoulGem","StuffTheSpire:Nightcore","infinitespire:Beetle Shell","Guide Book","AspirationHeart","WantedRequest","Calling Bell","Anchor","StuffTheSpire:ForceGauntlet","Replay:PocketPolymizer","wanderingMiniBosses:ThiefScarf","NeowsBlessing","MutagenicStrength","aspiration:RitualStick","halation:SelfBoilingWater","Prayer Wheel","Cursed Key","Replay:Bandana","BrokenLever","Dota2Spire:Butterfly","Bag of Marbles","hubris:CuriousFeather","halation:IllGainedPizza","infinitespire:EvilPickle","Replay:Grab Bag","Dota2Spire:RefresherOrb","hubris:HollowSoul","BargainBundle","Blood Vial","War Paint","Chameleon Ring","StuffTheSpire:Tea","halation:WeightlessCrab","halation:PinkAlligatorPlush","BehaviorAdjustment","qcfpunch:Wild_Herbs_Ointment","Mercury Hourglass","strawberrySpire:ElefentMask","qcfpunch:Red_Headband"],"acts_visited":["Exordium","TheCity","TheBeyond"],"potions_floor_usage":[11,18,18,33],"damage_taken":[{"damage":0,"enemies":"2 Louse","floor":1,"turns":1},{"damage":0,"enemies":"Small Slimes","floor":4,"turns":1},{"damage":0,"enemies":"3 Sentries","floor":7,"turns":1},{"damage":14,"enemies":"infinitespire:Voidling","floor":8,"turns":2},{"damage":20,"enemies":"Lagavulin","floor":11,"turns":4},{"damage":48,"enemies":"Looter","floor":13,"turns":8},{"damage":30,"enemies":"3 Sentries","floor":14,"turns":3},{"damage":27,"enemies":"Fading Forest","floor":16,"turns":3},{"damage":23,"enemies":"Shell Parasite","floor":18,"turns":6},{"damage":0,"enemies":"Spheric Guardian","floor":21,"turns":2},{"damage":0,"enemies":"Gremlin Leader","floor":23,"turns":4},{"damage":0,"enemies":"conspire:Head Lice","floor":28,"turns":1},{"damage":8,"enemies":"Snecko","floor":29,"turns":9},{"damage":17,"enemies":"Shelled Parasite and Fungi","floor":30,"turns":2},{"damage":37,"enemies":"Gremlin Leader","floor":31,"turns":3},{"damage":4,"enemies":"Pondfish","floor":33,"turns":11},{"damage":0,"enemies":"3 Shapes","floor":35,"turns":1},{"damage":0,"enemies":"Orb Walker","floor":36,"turns":2},{"damage":2,"enemies":"Sphere and 2 Shapes","floor":39,"turns":1},{"damage":3,"enemies":"Reptomancer","floor":40,"turns":1},{"damage":2,"enemies":"Giant Head","floor":42,"turns":1},{"damage":2,"enemies":"Jaw Worm Horde","floor":45,"turns":1},{"damage":2,"enemies":"Reptomancer","floor":46,"turns":1},{"damage":2,"enemies":"Transient","floor":48,"turns":1},{"damage":56,"enemies":"FixerMidnight","floor":50,"turns":3},{"damage":22,"enemies":"infinitespire:MassOfShapes","floor":51,"turns":4}],"seed_played":"4897592732186035885","potions_obtained":[{"floor":1,"key":"Conjunction:LightningMarble"},{"floor":8,"key":"AttackPotion"},{"floor":14,"key":"Weak Potion"},{"floor":18,"key":"FairyPotion"},{"floor":21,"key":"Death Potion"},{"floor":40,"key":"Doom Potion"},{"floor":45,"key":"Venom Potion"}],"is_trial":false,"path_per_floor":["M","?","?","M","?","R","E","M","T","R","E","$","M","E","R","B",null,"M","?","?","M","?","E","R","AVR","T","$","E","M","M","E","R","B",null,"M","M","$","?","M","E","R","E","T","R","M","E","$","M","R","B","B",null,null],"character_chosen":"Angela","items_purchased":["Mimicry","Guide Book","Lamp","BargainBundle","Blood Vial","War Paint","Chameleon Ring","StuffTheSpire:Tea","WristCuter","Logging","Dark Shackles","Secret Weapon"],"campfire_rested":0,"item_purchase_floors":[12,12,27,37,37,37,37,37,37,37,37,37],"current_hp_per_floor":[87,97,107,117,90,100,110,106,116,126,116,126,110,90,100,89,223,210,220,159,175,185,207,217,227,237,247,257,269,286,298,308,368,420,444,454,464,474,482,491,501,514,524,534,542,552,562,572,582,541,602,612],"gold":486,"neow_bonus":"THREE_ENEMY_KILL","is_daily":false,"chose_seed":false,"campfire_upgraded":0,"win_rate":0.0,"timestamp":1613497515,"path_taken":["M","?","?","?","?","R","E","M","T","R","E","$","M","E","R","BOSS","M","?","?","M","?","E","R","AVR","T","$","E","M","?","E","R","BOSS","M","?","$","?","M","E","R","E","T","R","M","E","?","M","R","BOSS","BOSS"],"items_purchased_type":["Card","Relic","Card","Relic","Relic","Relic","Relic","Relic","Card","Card","Card","Card"],"build_version":"2020-12-22","purchased_purges":3,"victory":true,"max_hp_per_floor":[94,104,114,124,134,144,154,164,174,184,194,204,224,234,244,254,264,274,284,294,304,314,324,334,344,354,364,374,384,394,404,414,424,434,444,454,464,474,484,494,504,514,524,534,544,554,564,574,584,594,604,614],"card_choices":[{"not_picked":["Galaxy"],"picked":"Beak","floor":1},{"not_picked":["Diffraction"],"picked":"WristCuter","floor":4},{"not_picked":["RapturousDream"],"picked":"CUTE","floor":7},{"not_picked":["LifeForTheDareDevil"],"picked":"Penitence","floor":8},{"not_picked":["Wingbeat","FrostShard"],"picked":"SKIP","floor":11},{"not_picked":["Porccubus","GalaxyChild"],"picked":"DespairKnight","floor":13},{"not_picked":["FeatherOfHonor"],"picked":"Pinks","floor":13},{"not_picked":["ShyLook","OldLady"],"picked":"Mercenary","floor":14},{"not_picked":["Galaxy"],"picked":"Regret_ego","floor":14},{"not_picked":["VoidDream","MeatLantern"],"picked":"LongBird","floor":16},{"not_picked":["Mimicry"],"picked":"CENSORED_ego","floor":16},{"not_picked":["Lantern"],"picked":"FeatherOfHonor","floor":18},{"not_picked":["Noise+1"],"picked":"Wingbeat","floor":21},{"not_picked":["LaLuna","SingingMachine"],"picked":"Wellcheers","floor":23},{"not_picked":["Beak"],"picked":"Wingbeat","floor":23},{"not_picked":["BigBadWolf","OldLady"],"picked":"Yin","floor":28},{"not_picked":["Harvest"],"picked":"Soda","floor":28},{"not_picked":["OldLady","Rudolta"],"picked":"Woodsman","floor":29},{"not_picked":["Noise"],"picked":"Soda","floor":29},{"not_picked":["Noise"],"picked":"Christmas","floor":29},{"not_picked":["OldLady","FieryBird"],"picked":"Mercenary","floor":30},{"not_picked":["Pleasure"],"picked":"Lamp+1","floor":30},{"not_picked":["Amita","Lantern"],"picked":"SKIP","floor":30},{"not_picked":["CrumblingArmor","LittleHelper"],"picked":"BodiesMountain","floor":31},{"not_picked":["Lamp"],"picked":"WristCuter","floor":31},{"not_picked":["MeatLantern","LaLuna"],"picked":"BigBird","floor":33},{"not_picked":["Justitia"],"picked":"Twilight","floor":33},{"not_picked":["GalaxyChild","Scarecrow"],"picked":"MeltingLove","floor":35},{"not_picked":["Loneliness"],"picked":"Regret_ego","floor":35},{"not_picked":["RedEyes+1","CherryBlossom"],"picked":"SKIP","floor":35},{"not_picked":["Beak"],"picked":"Penitence","floor":36},{"not_picked":["SomewhereSpear","Pleasure"],"picked":"SKIP","floor":36},{"not_picked":["DreamingCurrent","Porccubus"],"picked":"Funeral","floor":39},{"not_picked":["Wingbeat"],"picked":"Ecstasy+1","floor":39},{"not_picked":["SwordSharpenedByTears","Penitence"],"picked":"SKIP","floor":39},{"not_picked":["Loneliness"],"picked":"SolemnVow","floor":40},{"not_picked":["ShyLook","BigBadWolf"],"picked":"CENSORED","floor":42},{"not_picked":["Mimicry"],"picked":"MagicBullet","floor":42},{"not_picked":["SnowQueen","HeroicMonk"],"picked":"BlackArmy","floor":45},{"not_picked":["FourthMatchFlame","Beak"],"picked":"SKIP","floor":45},{"not_picked":["FourthMatchFlame+1","TodaysExpression"],"picked":"SKIP","floor":45},{"not_picked":["SingingMachine","DreamingCurrent"],"picked":"QueenOfHatred","floor":46},{"not_picked":["Loneliness"],"picked":"Twilight","floor":46},{"not_picked":["BearPaw","ScreamingWedge"],"picked":"CherryBlossom+1","floor":48},{"not_picked":["Gaze","Loneliness"],"picked":"CherryBlossom","floor":48}],"player_experience":256843,"relics_obtained":[{"floor":1,"key":"LetterFromLob"},{"floor":7,"key":"StuffTheSpire:Nightcore"},{"floor":11,"key":"infinitespire:Beetle Shell"},{"floor":17,"key":"Anchor"},{"floor":17,"key":"StuffTheSpire:ForceGauntlet"},{"floor":17,"key":"Replay:PocketPolymizer"},{"floor":18,"key":"wanderingMiniBosses:ThiefScarf"},{"floor":18,"key":"NeowsBlessing"},{"floor":23,"key":"Prayer Wheel"},{"floor":26,"key":"BrokenLever"},{"floor":28,"key":"Dota2Spire:Butterfly"},{"floor":31,"key":"halation:IllGainedPizza"},{"floor":40,"key":"qcfpunch:Wild_Herbs_Ointment"},{"floor":42,"key":"Mercury Hourglass"},{"floor":43,"key":"strawberrySpire:ElefentMask"},{"floor":46,"key":"qcfpunch:Red_Headband"}],"event_choices":[{"damage_healed":0,"gold_gain":0,"cards_transformed":["Beak"],"player_choice":"Transformed","damage_taken":0,"max_hp_gain":0,"max_hp_loss":0,"event_name":"Transmorgrifier","floor":3,"gold_loss":0,"cards_obtained":["InTheNameOfLoveAndHate"]},{"damage_healed":0,"gold_gain":0,"player_choice":"Entered Light","damage_taken":37,"max_hp_gain":0,"max_hp_loss":0,"event_name":"Shining Light","floor":5,"gold_loss":0,"cards_upgraded":["InTheNameOfLoveAndHate","WristCuter"]},{"damage_healed":0,"gold_gain":0,"player_choice":"Inject Mutagens","damage_taken":0,"relics_obtained":["MutagenicStrength"],"max_hp_gain":0,"max_hp_loss":0,"event_name":"Drug Dealer","floor":19,"gold_loss":0}],"is_beta":false,"boss_relics":[{"not_picked":["aspiration:RunicSpoon","StuffTheSpire:Kangaroo"],"picked":"Calling Bell"},{"not_picked":["ReplayTheSpireMod:DimensionalGlitch","Painkiller Herb"],"picked":"Replay:Grab Bag"},{"not_picked":["conspire:SlowCooker","aspiration:FutureDiary"],"picked":"Dota2Spire:RefresherOrb"},{"not_picked":["halation:MonkeysPaw","halation:PlatinumPhoenix"],"picked":"hubris:HollowSoul"}],"items_purged_floors":[25,37,37],"is_endless":false,"potions_floor_spawned":[1,8,14,18,21,23,31,40,42,45],"ascension_level":20}}