{"host":"am8lvo9xvzrux3wx","time":1613511017,"event":{"mods":["2.2 Compatiblity","AchievementEnabler","Aspiration","BaseMod","Block Reminder","Colored Map","Downfall","Halation","Minty Spire (QoL Compilation)","Random Character Mod","Reliquary","Replay The Spire","StSLib","The Bug Knight","The Construct","The Cursed","The Forsaken","The Runesmith"],"gold_per_floor":[99,119,104,124,134,134,187,87,105,105,135,135,135,161,188,288,288,188,209,228,138,151,151,151,51,106,118,118,176,196,209,221,221,221,221],"floor_reached":33,"language":"ENG","playtime":4057,"items_purged":["hexamod:FifthSeal"],"score":311,"play_id":"ef77e08b-fc18-4147-b2b8-f70ed446b4e4","local_time":"20210216163017","is_ascension_mode":false,"campfire_choices":[{"floor":1,"key":"RECALL"},{"data":"hexamod:BurningTouch","floor":8,"key":"SMITH"},{"data":"hexamod:SpectralAdrenaline","floor":10,"key":"SMITH"},{"data":"hexamod:SwordOfDarkness","floor":13,"key":"SMITH"},{"data":"hexamod:RainOfEmbers","floor":18,"key":"SMITH"},{"data":"hexamod:BurningTouch","floor":23,"key":"SMITH"},{"data":"hexamod:Firestarter","floor":25,"key":"SMITH"}],"circlet_count":0,"master_deck":["hexamod:Strike+1","hexamod:Strike+1","hexamod:Strike","hexamod:Strike","hexamod:Defend","hexamod:Defend","hexamod:Defend+1","hexamod:Defend","hexamod:Sear+1","hexamod:Float+1","hexamod:BurningTouch+1","hexamod:Hexaguard","hexamod:Firestarter+1","hexamod:SpectralAdrenaline+1","hexamod:SwordOfDarkness+1","hexamod:SpectersWail","hexamod:RainOfEmbers+1","hexamod:SixthSeal","hexamod:GhostflameBarrier+1","hexamod:BurningTouch+1","hexamod:ExtraCrispy+1","hexamod:Firestarter+1","hexamod:Incineration+1","hexamod:PhantomFireball","hexamod:HeatMetal"],"relics":["hexamod:SpiritBrand","Replay:Rubber Ducky","downfall:HeartBlessingRed","reliquary:PartyBalloon","aspiration:HiddenCompartment","Runesmith:UraniumAnvil","downfall:HeartBlessingGreen","hexamod:TheBrokenSeal","downfall:HeartBlessingBlue","theForsaken:Gavel","downfall:KnowingSkull"],"acts_visited":["Exordium","TheCity"],"potions_floor_usage":[14,16,19,31,31,31,31,31,32,33,33],"damage_taken":[{"damage":4,"enemies":"Jaw Worm","floor":2,"turns":4},{"damage":0,"enemies":"downfall:FleeingMerchant","floor":3,"turns":4},{"damage":0,"enemies":"Cultist","floor":4,"turns":3},{"damage":0,"enemies":"Small Slimes","floor":5,"turns":3},{"damage":12,"enemies":"3 Louse","floor":9,"turns":5},{"damage":9,"enemies":"Gremlin Nob","floor":11,"turns":5},{"damage":0,"enemies":"Lagavulin","floor":14,"turns":7},{"damage":0,"enemies":"Large Slime","floor":15,"turns":4},{"damage":39,"enemies":"WA_ARCHETYPE_RETAIN","floor":16,"turns":7},{"damage":22,"enemies":"3 Byrds","floor":19,"turns":6},{"damage":6,"enemies":"downfall:LooterAlt2","floor":20,"turns":4},{"damage":0,"enemies":"downfall:FleeingMerchant","floor":21,"turns":4},{"damage":0,"enemies":"Snake Plant","floor":22,"turns":4},{"damage":4,"enemies":"Centurion and Healer","floor":27,"turns":3},{"damage":22,"enemies":"Shelled Parasite and Fungi","floor":29,"turns":3},{"damage":3,"enemies":"Cultist and Chosen","floor":30,"turns":4},{"damage":14,"enemies":"Snake Plant","floor":31,"turns":2},{"damage":1,"enemies":"Centurion and Healer","floor":32,"turns":4},{"damage":3,"enemies":"DF_ARCHETYPE_CLAW","floor":33,"turns":3}],"seed_played":"785269391549053170","potions_obtained":[{"floor":4,"key":"Adrenaline Potion"},{"floor":9,"key":"Energy Potion"},{"floor":11,"key":"DistilledChaos"},{"floor":14,"key":"bronze:BurnAndBuffPotion"},{"floor":16,"key":"BlessingOfTheForge"},{"floor":19,"key":"Toxic Potion"},{"floor":26,"key":"EntropicBrew"},{"floor":32,"key":"EntropicBrew"}],"is_trial":false,"path_per_floor":["R","M","$","M","M","?","T","R","M","R","E","?","R","E","M","B",null,"R","M","M","$","M","R","T","R","?","M","?","M","M","M","M","B"],"character_chosen":"THE_SPIRIT","items_purchased":[],"campfire_rested":0,"item_purchase_floors":[],"current_hp_per_floor":[77,73,73,73,77,77,77,77,65,65,63,63,63,70,70,38,77,77,87,81,81,81,81,81,91,53,49,42,20,17,3,2,0,0,0],"gold":221,"neow_bonus":"TEN_PERCENT_HP_BONUS","is_daily":false,"chose_seed":false,"campfire_upgraded":6,"win_rate":0.0,"timestamp":1613511017,"path_taken":["R","M","$","M","M","?","T","R","?","R","E","?","R","E","M","BOSS","R","M","M","$","M","R","T","R","?","M","?","M","M","M","M","BOSS"],"items_purchased_type":[],"build_version":"2020-12-22","purchased_purges":1,"victory":false,"max_hp_per_floor":[77,77,77,77,77,77,77,77,77,77,77,77,77,77,77,77,77,77,87,87,87,87,87,87,97,97,97,97,97,97,97,97,97,97,97],"card_choices":[{"not_picked":["hexamod:SpectersWail","hexamod:RecurringNightmare"],"picked":"hexamod:ThirdSeal","floor":2},{"not_picked":["hexamod:HauntingEcho","hexamod:HeatMetal"],"picked":"hexamod:BurningTouch","floor":3},{"not_picked":["hexamod:HeatCrush","hexamod:Hexaguard"],"picked":"hexamod:FirstSeal","floor":4},{"not_picked":["hexamod:BacktrackSmack","hexamod:AdvancingGuard"],"picked":"hexamod:Hexaguard","floor":4},{"not_picked":["hexamod:HeatMetal","hexamod:EtherealExpedition","hexamod:GhostflameBarrier"],"picked":"SKIP","floor":5},{"not_picked":["hexamod:PhantomCloak","hexamod:FirstSeal","hexamod:NightmareStrike"],"picked":"SKIP","floor":5},{"not_picked":["hexamod:FirstSeal","hexamod:ThirdSeal"],"picked":"hexamod:FourthSeal","floor":9},{"not_picked":["hexamod:HeatCrush","hexamod:FastForward"],"picked":"hexamod:SpectralAdrenaline","floor":9},{"not_picked":["hexamod:DynamicBlow","hexamod:Incineration","hexamod:AdvancingGuard"],"picked":"SKIP","floor":9},{"not_picked":["hexamod:ThirdSeal","hexamod:FourthSeal"],"picked":"hexamod:SecondSeal","floor":11},{"not_picked":["hexamod:EmpoweredFlame","hexamod:FirstSeal"],"picked":"hexamod:SwordOfDarkness","floor":11},{"not_picked":["hexamod:FastForward","hexamod:NightmareStrike"],"picked":"hexamod:SpectersWail","floor":11},{"not_picked":["hexamod:UnlimitedPower","hexamod:ThermalTransfer"],"picked":"hexamod:RainOfEmbers","floor":14},{"not_picked":["hexamod:SpectersWail","hexamod:GhostOfSpirePast","hexamod:BacktrackSmack"],"picked":"SKIP","floor":14},{"not_picked":["hexamod:Firestarter","hexamod:GhostLash","hexamod:StepThrough"],"picked":"SKIP","floor":15},{"not_picked":["hexamod:FourthSeal","hexamod:SecondSeal"],"picked":"hexamod:SixthSeal","floor":16},{"not_picked":["hexamod:ForkedFlame","hexamod:TimeWarp"],"picked":"hexamod:SixthSeal","floor":16},{"not_picked":["hexamod:SixthSeal","hexamod:HexaLevel"],"picked":"hexamod:FifthSeal","floor":16},{"not_picked":["hexamod:RecurringNightmare+1","hexamod:NightmareStrike"],"picked":"hexamod:GhostflameBarrier","floor":19},{"not_picked":["hexamod:HauntingEcho","hexamod:SkipABeat","hexamod:GhostLash"],"picked":"SKIP","floor":20},{"not_picked":["hexamod:SwordOfDarkness+1","hexamod:ShieldOfDarkness"],"picked":"hexamod:BurningTouch","floor":21},{"not_picked":["hexamod:SpectersWail","hexamod:CatchUp"],"picked":"hexamod:ExtraCrispy+1","floor":22},{"not_picked":["hexamod:NecessarySacrifice","hexamod:ThirdSeal"],"picked":"hexamod:Firestarter+1","floor":27},{"not_picked":["hexamod:GhostOfSpirePresent","hexamod:SwordOfDarkness"],"picked":"hexamod:Incineration+1","floor":29},{"not_picked":["hexamod:NightmareGuise","hexamod:GhostLash","hexamod:GhostflameBarrier+1"],"picked":"SKIP","floor":30},{"not_picked":["hexamod:GhostLash","hexamod:Again"],"picked":"hexamod:PhantomFireball","floor":31},{"not_picked":["hexamod:Hexaguard","hexamod:NightmareGuise"],"picked":"hexamod:HeatMetal","floor":32}],"player_experience":162127,"relics_obtained":[{"floor":7,"key":"Replay:Rubber Ducky"},{"floor":11,"key":"reliquary:PartyBalloon"},{"floor":14,"key":"aspiration:HiddenCompartment"},{"floor":26,"key":"theForsaken:Gavel"}],"event_choices":[{"damage_healed":0,"gold_gain":0,"player_choice":"Grow","damage_taken":0,"max_hp_gain":0,"max_hp_loss":0,"event_name":"Living Wall","floor":12,"gold_loss":0,"cards_upgraded":["hexamod:Sear"]}],"is_beta":false,"boss_relics":[{"not_picked":["halation:PinkAlligatorPlush","reliquary:WritOfMandamus"],"picked":"Runesmith:UraniumAnvil"}],"items_purged_floors":[21],"is_endless":false,"potions_floor_spawned":[4,9,14,15,19,29,30,32],"killed_by":"DF_ARCHETYPE_CLAW","ascension_level":0}}