{"host":"4rvakrj1idbgia3f","time":1613470510,"event":{"mods":["BaseMod","Colored Map","Colored Powertips","DeckTracker","Highlight Path","Minty Spire (QoL Compilation)","Random Character Button","StSLib"],"gold_per_floor":[15,30,30,30,50,50,50,50,50,67,67,79,92,106,106,106,106],"floor_reached":16,"language":"JPN","playtime":499,"items_purged":[],"score":188,"play_id":"cdbb8885-dc6c-4a67-ace9-6a667bc6cafd","local_time":"20210216191510","is_ascension_mode":true,"campfire_choices":[{"data":"A Thousand Cuts","floor":6,"key":"SMITH"},{"data":"Poisoned Stab","floor":8,"key":"SMITH"},{"data":"Wraith Form v2","floor":11,"key":"SMITH"},{"data":"Setup","floor":15,"key":"SMITH"}],"circlet_count":0,"master_deck":["AscendersBane","Strike_G","Strike_G","Strike_G","Strike_G","Defend_G","Defend_G","Defend_G","Defend_G","Survivor","Neutralize","Well Laid Plans","Wraith Form v2+1","Dagger Spray","Poisoned Stab+1","A Thousand Cuts+1","Slice","Setup+1","Deflect"],"relics":["Ring of the Snake","Matryoshka"],"acts_visited":["Exordium"],"potions_floor_usage":[16],"damage_taken":[{"damage":2,"enemies":"Cultist","floor":1,"turns":8},{"damage":7,"enemies":"Small Slimes","floor":2,"turns":5},{"damage":1,"enemies":"2 Louse","floor":5,"turns":2},{"damage":6,"enemies":"Exordium Wildlife","floor":10,"turns":6},{"damage":1,"enemies":"2 Fungi Beasts","floor":12,"turns":3},{"damage":8,"enemies":"Lots of Slimes","floor":13,"turns":2},{"damage":9,"enemies":"Blue Slaver","floor":14,"turns":4},{"damage":23,"enemies":"Hexaghost","floor":16,"turns":7}],"seed_played":"-4084580622939922339","potions_obtained":[{"floor":1,"key":"SkillPotion"},{"floor":13,"key":"Explosive Potion"},{"floor":14,"key":"Weak Potion"}],"is_trial":false,"path_per_floor":["M","M","$","?","M","R","?","R","T","M","R","M","M","M","R","B"],"character_chosen":"THE_SILENT","items_purchased":[],"campfire_rested":0,"item_purchase_floors":[],"current_hp_per_floor":[57,50,50,50,49,49,49,49,49,43,43,42,34,25,25,2,2],"gold":106,"neow_bonus":"TRANSFORM_TWO_CARDS","is_daily":false,"chose_seed":false,"campfire_upgraded":4,"win_rate":0.0,"timestamp":1613470510,"path_taken":["M","M","?","?","M","R","?","R","T","M","R","M","?","M","R","BOSS"],"items_purchased_type":[],"build_version":"2020-12-22","purchased_purges":0,"victory":false,"max_hp_per_floor":[66,66,66,66,66,66,66,66,66,66,66,66,66,66,66,66,66],"card_choices":[{"not_picked":["Slice","Sucker Punch"],"picked":"Dagger Spray","floor":1},{"not_picked":["PiercingWail","Dodge and Roll"],"picked":"Poisoned Stab","floor":2},{"not_picked":["Deflect","Sucker Punch"],"picked":"A Thousand Cuts","floor":5},{"not_picked":["Noxious Fumes","Deadly Poison"],"picked":"Slice","floor":10},{"not_picked":["Underhanded Strike","Poisoned Stab","Finisher"],"picked":"SKIP","floor":12},{"not_picked":["Noxious Fumes","Backstab"],"picked":"Setup","floor":13},{"not_picked":["Well Laid Plans","Finisher"],"picked":"Deflect","floor":14}],"player_experience":2397762,"relics_obtained":[{"floor":9,"key":"Matryoshka"}],"event_choices":[{"damage_healed":0,"gold_gain":0,"player_choice":"Ignored","damage_taken":0,"max_hp_gain":0,"max_hp_loss":0,"event_name":"Liars Game","floor":4,"gold_loss":0},{"damage_healed":0,"gold_gain":0,"player_choice":"Leave","damage_taken":0,"max_hp_gain":0,"max_hp_loss":0,"event_name":"The Cleric","floor":7,"gold_loss":0}],"is_beta":false,"boss_relics":[],"items_purged_floors":[],"is_endless":false,"potions_floor_spawned":[1,13,14],"killed_by":"Hexaghost","ascension_level":20}}