{"host":"0fd22hpf43j6tvvm","time":1613494168,"event":{"mods":["AchievementEnabler","BaseMod","Colored Map","Minty Spire (QoL Compilation)","Relic Stats"],"gold_per_floor":[116,128,108,33,33,67,67,99,145,145,160,193,193,268,268,343,343,355,30,30,50,73,73,113,113,113,124,124,124],"floor_reached":28,"language":"ENG","playtime":1537,"items_purged":["Defend_P","Defend_P"],"score":457,"play_id":"876b26ad-1b7d-4f53-a292-2c3cf946c855","local_time":"20210216114928","is_ascension_mode":true,"campfire_choices":[{"data":"SashWhip","floor":7.0,"key":"SMITH"},{"data":"Eruption","floor":10.0,"key":"SMITH"},{"data":"LikeWater","floor":13.0,"key":"SMITH"},{"data":"CrushJoints","floor":15.0,"key":"SMITH"},{"data":"TalkToTheHand","floor":23,"key":"SMITH"},{"floor":25,"key":"REST"}],"circlet_count":0,"master_deck":["AscendersBane","Strike_P","Strike_P","Strike_P","Defend_P+1","Eruption+1","Vigilance","CrushJoints+1","SashWhip+1","LikeWater+1","EmptyBody","TalkToTheHand+1","Protect+1","Ragnarok","Conclude","FlurryOfBlows","CutThroughFate","Wallop+1","Study"],"relics":["Philosopher\u0027s Stone","Lantern","Ancient Tea Set","Potion Belt","Empty Cage","CeramicFish","Nloth\u0027s Gift","Smiling Mask","War Paint"],"acts_visited":["Exordium","TheCity"],"potions_floor_usage":[24,28,28],"damage_taken":[{"damage":2.0,"enemies":"2 Louse","floor":1.0,"turns":4.0},{"damage":0.0,"enemies":"Cultist","floor":2.0,"turns":2.0},{"damage":26.0,"enemies":"Lagavulin","floor":6.0,"turns":3.0},{"damage":17.0,"enemies":"3 Sentries","floor":8.0,"turns":10.0},{"damage":1.0,"enemies":"Small Slimes","floor":11.0,"turns":3.0},{"damage":1.0,"enemies":"Lagavulin","floor":12.0,"turns":6.0},{"damage":13.0,"enemies":"Hexaghost","floor":16.0,"turns":11.0},{"damage":19.0,"enemies":"2 Thieves","floor":18.0,"turns":4.0},{"damage":2,"enemies":"Chosen","floor":21,"turns":4},{"damage":20,"enemies":"Shelled Parasite and Fungi","floor":22,"turns":4},{"damage":13,"enemies":"Gremlin Leader","floor":24,"turns":6},{"damage":32,"enemies":"Centurion and Healer","floor":27,"turns":5},{"damage":12,"enemies":"Snake Plant","floor":28,"turns":1}],"seed_played":"4184404880808179712","potions_obtained":[{"floor":1.0,"key":"Ancient Potion"},{"floor":3.0,"key":"AttackPotion"},{"floor":6.0,"key":"Strength Potion"},{"floor":21,"key":"BottledMiracle"},{"floor":27,"key":"Block Potion"}],"is_trial":false,"path_per_floor":["M","M","?","$","?","E","R","E","T","R","M","E","R","?","R","B",null,"M","$","?","M","M","R","E","R","T","M","M"],"character_chosen":"WATCHER","items_purchased":["FlurryOfBlows","CeramicFish"],"campfire_rested":1,"item_purchase_floors":[19,19],"current_hp_per_floor":[59,59,59,59,64,38,38,31,31,31,30,29,29,18,18,5,64,45,45,45,43,23,23,10,34,34,2,0,0],"gold":124,"neow_bonus":"BOSS_RELIC","is_daily":false,"chose_seed":false,"campfire_upgraded":5,"win_rate":0.0,"timestamp":1613494168,"path_taken":["M","M","?","?","?","E","R","E","T","R","M","E","R","?","R","BOSS","M","$","?","M","M","R","E","R","T","M","M"],"items_purchased_type":["Card","Relic"],"build_version":"2020-12-22","purchased_purges":2,"victory":false,"max_hp_per_floor":[68,68,68,68,73,73,73,83,83,83,83,83,83,83,83,83,83,83,83,83,83,83,83,83,83,83,83,83,83],"relic_stats":{"counters":[13,63],"CeramicFish":27,"Nloth\u0027s Gift":1,"War Paint":["Protect","Defend_P"],"Smiling Mask":0,"obtain_stats":[{"Potion Belt":12,"Lantern":6,"Pear":8,"CeramicFish":19,"Philosopher\u0027s Stone":0,"Nloth\u0027s Gift":20,"PureWater":0,"War Paint":26,"Ancient Tea Set":9,"Empty Cage":17,"Smiling Mask":24},{"Potion Belt":6,"Lantern":3,"Pear":4,"CeramicFish":8,"Philosopher\u0027s Stone":0,"Nloth\u0027s Gift":8,"PureWater":0,"War Paint":11,"Ancient Tea Set":4,"Empty Cage":7,"Smiling Mask":11},{"Potion Belt":28,"Lantern":9,"Pear":19,"CeramicFish":43,"Philosopher\u0027s Stone":0,"Nloth\u0027s Gift":43,"PureWater":0,"War Paint":57,"Ancient Tea Set":19,"Empty Cage":39,"Smiling Mask":57}]},"card_choices":[{"not_picked":["MentalFortress","Crescendo"],"picked":"CrushJoints","floor":1.0},{"not_picked":["CutThroughFate","Sanctity"],"picked":"SashWhip","floor":2.0},{"not_picked":["WheelKick","Judgement"],"picked":"LikeWater","floor":6.0},{"not_picked":["FollowUp","FlurryOfBlows"],"picked":"EmptyBody","floor":8.0},{"not_picked":["EmptyFist","ReachHeaven"],"picked":"TalkToTheHand","floor":11.0},{"not_picked":["FlurryOfBlows","Wish"],"picked":"Protect","floor":12.0},{"not_picked":["Judgement","Brilliance"],"picked":"Ragnarok","floor":16.0},{"not_picked":["FollowUp","Vengeance"],"picked":"Conclude","floor":18.0},{"not_picked":["EmptyBody","FlurryOfBlows+1"],"picked":"CutThroughFate","floor":21},{"not_picked":["Sanctity","MentalFortress"],"picked":"Wallop+1","floor":22},{"not_picked":["WheelKick","Ragnarok"],"picked":"Study","floor":24},{"not_picked":["CrushJoints+1","Consecrate","SashWhip"],"picked":"SKIP","floor":27}],"player_experience":574835,"relics_obtained":[{"floor":6.0,"key":"Lantern"},{"floor":8.0,"key":"Pear"},{"floor":9.0,"key":"Ancient Tea Set"},{"floor":12.0,"key":"Potion Belt"},{"floor":24,"key":"Smiling Mask"},{"floor":26,"key":"War Paint"}],"event_choices":[{"damage_healed":0.0,"max_hp_gain":0.0,"max_hp_loss":0.0,"gold_gain":0.0,"event_name":"The Woman in Blue","player_choice":"Bought 1 Potion","floor":3.0,"gold_loss":0.0,"damage_taken":0.0},{"damage_healed":0.0,"max_hp_gain":5.0,"max_hp_loss":0.0,"gold_gain":0.0,"event_name":"Big Fish","player_choice":"Donut","floor":5.0,"gold_loss":0.0,"damage_taken":0.0},{"damage_healed":0.0,"max_hp_gain":0.0,"max_hp_loss":0.0,"gold_gain":75.0,"event_name":"World of Goop","player_choice":"Gather Gold","floor":14.0,"gold_loss":0.0,"damage_taken":11.0},{"damage_healed":0.0,"max_hp_gain":0.0,"max_hp_loss":0.0,"gold_gain":0.0,"event_name":"N\u0027loth","player_choice":"Traded Relic","floor":20.0,"relics_lost":["Pear"],"gold_loss":0.0,"damage_taken":0.0,"relics_obtained":["Nloth\u0027s Gift"]}],"is_beta":false,"boss_relics":[{"not_picked":["Fusion Hammer","Ectoplasm"],"picked":"Empty Cage"}],"items_purged_floors":[4,19],"is_endless":false,"potions_floor_spawned":[1,6,11,21,27],"killed_by":"Snake Plant","ascension_level":16}}