{"host":"gg","time":1613513565,"event":{"mods":["BaseMod","Colored Map","Googly Eyes","Minty Spire (QoL Compilation)","Relic Stats","The IronCluck"],"gold_per_floor":[119,138,138,156,231,258,258,291,314,326,326,337,262,288,288,288,288],"floor_reached":16,"language":"ENG","playtime":1096,"items_purged":["Defend_P"],"score":240,"play_id":"92d495da-ec55-48e1-89de-9e4ceaf88823","local_time":"20210216141245","is_ascension_mode":true,"campfire_choices":[{"floor":7,"key":"REST"},{"floor":11,"key":"REST"},{"floor":15,"key":"REST"}],"circlet_count":0,"master_deck":["AscendersBane","Strike_P","Strike_P","Strike_P","Strike_P","Defend_P","Defend_P+1","Defend_P","Eruption","Vigilance+1","FlurryOfBlows","CrushJoints","Judgement","FollowUp","Brilliance","MentalFortress","Weave","Wallop","EmptyBody","FlurryOfBlows"],"relics":["Sozu","War Paint","Potion Belt","Dream Catcher","Bag of Marbles"],"acts_visited":["Exordium"],"potions_floor_usage":[],"damage_taken":[{"damage":14,"enemies":"Small Slimes","floor":1,"turns":3},{"damage":2,"enemies":"Cultist","floor":2,"turns":3},{"damage":0,"enemies":"Jaw Worm","floor":4,"turns":3},{"damage":16,"enemies":"Gremlin Nob","floor":6,"turns":3},{"damage":20,"enemies":"3 Sentries","floor":8,"turns":6},{"damage":0,"enemies":"Looter","floor":10,"turns":1},{"damage":8,"enemies":"Blue Slaver","floor":12,"turns":2},{"damage":12,"enemies":"Gremlin Nob","floor":14,"turns":3},{"damage":41,"enemies":"The Guardian","floor":16,"turns":10}],"seed_played":"-8682698356592515905","potions_obtained":[],"is_trial":false,"path_per_floor":["M","M","?","M","?","E","R","E","T","M","R","M","$","E","R","B"],"character_chosen":"WATCHER","items_purchased":[],"campfire_rested":3,"item_purchase_floors":[],"current_hp_per_floor":[47,45,45,45,34,18,38,18,18,18,38,30,30,18,38,0,0],"gold":288,"neow_bonus":"BOSS_RELIC","is_daily":false,"chose_seed":false,"campfire_upgraded":0,"win_rate":0.0,"timestamp":1613513565,"path_taken":["M","M","?","?","?","E","R","E","T","M","R","M","$","E","R","BOSS"],"items_purchased_type":[],"build_version":"2020-12-18","purchased_purges":1,"victory":false,"max_hp_per_floor":[68,68,68,68,68,68,68,68,68,68,68,68,68,68,68,68,68],"relic_stats":{"Sozu":3,"Dream Catcher":2,"counters":[9,34],"War Paint":["Vigilance","Defend_P"],"obtain_stats":[{"Sozu":0,"Potion Belt":8,"Dream Catcher":9,"Bag of Marbles":14,"PureWater":0,"War Paint":6},{"Sozu":0,"Potion Belt":5,"Dream Catcher":5,"Bag of Marbles":8,"PureWater":0,"War Paint":4},{"Sozu":0,"Potion Belt":18,"Dream Catcher":18,"Bag of Marbles":24,"PureWater":0,"War Paint":12}]},"card_choices":[{"not_picked":["ClearTheMind","SandsOfTime"],"picked":"FlurryOfBlows","floor":1},{"not_picked":["Crescendo","Halt"],"picked":"CrushJoints","floor":2},{"not_picked":["Adaptation","FlyingSleeves"],"picked":"FollowUp","floor":4},{"not_picked":["EmptyBody","PathToVictory"],"picked":"Brilliance","floor":6},{"not_picked":["PathToVictory","Pray"],"picked":"MentalFortress","floor":8},{"not_picked":["JustLucky","Study"],"picked":"Weave","floor":10},{"not_picked":["ClearTheMind","Conclude"],"picked":"Wallop","floor":12},{"not_picked":["Protect","EmptyBody","Omniscience"],"picked":"SKIP","floor":14},{"not_picked":["Protect","Omniscience"],"picked":"EmptyBody","floor":14},{"not_picked":["EmptyBody","SashWhip"],"picked":"FlurryOfBlows","floor":15}],"player_experience":1341996,"relics_obtained":[{"floor":6,"key":"War Paint"},{"floor":8,"key":"Potion Belt"},{"floor":9,"key":"Dream Catcher"},{"floor":14,"key":"Bag of Marbles"}],"event_choices":[{"damage_healed":0,"gold_gain":0,"player_choice":"1 cards matched","damage_taken":0,"max_hp_gain":0,"max_hp_loss":0,"event_name":"Match and Keep!","floor":3,"gold_loss":0,"cards_obtained":["Judgement"]},{"damage_healed":0,"gold_gain":75,"player_choice":"Gather Gold","damage_taken":11,"max_hp_gain":0,"max_hp_loss":0,"event_name":"World of Goop","floor":5,"gold_loss":0}],"is_beta":true,"boss_relics":[],"items_purged_floors":[13],"is_endless":false,"potions_floor_spawned":[2,4,14],"killed_by":"The Guardian","ascension_level":20}}