{"host":"rm0ctv8qd8mnbkg1","time":1613482643,"event":{"mods":["Act Like it!","BaseMod","Beaked The Cultist","BetterRewards","Colored Map","DNKmod","Dark Map","Defuse TimeMaze Blight","Downfall","Friendly Minions","Gensokyo","Hallownest","Hubris","Marisa????????","Minty Spire (QoL Compilation)","MostiFishMod","Permanent Neow","Quarter Circle Forward PUNCH!","RRrroohrrRGHHhhh!!","Rare Cards Sparkle","Relic Sorter","Reliquary","Replay The Spire","RumiaBox-????????","Shade Mod","Shop Mod","Spicy Shops","Spire Arcade","StSLib","The Construct","The Dragonkin","The Servant 0.9.4","TheVacant","Wandering Minibosses","??????REMEMod"],"gold_per_floor":[10020,10038,9919,9919,9316,9326,9356,9356,9379,9379,9391,9391,9391,9424,9424,9528,9528,9939,9558,9558,9577,9577,9609,9622,9652,9652,9652,9652,9664,9678,9694,9694,9792,9792,9804,9815,9827,9842,9859,9859,9859,9859,9859,9746,9763,9450,9484,9544,9544,9544],"floor_reached":51,"language":"ENG","playtime":2166,"items_purged":[],"score":1252,"play_id":"e4140777-f42c-4531-a46d-65c435f1cc8d","local_time":"20210216133723","is_ascension_mode":false,"campfire_choices":[{"data":"theDragonkin:AncestralSeance","floor":10,"key":"SMITH"},{"data":"theDragonkin:DivineBreath","floor":12,"key":"SMITH"},{"data":"theDragonkin:HolyWordBarrier","floor":15,"key":"SMITH"},{"data":"theDragonkin:MoltenBreath","floor":28,"key":"SMITH"},{"data":"theDragonkin:Smaugs_Smog","floor":32,"key":"SMITH"},{"data":"theDragonkin:AkatirnsDecree","floor":40,"key":"SMITH"},{"data":"theDragonkin:Ashfall","floor":42,"key":"SMITH"},{"data":"theDragonkin:AcidRain","floor":49,"key":"SMITH"}],"circlet_count":0,"master_deck":["theDragonkin:Strike","theDragonkin:Strike","theDragonkin:Strike","theDragonkin:Strike","theDragonkin:Defend","theDragonkin:Defend","theDragonkin:Defend","theDragonkin:Defend","theDragonkin:HolySmite+1","theDragonkin:BlazingBreath","ConjureBlade+1","theDragonkin:AncestralSeance+1","theDragonkin:AcidBreath","theDragonkin:MagnussCorona+1","theDragonkin:SlowBurn","theDragonkin:Ashfall+1","theDragonkin:HolyWordBarrier+1","theDragonkin:GoldenFlames","theDragonkin:EmberSwipe","theDragonkin:MiasmicBreath","theDragonkin:Smaugs_Smog+1","theDragonkin:DivineBreath+1","theDragonkin:DivineFire","theDragonkin:MirrorBreath+1","theDragonkin:PlagueSwipe+1","theDragonkin:MagmaScales","theDragonkin:VoiceofOrder","theDragonkin:Flashpoint+1","theDragonkin:LightArmor","theDragonkin:MiasmicBreath+1","theDragonkin:MoltenBreath+1","theDragonkin:DivinePrayer","theDragonkin:PrismaticBreath+1","theDragonkin:BurningRage+1","theDragonkin:AkatirnsDecree+1","theDragonkin:DivineVision+1","theDragonkin:DivineJolt+1","theDragonkin:FlameWard+1","theDragonkin:AcidRain+1","theDragonkin:CrusaderForm","theDragonkin:RevelationBreath+1"],"relics":["theDragonkin:GarnetScale","REME_ComplimentaryCards","DaveBox","FeatherPendant","SynthV:TestCard","Membership Card","PlanX","Turnip","MealTicket","Nunchaku","Smiling Mask","ReplayTheSpireMod:DimensionalGlitch","wanderingMiniBosses:LockLocket","Replay:Bottled Eggs","Orrery","Pen Nib","Guide Book","GodSword4","theDragonkin:FernosBellows","GodSword7","ExusiaiGun","qcfpunch:Combat_Fatigues","HandDrill","Blood Vial","hubris:TenFootPole","ReplayTheSpireMod:TigerMarble"],"acts_visited":["Exordium","TheCity","TheBeyond"],"potions_floor_usage":[18,21,29,37,37],"damage_taken":[{"damage":5,"enemies":"2 Louse","floor":1,"turns":2},{"damage":0,"enemies":"Cultist","floor":2,"turns":2},{"damage":0,"enemies":"Jaw Worm","floor":6,"turns":1},{"damage":0,"enemies":"Replay:BlueRogue","floor":7,"turns":4},{"damage":0,"enemies":"Red Slaver","floor":11,"turns":1},{"damage":0,"enemies":"Gremlin Nob","floor":14,"turns":1},{"damage":0,"enemies":"Slime Boss","floor":16,"turns":3},{"damage":0,"enemies":"Spheric Guardian","floor":18,"turns":8},{"damage":0,"enemies":"2 Thieves","floor":21,"turns":2},{"damage":0,"enemies":"REME_1_Revenger","floor":23,"turns":5},{"damage":8,"enemies":"Centurion and Healer","floor":24,"turns":4},{"damage":0,"enemies":"Replay:Snechameleon","floor":25,"turns":4},{"damage":0,"enemies":"3 Cultists","floor":29,"turns":3},{"damage":0,"enemies":"Snecko","floor":30,"turns":4},{"damage":0,"enemies":"Snake Plant","floor":31,"turns":3},{"damage":0,"enemies":"Automaton","floor":33,"turns":3},{"damage":0,"enemies":"Orb Walker","floor":35,"turns":2},{"damage":17,"enemies":"3 Shapes","floor":36,"turns":1},{"damage":0,"enemies":"Writhing Mass","floor":37,"turns":2},{"damage":21,"enemies":"Sphere and 2 Shapes","floor":38,"turns":2},{"damage":0,"enemies":"3 Darklings","floor":39,"turns":2},{"damage":0,"enemies":"Maw","floor":45,"turns":2},{"damage":0,"enemies":"Reptomancer","floor":47,"turns":2},{"damage":0,"enemies":"TheAcolyte","floor":50,"turns":2}],"seed_played":"8380664208195224127","potions_obtained":[{"floor":1,"key":"DuplicationPotion"},{"floor":6,"key":"Block Potion"},{"floor":13,"key":"Adrenaline Potion"},{"floor":13,"key":"PowerPotion"},{"floor":23,"key":"Toxic Potion"},{"floor":29,"key":"Venom Potion"},{"floor":33,"key":"Adrenaline Potion"},{"floor":36,"key":"Energy Potion"},{"floor":39,"key":"GamblersBrew"},{"floor":48,"key":"EssenceOfSteel"}],"is_trial":false,"path_per_floor":["M","M","$","?","$","M","E","?","T","R","M","R","?","E","R","B",null,"M","$","?","M","?","E","M","E","T","?","R","M","M","M","R","B",null,"M","M","M","M","M","R","?","R","T","$","M","$","E","?","R","B",null],"character_chosen":"THE_DRAGONKIN","items_purchased":["theDragonkin:MagnussCorona","theDragonkin:SlowBurn","Membership Card","PlanX","theDragonkin:Ashfall","theDragonkin:HolyWordBarrier","Turnip","theDragonkin:GoldenFlames","theDragonkin:EmberSwipe","theDragonkin:MagmaScales","Replay:Bottled Eggs","Orrery","Pen Nib","Guide Book","HandDrill","theDragonkin:AcidRain","Blood Vial","theDragonkin:CrusaderForm"],"campfire_rested":0,"item_purchase_floors":[3,3,5,5,5,5,5,5,5,19,19,19,19,19,44,44,46,46],"current_hp_per_floor":[995,995,995,995,995,995,995,995,995,995,995,995,995,995,995,995,1000,1000,1000,1000,1000,1000,1000,992,992,992,992,992,992,992,992,992,992,1000,1000,983,983,962,962,962,962,962,962,977,977,992,993,868,868,869],"gold":9544,"neow_bonus":"UPGRADE_CARD","is_daily":false,"chose_seed":false,"campfire_upgraded":8,"win_rate":0.0,"timestamp":1613482643,"path_taken":["M","M","$","?","$","M","E","?","T","R","?","R","?","E","R","BOSS","M","$","?","M","?","E","?","E","T","?","R","M","M","M","R","BOSS","M","M","M","M","M","R","?","R","T","$","M","$","E","?","R","BOSS"],"items_purchased_type":["Card","Card","Relic","Relic","Card","Card","Relic","Card","Card","Card","Relic","Relic","Relic","Relic","Relic","Card","Relic","Card"],"build_version":"2020-12-22","purchased_purges":0,"victory":true,"max_hp_per_floor":[1000,1000,1000,1000,1000,1000,1000,1000,1000,1000,1000,1000,1000,1000,1000,1000,1000,1000,1000,1000,1000,1000,1000,1000,1000,1000,1000,1000,1000,1000,1000,1000,1000,1000,1000,1000,1000,1000,1000,1000,1000,1000,1000,1000,1000,1000,1000,1000,1000,1000],"card_choices":[{"not_picked":["theDragonkin:FlameBreath","theDragonkin:Sizzle"],"picked":"theDragonkin:AncestralSeance","floor":1},{"not_picked":["theDragonkin:GoldenFlames","theDragonkin:Ashfall","theDragonkin:Sizzle","theDragonkin:DivineFire"],"picked":"theDragonkin:AcidBreath","floor":2},{"not_picked":["theDragonkin:DivineBreath","theDragonkin:SandBreath","theDragonkin:Sizzle","theDragonkin:CorrosiveBelch"],"picked":"theDragonkin:MiasmicBreath","floor":6},{"not_picked":["theDragonkin:EmberSwipe","theDragonkin:SandBreath","theDragonkin:DivineBreath","theDragonkin:HeatShield"],"picked":"theDragonkin:Smaugs_Smog","floor":7},{"not_picked":["theDragonkin:SandBreath","theDragonkin:FlameBreath","theDragonkin:DivineStorm","theDragonkin:VoiceofOrder"],"picked":"theDragonkin:DivineBreath","floor":11},{"not_picked":["theDragonkin:CorrosiveBelch","theDragonkin:FlameWard","theDragonkin:Ravage","theDragonkin:AcidArmor"],"picked":"theDragonkin:DivineFire","floor":14},{"not_picked":["theDragonkin:ShieldBash","theDragonkin:CinderStorm","theDragonkin:FlashofLight","theDragonkin:BurnAfterReading"],"picked":"theDragonkin:MirrorBreath","floor":16},{"not_picked":["theDragonkin:TwinBreath+1","theDragonkin:HolyWordBarrier","theDragonkin:SandBreath","theDragonkin:FlameClaw"],"picked":"theDragonkin:PlagueSwipe+1","floor":18},{"not_picked":["theDragonkin:AncestralSeance","theDragonkin:HolyShock","theDragonkin:BurningRage+1","theDragonkin:EmberSwipe"],"picked":"theDragonkin:VoiceofOrder","floor":19},{"not_picked":["theDragonkin:Smaugs_Smog","theDragonkin:DivineJolt","theDragonkin:BurningRage+1","theDragonkin:DivineBreath"],"picked":"theDragonkin:Flashpoint+1","floor":19},{"not_picked":["theDragonkin:HolyWordBarrier","theDragonkin:AncestralSeance+1","theDragonkin:EnduringAgony+1","theDragonkin:GooGrip"],"picked":"theDragonkin:LightArmor","floor":19},{"not_picked":["theDragonkin:LightArmor","theDragonkin:ShieldGlare+1","theDragonkin:SandBreath","theDragonkin:FlameBreath"],"picked":"theDragonkin:MiasmicBreath+1","floor":19},{"not_picked":["theDragonkin:DivineJolt","theDragonkin:CorrosiveBelch","theDragonkin:EmberSwipe","theDragonkin:ControlledBreath+1"],"picked":"theDragonkin:MoltenBreath","floor":19},{"not_picked":["theDragonkin:MiasmicBreath","theDragonkin:BurningRage","theDragonkin:ShieldGlare","theDragonkin:Ashfall"],"picked":"theDragonkin:DivinePrayer","floor":21},{"not_picked":["theDragonkin:Ashfall","theDragonkin:EmberSwipe","theDragonkin:Smaugs_Smog","theDragonkin:DeepBreath+1"],"picked":"theDragonkin:PrismaticBreath+1","floor":23},{"not_picked":["theDragonkin:MiasmicBreath+1","theDragonkin:PlagueSwipe","theDragonkin:ControlledBreath","theDragonkin:CorrosiveBelch","theDragonkin:DivineFire"],"picked":"SKIP","floor":24},{"not_picked":["theDragonkin:AcidBreath","theDragonkin:Sizzle","theDragonkin:MagmaScales","theDragonkin:FlameBreath","theDragonkin:DivineJolt"],"picked":"SKIP","floor":25},{"not_picked":["theDragonkin:FlameBreath","theDragonkin:StormFront","theDragonkin:BurningRage","theDragonkin:FlameClaw","theDragonkin:AcidBreath"],"picked":"SKIP","floor":29},{"not_picked":["theDragonkin:SlowBurn+1","theDragonkin:Sizzle+1","theDragonkin:StormFront+1","theDragonkin:SandBreath","theDragonkin:HolyFlask"],"picked":"SKIP","floor":30},{"not_picked":["theDragonkin:MagmaScales+1","theDragonkin:EmberSwipe+1","theDragonkin:LightArmor+1","theDragonkin:DivineJolt"],"picked":"theDragonkin:BurningRage+1","floor":31},{"not_picked":["theDragonkin:CinderStorm","theDragonkin:CrusaderForm","theDragonkin:Subdue","theDragonkin:AshenArmor"],"picked":"theDragonkin:AkatirnsDecree","floor":33},{"not_picked":["theDragonkin:SandBreath","theDragonkin:ControlledBreath","theDragonkin:HeatShield","theDragonkin:MiasmicBreath"],"picked":"theDragonkin:DivineVision+1","floor":35},{"not_picked":["theDragonkin:ChainsOfTruth+1","theDragonkin:PrismaticBreath","theDragonkin:ControlledBreath","theDragonkin:FlameBreath","theDragonkin:AncestralSeance"],"picked":"SKIP","floor":36},{"not_picked":["theDragonkin:DivineFire","theDragonkin:ShieldBash","theDragonkin:Sizzle","theDragonkin:FlameBreath"],"picked":"theDragonkin:DivineJolt+1","floor":37},{"not_picked":["theDragonkin:HeatShield+1","theDragonkin:SlowBurn+1","theDragonkin:MoltenBreath","theDragonkin:ControlledBreath"],"picked":"theDragonkin:FlameWard+1","floor":38},{"not_picked":["theDragonkin:GoldenFlames","theDragonkin:ControlledBreath+1","theDragonkin:SandBreath+1","theDragonkin:CorrosiveBelch+1","theDragonkin:MiasmicBreath"],"picked":"SKIP","floor":39},{"not_picked":["theDragonkin:EmberSwipe+1","theDragonkin:FlameWard+1","theDragonkin:Ravage","theDragonkin:HolyFlask+1","theDragonkin:AkatirnsDecree"],"picked":"SKIP","floor":45},{"not_picked":["theDragonkin:Flashpoint","theDragonkin:MagmaScales","theDragonkin:AcidArmor","theDragonkin:MiasmicBreath+1","theDragonkin:ControlledBreath+1"],"picked":"SKIP","floor":47},{"not_picked":["theDragonkin:HolyWordBarrier+1","theDragonkin:ShieldGlare+1","theDragonkin:FlameBreath","theDragonkin:Flashpoint"],"picked":"theDragonkin:RevelationBreath+1","floor":48}],"player_experience":361721,"relics_obtained":[{"floor":1,"key":"SynthV:TestCard"},{"floor":7,"key":"MealTicket"},{"floor":9,"key":"Nunchaku"},{"floor":14,"key":"Smiling Mask"},{"floor":18,"key":"wanderingMiniBosses:LockLocket"},{"floor":23,"key":"GodSword4"},{"floor":25,"key":"theDragonkin:FernosBellows"},{"floor":26,"key":"GodSword7"},{"floor":43,"key":"qcfpunch:Combat_Fatigues"},{"floor":47,"key":"hubris:TenFootPole"},{"floor":48,"key":"ReplayTheSpireMod:TigerMarble"}],"event_choices":[{"damage_healed":0,"gold_gain":0,"player_choice":"Forge","damage_taken":0,"max_hp_gain":0,"max_hp_loss":0,"event_name":"Accursed Blacksmith","floor":8,"gold_loss":0,"cards_upgraded":["theDragonkin:MagnussCorona"]},{"damage_healed":0,"gold_gain":0,"player_choice":"Got Potions","damage_taken":0,"max_hp_gain":0,"max_hp_loss":0,"event_name":"Lab","floor":13,"gold_loss":0},{"damage_healed":0,"gold_gain":0,"player_choice":"Ignored","damage_taken":0,"max_hp_gain":0,"max_hp_loss":0,"event_name":"Transmorgrifier","floor":22,"gold_loss":0},{"damage_healed":0,"gold_gain":0,"player_choice":"Ignored","damage_taken":0,"max_hp_gain":0,"max_hp_loss":0,"event_name":"Tomb of Lord Red Mask","floor":41,"gold_loss":0}],"is_beta":false,"boss_relics":[{"not_picked":["BloodWine","Ectoplasm"],"picked":"ReplayTheSpireMod:DimensionalGlitch"},{"not_picked":["HereWithMe","Runic Pyramid"],"picked":"ExusiaiGun"}],"items_purged_floors":[],"is_endless":false,"potions_floor_spawned":[1,6,11,18,23,29,33,36,39],"ascension_level":0}}