{"host":"qy1e0kd24tpj3i2m","time":1613497584,"event":{"mods":["Act Like it!","BaseMod","Better Skull","Better Vampires","Colored Map","Colored Powertips","Custom Start","Faster Ascension Climbing","Friendly Minions","GifTheSpireLib","Gremlin Skip","Highlight Path","Minty Spire (QoL Compilation)","Permanent Neow","Poor People Problems","Quick Restart","Red Circlet Mod","Relic Filter Mod","Relic Sorter","Reorder Act Four","SacredBarkPlus","Shop Mod","StSLib","SuperFastMode","Transform Curses","没有小屋子和绿帽子啦"],"gold_per_floor":[118,30,30,50,225,257,277,277,277,302,302,314,314,6,6,122,122,142,142,158,257,273,273,284,301,301,314,314,314,314],"floor_reached":29,"language":"ZHS","playtime":1451,"items_purged":[],"score":259,"play_id":"c1985287-7ad9-4938-a6c7-96efa4ea6fed","local_time":"20210217024624","is_ascension_mode":false,"campfire_choices":[{"data":"Dark Embrace","floor":11.0,"key":"SMITH"},{"data":"True Grit","floor":15.0,"key":"SMITH"},{"data":"Berserk","floor":23.0,"key":"SMITH"}],"circlet_count":0,"master_deck":["Strike_R","Strike_R","Strike_R","Strike_R","Strike_R","Defend_R","Defend_R","Defend_R","Defend_R","Flex","Metallicize","True Grit+1","Impervious","Battle Trance","Dark Embrace+1","Berserk+1","Fiend Fire","Pommel Strike","Barricade","Body Slam"],"relics":["Burning Blood","NeowsBlessing","Mummified Hand","Spirit Poop","Singing Bowl","Regal Pillow","Ginger","Mark of Pain","Oddly Smooth Stone"],"acts_visited":["Exordium","TheCity"],"potions_floor_usage":[29,29],"damage_taken":[{"damage":0.0,"enemies":"Jaw Worm","floor":1.0,"turns":1.0},{"damage":0.0,"enemies":"Small Slimes","floor":4.0,"turns":1.0},{"damage":0.0,"enemies":"3 Sentries","floor":6.0,"turns":1.0},{"damage":1.0,"enemies":"Cultist","floor":7.0,"turns":5.0},{"damage":39.0,"enemies":"Gremlin Nob","floor":10.0,"turns":5.0},{"damage":0.0,"enemies":"Exordium Thugs","floor":12.0,"turns":6.0},{"damage":25.0,"enemies":"The Guardian","floor":16.0,"turns":13.0},{"damage":17.0,"enemies":"Spheric Guardian","floor":18.0,"turns":8.0},{"damage":22.0,"enemies":"3 Byrds","floor":20.0,"turns":8.0},{"damage":34.0,"enemies":"Cultist and Chosen","floor":22.0,"turns":10.0},{"damage":0.0,"enemies":"Centurion and Healer","floor":24.0,"turns":7.0},{"damage":10.0,"enemies":"3 Cultists","floor":25.0,"turns":8.0},{"damage":12.0,"enemies":"Snecko","floor":27.0,"turns":7.0},{"damage":0,"enemies":"Centurion and Healer","floor":29,"turns":3}],"seed_played":"-520164089206572042","potions_obtained":[{"floor":7.0,"key":"SkillPotion"},{"floor":10.0,"key":"ColorlessPotion"},{"floor":12.0,"key":"ColorlessPotion"},{"floor":22.0,"key":"Dexterity Potion"},{"floor":24.0,"key":"Fire Potion"},{"floor":27.0,"key":"AttackPotion"}],"is_trial":false,"path_per_floor":["M","$","?","M","?","E","M","?","T","E","R","M","T","$","R","B",null,"M","?","M","?","M","R","M","M","T","M","?","M"],"character_chosen":"IRONCLAD","items_purchased":["Metallicize","True Grit","Ginger"],"campfire_rested":0,"item_purchase_floors":[2,2,14],"current_hp_per_floor":[80,80,73,79,79,80,80,80,80,47,47,55,55,55,55,36,82,73,73,59,59,31,31,39,35,35,29,12,12,12],"gold":314,"neow_bonus":"THREE_ENEMY_KILL","is_daily":false,"chose_seed":false,"campfire_upgraded":3,"win_rate":0.0,"timestamp":1613497584,"path_taken":["M","$","?","M","?","E","M","?","T","E","R","?","?","$","R","BOSS","M","?","M","?","M","R","M","M","T","M","?","M"],"items_purchased_type":["Card","Card","Relic"],"build_version":"2020-12-22","purchased_purges":0,"victory":false,"max_hp_per_floor":[80,80,80,80,80,80,80,80,80,80,80,82,82,82,82,82,82,84,84,86,86,86,86,88,88,88,88,93,93,93],"card_choices":[{"not_picked":["Infernal Blade","Clothesline"],"picked":"Flex","floor":1.0},{"not_picked":["Sword Boomerang","Disarm"],"picked":"Impervious","floor":4.0},{"not_picked":["Blood for Blood","Wild Strike"],"picked":"Battle Trance","floor":6.0},{"not_picked":["Twin Strike","Inflame"],"picked":"Dark Embrace","floor":7.0},{"not_picked":["Spot Weakness","Clash"],"picked":"Berserk","floor":10.0},{"not_picked":["Clash","Rampage","Armaments"],"picked":"Singing Bowl","floor":12.0},{"not_picked":["Feed","Bludgeon"],"picked":"Fiend Fire","floor":16.0},{"not_picked":["Cleave","Clothesline+1","Sword Boomerang"],"picked":"Singing Bowl","floor":18.0},{"not_picked":["Anger","Cleave","Dual Wield"],"picked":"Singing Bowl","floor":20.0},{"not_picked":["Havoc+1","Twin Strike"],"picked":"Pommel Strike","floor":22.0},{"not_picked":["Sword Boomerang","Armaments","Blood for Blood"],"picked":"Singing Bowl","floor":24.0},{"not_picked":["Heavy Blade","Havoc"],"picked":"Barricade","floor":25.0},{"not_picked":["Clash","Searing Blow"],"picked":"Body Slam","floor":27.0}],"player_experience":884983,"relics_obtained":[{"floor":6.0,"key":"Mummified Hand"},{"floor":9.0,"key":"Singing Bowl"},{"floor":10.0,"key":"Regal Pillow"},{"floor":26.0,"key":"Oddly Smooth Stone"}],"event_choices":[{"cards_removed":["Bash"],"damage_healed":0.0,"max_hp_gain":0.0,"max_hp_loss":0.0,"gold_gain":0.0,"event_name":"Golden Wing","player_choice":"Card Removal","floor":3.0,"gold_loss":0.0,"damage_taken":7.0},{"damage_healed":0.0,"max_hp_gain":0.0,"max_hp_loss":0.0,"gold_gain":175.0,"event_name":"Liars Game","player_choice":"AGREE","floor":5.0,"gold_loss":0.0,"damage_taken":0.0,"cards_obtained":["Doubt"]},{"cards_removed":["Doubt"],"damage_healed":0.0,"max_hp_gain":0.0,"max_hp_loss":0.0,"gold_gain":0.0,"event_name":"Bonfire Elementals","player_choice":"Offered Curse","floor":8.0,"gold_loss":0.0,"damage_taken":0.0,"relics_obtained":["Spirit Poop"]},{"damage_healed":0.0,"max_hp_gain":0.0,"max_hp_loss":0.0,"gold_gain":0.0,"event_name":"Cursed Tome","player_choice":"Ignored","floor":19.0,"gold_loss":0.0,"damage_taken":0.0},{"damage_healed":0.0,"max_hp_gain":0.0,"max_hp_loss":0.0,"gold_gain":99.0,"event_name":"Nest","player_choice":"Stole From Cult","floor":21.0,"gold_loss":0.0,"damage_taken":0.0},{"damage_healed":0.0,"max_hp_gain":5.0,"max_hp_loss":0.0,"gold_gain":0.0,"event_name":"Forgotten Altar","player_choice":"Shed Blood","floor":28.0,"gold_loss":0.0,"damage_taken":22.0}],"is_beta":false,"boss_relics":[{"not_picked":["Runic Cube","Snecko Eye"],"picked":"Mark of Pain"}],"items_purged_floors":[],"is_endless":false,"potions_floor_spawned":[7,10,12,22,24,27],"killed_by":"Centurion and Healer","ascension_level":0}}