{"host":"x5w9zppki4gdwvc7","time":1613496841,"event":{"mods":["AchievementEnabler","BaseMod","Colored Powertips","DeckTracker","Minty Spire (QoL Compilation)","SuperFastMode"],"gold_per_floor":[210,223,237,237,252,252,287,299,311,379,391,403,403],"floor_reached":12,"language":"ENG","playtime":490,"items_purged":[],"score":78,"play_id":"d7d91c8f-aaa3-409d-852d-51485fd81922","local_time":"20210216183401","is_ascension_mode":false,"campfire_choices":[{"data":"Zap","floor":6,"key":"SMITH"},{"floor":8,"key":"REST"},{"data":"Tempest","floor":11,"key":"SMITH"}],"circlet_count":0,"master_deck":["Strike_B","Strike_B","Strike_B","Strike_B","Defend_B","Defend_B+1","Defend_B","Defend_B","Zap+1","Dualcast+1","Tempest+1","Self Repair","Heatsinks","Streamline","Multi-Cast"],"relics":["Cracked Core","Ornamental Fan","MawBank","InkBottle","War Paint"],"acts_visited":["Exordium"],"potions_floor_usage":[7,10,12],"damage_taken":[{"damage":6,"enemies":"Jaw Worm","floor":1,"turns":3},{"damage":4,"enemies":"Small Slimes","floor":2,"turns":3},{"damage":9,"enemies":"2 Louse","floor":3,"turns":3},{"damage":18,"enemies":"2 Fungi Beasts","floor":5,"turns":5},{"damage":26,"enemies":"3 Sentries","floor":7,"turns":7},{"damage":28,"enemies":"Lagavulin Event","floor":10,"turns":4},{"damage":39,"enemies":"Gremlin Nob","floor":12,"turns":4}],"seed_played":"1527666592064325102","potions_obtained":[{"floor":3,"key":"Block Potion"},{"floor":7,"key":"FocusPotion"},{"floor":10,"key":"Block Potion"}],"is_trial":false,"path_per_floor":["M","M","M","?","M","R","E","R","T","?","R","E"],"character_chosen":"DEFECT","items_purchased":[],"campfire_rested":1,"item_purchase_floors":[],"current_hp_per_floor":[69,65,63,45,34,34,15,37,37,16,16,0,0],"gold":403,"neow_bonus":"HUNDRED_GOLD","is_daily":false,"chose_seed":false,"campfire_upgraded":2,"win_rate":0.0,"timestamp":1613496841,"path_taken":["M","M","M","?","M","R","E","R","T","?","R","E"],"items_purchased_type":[],"build_version":"2020-12-22","purchased_purges":0,"victory":false,"max_hp_per_floor":[75,75,75,75,75,75,75,75,75,75,75,75,75],"card_choices":[{"not_picked":["Turbo","Go for the Eyes"],"picked":"Tempest","floor":1},{"not_picked":["Stack","Loop"],"picked":"Self Repair","floor":2},{"not_picked":["Cold Snap","Steam"],"picked":"Heatsinks","floor":3},{"not_picked":["Consume","Ball Lightning"],"picked":"Streamline","floor":5},{"not_picked":["Leap","Heatsinks"],"picked":"Multi-Cast","floor":7}],"player_experience":660505,"relics_obtained":[{"floor":7,"key":"MawBank"},{"floor":9,"key":"InkBottle"},{"floor":10,"key":"War Paint"}],"event_choices":[{"damage_healed":0,"gold_gain":0,"player_choice":"Success","damage_taken":18,"relics_obtained":["Ornamental Fan"],"max_hp_gain":0,"max_hp_loss":0,"event_name":"Scrap Ooze","floor":4,"gold_loss":0},{"damage_healed":0,"gold_gain":0,"player_choice":"Searched \u00271\u0027 times","damage_taken":0,"max_hp_gain":0,"max_hp_loss":0,"event_name":"Dead Adventurer","floor":10,"gold_loss":0}],"is_beta":false,"boss_relics":[],"items_purged_floors":[],"is_endless":false,"potions_floor_spawned":[3,7,10],"killed_by":"Gremlin Nob","ascension_level":0}}