{"host":"vrsxkkch9ccrec7k","time":1613495360,"event":{"mods":["Act Like it!","BaseMod","Bestiary","Better Altar","Better Match","Better Note","Better Sensory Stone","Better Skull","Better Third Choice","Better Vampires","Minty Spire (QoL Compilation)","Permanent Neow","Railgun Mod","Relic Stats","Spicy Shops","StSLib"],"gold_per_floor":[119,119,137,137,137,137,147,147,147,161,186,186,219,232,232,336,336],"floor_reached":16,"language":"ENG","playtime":604,"items_purged":[],"score":168,"play_id":"60f64933-b241-473a-bc9b-6db1c84ee593","local_time":"20210216120920","is_ascension_mode":true,"campfire_choices":[{"data":"TheRailgun:Discharge","floor":6,"key":"SMITH"},{"data":"TheRailgun:Thundervolt","floor":8,"key":"SMITH"},{"data":"TheRailgun:Electrical_Fire","floor":12,"key":"SMITH"},{"data":"TheRailgun:Sister_Noise","floor":15,"key":"SMITH"}],"circlet_count":0,"master_deck":["TheRailgun:Strike","TheRailgun:Strike","TheRailgun:Strike+1","TheRailgun:Strike+1","TheRailgun:Defend","TheRailgun:Defend","TheRailgun:Defend","TheRailgun:Defend","TheRailgun:Discharge+1","TheRailgun:Static","TheRailgun:Zip","TheRailgun:Teleporter","TheRailgun:Electrical_Fire+1","TheRailgun:Thundervolt+1","TheRailgun:Mental_Out","TheRailgun:Hypercharge","TheRailgun:Sister_Noise+1","TheRailgun:Negative_Field"],"relics":["TheRailgun:CoinRelic","Smiling Mask","Art of War","Toy Ornithopter","Bronze Scales","Whetstone"],"acts_visited":["Exordium"],"potions_floor_usage":[16],"damage_taken":[{"damage":0,"enemies":"2 Louse","floor":1,"turns":3},{"damage":0,"enemies":"Cultist","floor":3,"turns":3},{"damage":0,"enemies":"Small Slimes","floor":7,"turns":3},{"damage":5,"enemies":"Red Slaver","floor":10,"turns":4},{"damage":20,"enemies":"Lagavulin","floor":11,"turns":6},{"damage":16,"enemies":"Gremlin Nob","floor":13,"turns":4},{"damage":5,"enemies":"3 Louse","floor":14,"turns":3},{"damage":1,"enemies":"The Guardian","floor":16,"turns":8}],"seed_played":"5930075685477566887","potions_obtained":[{"floor":2,"key":"SteroidPotion"},{"floor":2,"key":"LiquidBronze"},{"floor":2,"key":"DuplicationPotion"},{"floor":7,"key":"SpeedPotion"},{"floor":16,"key":"Strength Potion"}],"is_trial":false,"path_per_floor":["M","?","M","?","?","R","M","R","T","M","E","R","E","M","R","B"],"character_chosen":"THE_DEFAULT","items_purchased":[],"campfire_rested":0,"item_purchase_floors":[],"current_hp_per_floor":[70,70,70,75,75,75,75,75,75,70,50,50,34,29,29,33,33],"gold":336,"neow_bonus":"RANDOM_COMMON_RELIC","is_daily":false,"chose_seed":false,"campfire_upgraded":4,"win_rate":0.0,"timestamp":1613495360,"path_taken":["M","?","?","?","?","R","M","R","T","M","E","R","E","M","R","BOSS"],"items_purchased_type":[],"build_version":"2020-12-22","purchased_purges":0,"victory":false,"max_hp_per_floor":[70,70,70,75,75,75,75,75,75,75,75,75,75,75,75,75,75],"relic_stats":{"counters":[8,34],"Bronze Scales":[39],"Art of War":[3],"Whetstone":["TheRailgun:Strike","TheRailgun:Strike"],"Smiling Mask":0,"obtain_stats":[{"TheRailgun:CoinRelic":0,"Bronze Scales":11,"Art of War":5,"Whetstone":13,"Smiling Mask":0,"Toy Ornithopter":9},{"TheRailgun:CoinRelic":0,"Bronze Scales":5,"Art of War":2,"Whetstone":6,"Smiling Mask":0,"Toy Ornithopter":3},{"TheRailgun:CoinRelic":0,"Bronze Scales":19,"Art of War":6,"Whetstone":23,"Smiling Mask":0,"Toy Ornithopter":9}],"Toy Ornithopter":5},"card_choices":[{"not_picked":["TheRailgun:Pull","TheRailgun:Gekota_Phone"],"picked":"TheRailgun:Teleporter","floor":1},{"not_picked":["TheRailgun:Coin_Flip","TheRailgun:Thunderbolt"],"picked":"TheRailgun:Electrical_Fire","floor":3},{"not_picked":["TheRailgun:Sister_Network","TheRailgun:Lightningbolt"],"picked":"TheRailgun:Thundervolt","floor":7},{"not_picked":["TheRailgun:Zap","TheRailgun:Static"],"picked":"TheRailgun:Mental_Out","floor":10},{"not_picked":["TheRailgun:Thundervolt","TheRailgun:Token_Collection"],"picked":"TheRailgun:Hypercharge","floor":11},{"not_picked":["TheRailgun:Stun_Shock","TheRailgun:Crackle"],"picked":"TheRailgun:Sister_Noise","floor":13},{"not_picked":["TheRailgun:Recharge","TheRailgun:Mental_Out"],"picked":"TheRailgun:Negative_Field","floor":14}],"player_experience":1368994,"relics_obtained":[{"floor":9,"key":"Toy Ornithopter"},{"floor":11,"key":"Bronze Scales"},{"floor":13,"key":"Whetstone"}],"event_choices":[{"damage_healed":0,"gold_gain":0,"player_choice":"Got Potions","damage_taken":0,"max_hp_gain":0,"max_hp_loss":0,"event_name":"Lab","floor":2,"gold_loss":0},{"damage_healed":0,"gold_gain":0,"player_choice":"Donut","damage_taken":0,"max_hp_gain":5,"max_hp_loss":0,"event_name":"Big Fish","floor":4,"gold_loss":0},{"damage_healed":0,"gold_gain":0,"player_choice":"Gave Potion","damage_taken":0,"relics_obtained":["Art of War"],"max_hp_gain":0,"max_hp_loss":0,"event_name":"WeMeetAgain","floor":5,"gold_loss":0}],"is_beta":false,"boss_relics":[],"items_purged_floors":[],"is_endless":false,"potions_floor_spawned":[7,11,13,14,16],"killed_by":"The Guardian","ascension_level":1}}