{"host":"aapp7ew3jk5k1bvd","time":1613442974,"event":{"mods":["AchievementEnabler","BaseMod","Colored Map","Custom Start","Keyboard Shortcuts","Minty Spire (QoL Compilation)","Permanent Neow","Quick Restart","StSLib","SuperFastMode"],"gold_per_floor":[109,39,54,54,64,64,64,64,88,106,125,139,139,165,165,261,261,250,175,75,75,86,86,114,114,114],"floor_reached":25,"language":"KOR","playtime":641,"items_purged":["Strike_G","Strike_G"],"score":232,"play_id":"988d06ae-e5f3-45a3-b087-3e81b6ebb9e1","local_time":"20210216113614","is_ascension_mode":true,"campfire_choices":[{"data":"Noxious Fumes","floor":6,"key":"SMITH"},{"data":"Sucker Punch","floor":8,"key":"SMITH"},{"data":"Footwork","floor":13,"key":"SMITH"},{"data":"Blade Dance","floor":15,"key":"SMITH"},{"data":"Glass Knife","floor":23,"key":"SMITH"}],"circlet_count":0,"master_deck":["Strike_G","Defend_G","Defend_G","Defend_G","Defend_G","Defend_G","Survivor","Neutralize","Sucker Punch+1","Noxious Fumes+1","Blade Dance+1","Footwork+1","Glass Knife+1","Blade Dance+1","Dagger Throw"],"relics":["Ring of the Snake","Toy Ornithopter","Boot","Eternal Feather","Bottled Flame"],"acts_visited":["Exordium","TheCity"],"potions_floor_usage":[16,18],"damage_taken":[{"damage":0.0,"enemies":"Small Slimes","floor":1.0,"turns":4.0},{"damage":0,"enemies":"Cultist","floor":3,"turns":4},{"damage":1,"enemies":"Jaw Worm","floor":5,"turns":5},{"damage":9,"enemies":"Exordium Thugs","floor":10,"turns":5},{"damage":0,"enemies":"Blue Slaver","floor":11,"turns":4},{"damage":0,"enemies":"Looter","floor":12,"turns":4},{"damage":13,"enemies":"Gremlin Nob","floor":14,"turns":5},{"damage":46,"enemies":"Slime Boss","floor":16,"turns":11},{"damage":16,"enemies":"2 Thieves","floor":18,"turns":4},{"damage":0,"enemies":"Spheric Guardian","floor":22,"turns":3},{"damage":46,"enemies":"Slavers","floor":24,"turns":9},{"damage":0,"enemies":"Centurion and Healer","floor":25,"turns":1}],"seed_played":"-2902621956939177538","potions_obtained":[{"floor":1.0,"key":"GamblersBrew"},{"floor":5,"key":"PowerPotion"},{"floor":10,"key":"Weak Potion"},{"floor":14,"key":"FairyPotion"},{"floor":16,"key":"ColorlessPotion"},{"floor":24,"key":"SmokeBomb"}],"is_trial":false,"path_per_floor":["M","$","M","?","M","R","$","R","T","M","M","M","R","E","R","B",null,"M","$","$","?","M","R","E","M"],"character_chosen":"THE_SILENT","items_purchased":["Noxious Fumes"],"campfire_rested":0,"item_purchase_floors":[2],"current_hp_per_floor":[70,70,70,70,69,69,69,69,69,60,60,60,60,47,56,15,70,54,54,54,54,54,63,17,17,17],"gold":114,"neow_bonus":"RANDOM_COMMON_RELIC","is_daily":false,"chose_seed":false,"campfire_upgraded":5,"win_rate":0.0,"timestamp":1613442974,"path_taken":["M","$","M","?","M","R","$","R","T","?","M","M","R","E","R","BOSS","M","?","$","?","M","R","E","M"],"items_purchased_type":["Card"],"build_version":"2020-12-22","purchased_purges":2,"victory":false,"max_hp_per_floor":[70,70,70,70,70,70,70,70,70,70,70,70,70,70,70,70,70,70,70,70,70,70,70,70,70,70],"card_choices":[{"not_picked":["Choke","Underhanded Strike"],"picked":"Sucker Punch","floor":1.0},{"not_picked":["Dagger Spray","Expertise","Dash"],"picked":"SKIP","floor":3},{"not_picked":["Underhanded Strike","Deflect"],"picked":"Blade Dance","floor":5},{"not_picked":["Eviscerate","Quick Slash","Predator"],"picked":"SKIP","floor":10},{"not_picked":["Bane","Underhanded Strike"],"picked":"Footwork","floor":11},{"not_picked":["Acrobatics","Doppelganger","Slice"],"picked":"SKIP","floor":12},{"not_picked":["Bane","Deadly Poison","Deflect"],"picked":"SKIP","floor":14},{"not_picked":["Doppelganger","Wraith Form v2"],"picked":"Glass Knife","floor":16},{"not_picked":["Distraction","Skewer"],"picked":"Blade Dance+1","floor":18},{"not_picked":["Sucker Punch","Endless Agony+1","Riddle With Holes"],"picked":"SKIP","floor":22},{"not_picked":["Sucker Punch","Endless Agony+1","Riddle With Holes"],"picked":"SKIP","floor":22},{"not_picked":["Acrobatics","Endless Agony","Outmaneuver"],"picked":"SKIP","floor":24}],"player_experience":1003278,"relics_obtained":[{"floor":9,"key":"Boot"},{"floor":14,"key":"Eternal Feather"},{"floor":24,"key":"Bottled Flame"}],"event_choices":[{"cards_removed":["Strike_G"],"damage_healed":0,"gold_gain":0,"player_choice":"Offered Basic","damage_taken":0,"max_hp_gain":0,"max_hp_loss":0,"event_name":"Bonfire Elementals","floor":4,"gold_loss":0},{"damage_healed":0,"gold_gain":0,"cards_transformed":["Strike_G"],"player_choice":"Transformed","damage_taken":0,"max_hp_gain":0,"max_hp_loss":0,"event_name":"Transmorgrifier","floor":21,"gold_loss":0,"cards_obtained":["Dagger Throw"]}],"is_beta":false,"boss_relics":[{"not_picked":["Runic Dome","Velvet Choker","Snecko Eye"]}],"items_purged_floors":[19,20],"is_endless":false,"potions_floor_spawned":[1,5,10,14,16,24],"killed_by":"Centurion and Healer","ascension_level":1}}