{"host":"q8o6l8eqnoevndy4","time":1613511842,"event":{"mods":["2.2 Compatiblity","AchievementEnabler","Act Like it!","AlwaysNeverKeys","Bard","BaseMod","Bestiary","Better Altar","Better Match","Better Note","Better Sensory Stone","Better Skull","Better Third Choice","Better Vampires","Better-Laid Plans","Booster Modes","Colored Map","Colored Powertips","Custom Start","Disable Question Mark Monsters","Displayed Cursed Tome","Friendly Minions","GifTheSpireLib","Hermit","Highlight Path","Infinite Spire","Keyboard Shortcuts","Minty Spire (QoL Compilation)","Permanent Neow","Quick Restart","Random Character Button","Random Character Mod","Rare Cards Sparkle","Relic Filter","Relic Sorter","Relic Stats","Reliquary","Reorder Act Four","Spicy Shops","Spire Arcade","StSLib","The Blackbeard","The Gatherer","Transform Curses","Virulent Crown"],"gold_per_floor":[113,38,58,70,86,86,115,115,183,183,215,215,30,58,81,81,81,177,177,195,195,215,215,235,235,254,268,314,314,314,331,331,350,350,350,350,350,350,350,350],"floor_reached":38,"language":"ENG","playtime":2059,"items_purged":["Eruption","Strike_R"],"score":342,"play_id":"31b77fc2-611c-4c3a-8a92-776352f0a2a4","local_time":"20210216154402","daily_mods":["Chimera","Time Dilation","Terminal"],"is_ascension_mode":false,"metric_token":2897,"campfire_choices":[{"data":"Gatherer:Uplift","floor":6,"key":"SMITH"},{"data":"Gatherer:QuickSynthesis","floor":8,"key":"SMITH"},{"data":"Gatherer:FlowerShield","floor":12,"key":"SMITH"},{"floor":16,"key":"REST"},{"data":"Gatherer:QuickSynthesis","floor":17,"key":"SMITH"},{"data":"Gatherer:QuickSynthesis","floor":25,"key":"SMITH"},{"data":"infinitespire:Collect","floor":30,"key":"SMITH"},{"data":"Gatherer:Snatch","floor":32,"key":"SMITH"},{"data":"hermit:GoldenBullet","floor":36,"key":"SMITH"},{"floor":37,"key":"REST"}],"circlet_count":0,"master_deck":["Bash","Survivor","Zap","Strike_G","Strike_B","Defend_R","Defend_G","Defend_P","Gatherer:WitheringStrike","Gatherer:Duality+1","Gatherer:QuickSynthesis+1","Gatherer:Uplift+1","Gatherer:FragileHammer","Gatherer:OddSpoils","Gatherer:FlowerShield+1","Gatherer:ScherryThrow","Gatherer:QuickSynthesis+1","Gatherer:BomberForm","Gatherer:QuickSynthesis+1","infinitespire:Collect+1","Gatherer:FlowerBeam","Gatherer:Snatch+1","Gatherer:CollectorsShot+1","Gatherer:VenomBarrier","Gatherer:AlchemyTrial+1","hermit:GoldenBullet+1"],"relics":["Gatherer:AlchemyBag","reliquary:BallBearing","reliquary:HotPoker","infinitespire:FocusingShard","reliquary:Firecrackers","reliquary:Stiletto","Vajra","SlaversCollar","reliquary:SharkskinSheath","Question Card"],"acts_visited":["Exordium","TheCity"],"potions_floor_usage":[38,38,38],"damage_taken":[{"damage":0,"enemies":"2 Louse","floor":1,"turns":3},{"damage":0,"enemies":"Jaw Worm","floor":3,"turns":3},{"damage":0,"enemies":"infinitespire:Voidling","floor":4,"turns":3},{"damage":7,"enemies":"Red Slaver","floor":5,"turns":2},{"damage":4,"enemies":"3 Sentries","floor":7,"turns":4},{"damage":13,"enemies":"Lagavulin","floor":11,"turns":4},{"damage":9,"enemies":"Gremlin Nob","floor":14,"turns":3},{"damage":0,"enemies":"Slime Boss","floor":18,"turns":5},{"damage":0,"enemies":"3 Byrds","floor":20,"turns":3},{"damage":5,"enemies":"2 Thieves","floor":22,"turns":2},{"damage":4,"enemies":"Shelled Parasite and Fungi","floor":24,"turns":3},{"damage":0,"enemies":"Centurion and Healer","floor":26,"turns":3},{"damage":5,"enemies":"3 Cultists","floor":27,"turns":3},{"damage":2,"enemies":"Snake Plant","floor":31,"turns":2},{"damage":3,"enemies":"Cultist and Chosen","floor":33,"turns":3},{"damage":11,"enemies":"Colosseum Slavers","floor":35,"turns":4},{"damage":35,"enemies":"Collector","floor":38,"turns":6}],"seed_played":"-2604949034100161803","potions_obtained":[{"floor":3,"key":"DuplicationPotion"},{"floor":7,"key":"LiquidBronze"},{"floor":18,"key":"GamblersBrew"},{"floor":26,"key":"CultistPotion"}],"is_trial":true,"path_per_floor":["M","?","M","M","M","R","E","R","T","T","E","R","$","E","T","R","R","B",null,"M","AVR","M","?","M","R","M","M","T","T","R","M","R","M","?","?","R","R","B"],"character_chosen":"THE_GATHERER","items_purchased":["Gatherer:ScherryThrow","Gatherer:QuickSynthesis"],"campfire_rested":2,"item_purchase_floors":[13,13],"current_hp_per_floor":[70,69,68,67,60,60,56,56,56,56,43,43,43,34,34,50,50,50,52,51,50,45,47,43,43,43,38,38,38,38,36,36,33,33,22,22,32,0,0,0],"gold":350,"neow_bonus":"","is_daily":false,"chose_seed":false,"campfire_upgraded":8,"win_rate":0.0,"timestamp":1613511842,"path_taken":["M","?","M","M","?","R","E","R","T","T","E","R","$","E","?","R","R","BOSS","M","AVR","M","?","M","R","M","M","T","T","R","M","R","?","?","?","R","R","BOSS"],"items_purchased_type":["Card","Card"],"build_version":"2020-12-22","purchased_purges":2,"victory":false,"max_hp_per_floor":[70,69,68,67,66,65,64,63,62,61,60,59,58,57,56,55,54,53,52,51,50,49,48,47,46,45,44,43,42,41,40,39,38,37,36,35,34,34,34,34],"relic_stats":{"counters":[17,56],"Question Card":2,"obtain_stats":[{"SlaversCollar":19,"reliquary:HotPoker":9,"reliquary:Firecrackers":11,"Vajra":15,"reliquary:BallBearing":7,"infinitespire:FocusingShard":10,"reliquary:Stiletto":14,"Question Card":29,"Gatherer:AlchemyBag":0,"reliquary:SharkskinSheath":21},{"SlaversCollar":8,"reliquary:HotPoker":5,"reliquary:Firecrackers":6,"Vajra":7,"reliquary:BallBearing":5,"infinitespire:FocusingShard":5,"reliquary:Stiletto":7,"Question Card":13,"Gatherer:AlchemyBag":0,"reliquary:SharkskinSheath":9},{"SlaversCollar":27,"reliquary:HotPoker":15,"reliquary:Firecrackers":19,"Vajra":22,"reliquary:BallBearing":15,"infinitespire:FocusingShard":15,"reliquary:Stiletto":22,"Question Card":41,"Gatherer:AlchemyBag":0,"reliquary:SharkskinSheath":30}]},"card_choices":[{"not_picked":["Gatherer:UpgradeBag","Gatherer:FlowerFalling"],"picked":"Gatherer:WitheringStrike","floor":1},{"not_picked":["Gatherer:SmartManeuver+1","Gatherer:ScrollOfWall+1"],"picked":"Gatherer:Duality+1","floor":2},{"not_picked":["Gatherer:FlowerBeam","Gatherer:CarefulStrike"],"picked":"Gatherer:QuickSynthesis","floor":3},{"not_picked":["Gatherer:CarefulStrike","Gatherer:SaveValuables"],"picked":"Gatherer:Uplift","floor":4},{"not_picked":["Gatherer:PoisonMastery","Gatherer:TreeGrowth"],"picked":"Gatherer:FragileHammer","floor":5},{"not_picked":["Gatherer:Frenzy","Gatherer:TreeGrowth"],"picked":"Gatherer:OddSpoils","floor":7},{"not_picked":["Gatherer:PotentialSlash","Gatherer:DrugPower"],"picked":"Gatherer:FlowerShield","floor":11},{"not_picked":["Gatherer:RecipeChange","Gatherer:TacticalStrike","Gatherer:FeelingFine"],"picked":"SKIP","floor":14},{"not_picked":["Gatherer:Photoscythe","Gatherer:FinishingStrike"],"picked":"Gatherer:BomberForm","floor":18},{"not_picked":["Gatherer:FlowerFalling","Gatherer:WitheringStrike"],"picked":"Gatherer:QuickSynthesis","floor":20},{"not_picked":["Gatherer:FragileHammer","Gatherer:PotentialSlash"],"picked":"Gatherer:FlowerBeam","floor":22},{"not_picked":["Gatherer:GatherMaterial+1","Gatherer:ScentOfRosmari+1"],"picked":"Gatherer:Snatch","floor":24},{"not_picked":["Gatherer:ScherryThrow","Gatherer:WoolGloves+1"],"picked":"Gatherer:CollectorsShot+1","floor":26},{"not_picked":["Gatherer:WoolGloves","Gatherer:TreeGrowth","Gatherer:CollectorsShot+1"],"picked":"SKIP","floor":27},{"not_picked":["Gatherer:WoolGloves","Gatherer:GatherMaterial+1","Gatherer:DrugPower"],"picked":"Gatherer:VenomBarrier","floor":31},{"not_picked":["Gatherer:Pollute","Gatherer:FeelingFine","Gatherer:Frenzy+1"],"picked":"Gatherer:AlchemyTrial+1","floor":33}],"player_experience":1169449,"relics_obtained":[{"floor":7,"key":"reliquary:BallBearing"},{"floor":9,"key":"reliquary:HotPoker"},{"floor":10,"key":"infinitespire:FocusingShard"},{"floor":11,"key":"reliquary:Firecrackers"},{"floor":14,"key":"reliquary:Stiletto"},{"floor":15,"key":"Vajra"},{"floor":29,"key":"Question Card"}],"event_choices":[{"damage_healed":0,"gold_gain":0,"player_choice":"2","damage_taken":0,"max_hp_gain":0,"max_hp_loss":0,"event_name":"betterMatch:BetterMatch","floor":2,"gold_loss":0,"cards_obtained":["betterMatch:UncommonCard"]},{"damage_healed":2,"gold_gain":0,"player_choice":"LEAVE ","damage_taken":0,"relics_obtained":[],"max_hp_gain":0,"max_hp_loss":0,"event_name":"betterSkull:BetterSkull","floor":23,"gold_loss":0,"cards_upgraded":[]},{"cards_removed":["infinitespire:Collect"],"damage_healed":0,"gold_gain":0,"player_choice":"Take \u0026 Give","damage_taken":0,"max_hp_gain":0,"max_hp_loss":0,"event_name":"betterNote:BetterNote","floor":34,"gold_loss":0,"cards_obtained":["hermit:GoldenBullet"]},{"damage_healed":0,"gold_gain":0,"player_choice":"Fight","damage_taken":0,"max_hp_gain":0,"max_hp_loss":0,"event_name":"Colosseum","floor":35,"gold_loss":0},{"damage_healed":0,"gold_gain":0,"player_choice":"Fled From Nobs","damage_taken":0,"max_hp_gain":0,"max_hp_loss":0,"event_name":"Colosseum","floor":35,"gold_loss":0}],"is_beta":false,"boss_relics":[{"not_picked":["Astrolabe","infinitespire:Cupcake"],"picked":"SlaversCollar"}],"items_purged_floors":[13,21],"is_endless":false,"potions_floor_spawned":[3,7,18,24,26,27,31],"killed_by":"Collector","ascension_level":0}}