{"host":"nlbr7nnijupf3yfg","time":1613450190,"event":{"mods":["AchievementEnabler","BaseMod","BetterRewards","Colored Powertips","DeckTracker","Downfall","Hermit","Hubris","Infinite Spire","Minty Spire (QoL Compilation)","Quick Restart","Replay The Spire","StSLib","SuperFastMode","The Servant 0.9.4"],"gold_per_floor":[110,165,44,63,80,117,117,151,175,175,195,195,195,218,218,234,234],"floor_reached":16,"language":"ENG","playtime":276,"items_purged":["ReplayTheSpireMod:Splinters"],"score":176,"play_id":"ddc935cd-0c23-4f6c-b3cf-3f92298fe968","local_time":"20210215233630","is_ascension_mode":true,"campfire_choices":[{"floor":7,"key":"REST"},{"floor":10,"key":"REST"},{"floor":15,"key":"REST"}],"circlet_count":0,"master_deck":["AscendersBane","Strike_R","Strike_R","Strike_R","Strike_R+1","Strike_R","Defend_R","Defend_R","Defend_R","Defend_R","Bash","Perfected Strike","Perfected Strike","Twin Strike","Pommel Strike","Replay:Undeath\u0027s Touch","Iron Wave","Cleave","Shrug It Off","Fire Breathing"],"relics":["Burning Blood","Dream Catcher","infinitespire:Midas Blood","Girya","Replay:Rubber Ducky","ReplayTheSpireMod:Lightbulb"],"acts_visited":["Exordium"],"potions_floor_usage":[6,8,16],"damage_taken":[{"damage":16,"enemies":"2 Louse","floor":1,"turns":3},{"damage":7,"enemies":"Small Slimes","floor":4,"turns":3},{"damage":0,"enemies":"Cultist","floor":5,"turns":3},{"damage":28,"enemies":"3 Sentries","floor":6,"turns":4},{"damage":43,"enemies":"Replay:BlueRogue","floor":8,"turns":4},{"damage":18,"enemies":"Large Slime","floor":11,"turns":2},{"damage":15,"enemies":"3 Louse","floor":14,"turns":3},{"damage":64,"enemies":"Fading Forest","floor":16,"turns":7}],"seed_played":"-1317897623658037831","potions_obtained":[{"floor":2,"key":"Regen Potion"},{"floor":5,"key":"ColorlessPotion"},{"floor":8,"key":"Ancient Potion"},{"floor":11,"key":"Strength Potion"}],"is_trial":false,"path_per_floor":["M","?","$","M","M","E","R","E","T","R","M","?","$","M","R","B"],"character_chosen":"IRONCLAD","items_purchased":["Twin Strike"],"campfire_rested":3,"item_purchase_floors":[3],"current_hp_per_floor":[62,62,62,61,67,45,69,32,32,56,44,44,44,35,59,0,0],"gold":234,"neow_bonus":"RANDOM_COMMON_RELIC","is_daily":false,"chose_seed":false,"campfire_upgraded":0,"win_rate":0.0,"timestamp":1613450190,"path_taken":["M","?","?","M","M","E","R","E","T","R","M","?","$","M","R","BOSS"],"items_purchased_type":["Card"],"build_version":"2020-12-22","purchased_purges":1,"victory":false,"max_hp_per_floor":[80,80,80,80,80,80,80,80,80,80,80,80,80,80,80,80,80],"card_choices":[{"not_picked":["Rampage","Wild Strike"],"picked":"Perfected Strike","floor":1},{"not_picked":["Anger","Flame Barrier"],"picked":"Perfected Strike","floor":2},{"not_picked":["Sever Soul","Intimidate","Heavy Blade"],"picked":"SKIP","floor":4},{"not_picked":["Entrench","Whirlwind","ReplayTheSpireMod:Muscle Training"],"picked":"SKIP","floor":5},{"not_picked":["Flex","Feel No Pain"],"picked":"Pommel Strike","floor":6},{"not_picked":["Hemokinesis","Warcry"],"picked":"Replay:Undeath\u0027s Touch","floor":7},{"not_picked":["Feel No Pain","Berserk"],"picked":"Iron Wave","floor":8},{"not_picked":["Sword Boomerang","Shrug It Off"],"picked":"Cleave","floor":10},{"not_picked":["ReplayTheSpireMod:Strike From Hell","Headbutt"],"picked":"Shrug It Off","floor":11},{"not_picked":["Blood for Blood","hubris:ReadiedAction","Headbutt"],"picked":"SKIP","floor":14},{"not_picked":["Rampage","Hemokinesis"],"picked":"Fire Breathing","floor":15}],"player_experience":84116,"relics_obtained":[{"floor":2,"key":"infinitespire:Midas Blood"},{"floor":6,"key":"Girya"},{"floor":8,"key":"Replay:Rubber Ducky"},{"floor":9,"key":"ReplayTheSpireMod:Lightbulb"}],"event_choices":[],"is_beta":false,"boss_relics":[],"items_purged_floors":[3],"is_endless":false,"potions_floor_spawned":[5,8,11,14],"killed_by":"Fading Forest","ascension_level":12}}