{"host":"31s8hzukbhz1k6i6","time":1613448021,"event":{"mods":["AchievementEnabler","BaseMod","Bestiary","Colored Map","Filter the Spire","Minty Spire (QoL Compilation)","Relic Stats"],"gold_per_floor":[13,13,163,183,203,203,218,252,252,293,313,77,77,111,111,111,111],"floor_reached":16,"language":"ENG","playtime":906,"items_purged":["Doubt"],"score":290,"play_id":"1705c86c-19d5-4d7e-ac8d-9a0136da8c7c","local_time":"20210215200021","is_ascension_mode":true,"campfire_choices":[{"data":"Apotheosis","floor":6,"key":"SMITH"},{"floor":15,"key":"REST"}],"circlet_count":0,"master_deck":["AscendersBane","Strike_G","Strike_G","Strike_G","Strike_G","Strike_G","Defend_G+1","Defend_G","Defend_G","Defend_G+1","Defend_G","Survivor","Neutralize","Apotheosis+1","Deadly Poison","Quick Slash","Dash","Deadly Poison","Bane","After Image+1","Escape Plan"],"relics":["Ring of the Snake","Golden Idol","Frozen Egg 2","Du-Vu Doll","WingedGreaves","Snake Skull","War Paint"],"acts_visited":["Exordium"],"potions_floor_usage":[10,16,16],"damage_taken":[{"damage":0,"enemies":"Jaw Worm","floor":1,"turns":5},{"damage":0,"enemies":"2 Louse","floor":4,"turns":3},{"damage":0,"enemies":"Cultist","floor":5,"turns":4},{"damage":0,"enemies":"2 Fungi Beasts","floor":7,"turns":4},{"damage":29,"enemies":"Gremlin Nob","floor":8,"turns":4},{"damage":10,"enemies":"3 Sentries","floor":10,"turns":10},{"damage":0,"enemies":"Large Slime","floor":11,"turns":6},{"damage":0,"enemies":"Lagavulin","floor":14,"turns":7},{"damage":42,"enemies":"Slime Boss","floor":16,"turns":12}],"seed_played":"5754656436144615638","potions_obtained":[{"floor":1,"key":"DuplicationPotion"},{"floor":8,"key":"DuplicationPotion"},{"floor":10,"key":"GamblersBrew"}],"is_trial":false,"path_per_floor":["M","?","?","M","M","R","M","E","T","E","M","$","?","E","R","B"],"character_chosen":"THE_SILENT","items_purchased":["Snake Skull"],"campfire_rested":1,"item_purchase_floors":[12],"current_hp_per_floor":[59,59,59,59,59,59,59,30,30,20,20,20,20,20,38,0,0],"gold":111,"neow_bonus":"RANDOM_COLORLESS_2","is_daily":false,"chose_seed":false,"campfire_upgraded":1,"win_rate":0.0,"timestamp":1613448021,"path_taken":["M","?","?","M","M","R","M","E","T","E","M","$","?","E","R","BOSS"],"items_purchased_type":["Relic"],"build_version":"2020-12-22","purchased_purges":1,"victory":false,"max_hp_per_floor":[66,60,60,60,60,60,60,60,60,60,60,60,60,60,60,60,60],"relic_stats":{"counters":[9,55],"Golden Idol":37,"Snake Skull":[4],"War Paint":["Defend_G","Defend_G"],"obtain_stats":[{"Du-Vu Doll":9,"Golden Idol":2,"WingedGreaves":10,"Snake Skull":12,"Frozen Egg 2":8,"War Paint":14,"Ring of the Snake":0},{"Du-Vu Doll":5,"Golden Idol":1,"WingedGreaves":6,"Snake Skull":7,"Frozen Egg 2":5,"War Paint":8,"Ring of the Snake":0},{"Du-Vu Doll":20,"Golden Idol":5,"WingedGreaves":30,"Snake Skull":36,"Frozen Egg 2":20,"War Paint":43,"Ring of the Snake":0}],"Ring of the Snake":[18]},"card_choices":[{"not_picked":["Sadistic Nature","Metamorphosis"],"picked":"Apotheosis","floor":0},{"not_picked":["Bane","Underhanded Strike"],"picked":"Deadly Poison","floor":1},{"not_picked":["Sucker Punch","Noxious Fumes"],"picked":"Quick Slash","floor":4},{"not_picked":["Dagger Spray","Prepared"],"picked":"Dash","floor":5},{"not_picked":["Escape Plan","Infinite Blades"],"picked":"Deadly Poison","floor":7},{"not_picked":["Quick Slash","Sucker Punch"],"picked":"Bane","floor":8},{"not_picked":["Noxious Fumes+1","Blur"],"picked":"After Image+1","floor":10},{"not_picked":["Prepared","Well Laid Plans+1","PiercingWail"],"picked":"SKIP","floor":11},{"not_picked":["Blur","Backflip"],"picked":"Escape Plan","floor":14}],"player_experience":223420,"relics_obtained":[{"floor":8,"key":"Frozen Egg 2"},{"floor":9,"key":"Du-Vu Doll"},{"floor":10,"key":"WingedGreaves"},{"floor":14,"key":"War Paint"}],"event_choices":[{"damage_healed":0,"gold_gain":0,"player_choice":"Lose Max HP","damage_taken":0,"relics_obtained":["Golden Idol"],"max_hp_gain":0,"max_hp_loss":6,"event_name":"Golden Idol","floor":2,"gold_loss":0},{"damage_healed":0,"gold_gain":150,"player_choice":"AGREE","damage_taken":0,"max_hp_gain":0,"max_hp_loss":0,"event_name":"Liars Game","floor":3,"gold_loss":0,"cards_obtained":["Doubt"]},{"damage_healed":0,"gold_gain":0,"player_choice":"Ignored","damage_taken":0,"max_hp_gain":0,"max_hp_loss":0,"event_name":"Shining Light","floor":13,"gold_loss":0}],"is_beta":false,"boss_relics":[],"items_purged_floors":[12],"is_endless":false,"potions_floor_spawned":[1,8,10],"killed_by":"Slime Boss","ascension_level":20}}