{"host":"fdtmcpjlr9eclyu9","time":1613496305,"event":{"mods":["Act Like it!","BaseMod","CapriCore","Downfall","Gremlin Mod","Minty Spire (QoL Compilation)","Quick Restart","Spicy Shops","StSLib","The Servant 0.9.4","TheHeartMod","Waifu the Spire"],"gold_per_floor":[114,114,189,114,134,134,153,173,196,208,252,264,292,304,316,328,328],"floor_reached":16,"language":"ZHS","playtime":629,"items_purged":["theHeart:theHeartCommonAttack"],"score":100,"play_id":"7510d433-aa71-46a3-9f32-75f39c031648","local_time":"20210217012505","is_ascension_mode":false,"campfire_choices":[{"data":"theHeart:TentacleWhip","floor":6.0,"key":"SMITH"},{"data":"theHeart:ArterialFlow","floor":12.0,"key":"SMITH"},{"data":"theHeart:BloodDrop","floor":15.0,"key":"SMITH"}],"circlet_count":0,"master_deck":["theHeart:BloodDrop+1","theHeart:Scab","theHeart:theHeartDefend","theHeart:theHeartDefend","theHeart:theHeartDefend","theHeart:theHeartDefend","theHeart:theHeartCommonAttack","theHeart:theHeartCommonAttack","theHeart:theHeartCommonAttack","theHeart:TentacleWhip+1","theHeart:ArterialFlow+1","theHeart:ArterialFlow"],"relics":["theHeart:BeatOfDeath","MawBank","Bag of Marbles","Incense Burner"],"acts_visited":["Exordium"],"potions_floor_usage":[16],"damage_taken":[{"damage":3.0,"enemies":"Jaw Worm","floor":1.0,"turns":4.0},{"damage":4.0,"enemies":"Cultist","floor":5.0,"turns":4.0},{"damage":0.0,"enemies":"Small Slimes","floor":7.0,"turns":3.0},{"damage":4.0,"enemies":"Exordium Wildlife","floor":8.0,"turns":4.0},{"damage":6.0,"enemies":"Gremlin Nob","floor":11.0,"turns":3.0},{"damage":0.0,"enemies":"Lots of Slimes","floor":13.0,"turns":3.0},{"damage":57,"enemies":"Slime Boss","floor":16,"turns":9}],"seed_played":"5525802686537068331","potions_obtained":[{"floor":1.0,"key":"Fire Potion"},{"floor":11.0,"key":"LiquidMemories"},{"floor":13.0,"key":"Block Potion"}],"is_trial":false,"path_per_floor":["M","?","?","$","M","R","M","M","T","$","E","R","M","?","R","B"],"character_chosen":"THE_HEART","items_purchased":[],"campfire_rested":0,"item_purchase_floors":[],"current_hp_per_floor":[79,79,71,71,67,67,67,63,63,63,57,57,57,50,50,0,0],"gold":328,"neow_bonus":"TEN_PERCENT_HP_BONUS","is_daily":false,"chose_seed":false,"campfire_upgraded":3,"win_rate":0.0,"timestamp":1613496305,"path_taken":["M","?","?","$","M","R","?","M","T","?","E","R","M","?","R","BOSS"],"items_purchased_type":[],"build_version":"2020-12-22","purchased_purges":1,"victory":false,"max_hp_per_floor":[82,82,82,82,82,82,82,82,82,82,82,82,82,82,82,82,82],"card_choices":[{"not_picked":["theHeart:AdaptiveCells","theHeart:NoxiousBlood"],"picked":"theHeart:TentacleWhip","floor":1.0},{"not_picked":["theHeart:Arrhythmia","theHeart:AncientEvil","theHeart:CapillaryExchange"],"picked":"SKIP","floor":5.0},{"not_picked":["theHeart:Arrhythmia","theHeart:MindScape"],"picked":"theHeart:ArterialFlow","floor":7.0},{"not_picked":["theHeart:SpireSpear","theHeart:Constrict"],"picked":"theHeart:ArterialFlow","floor":8.0},{"not_picked":["theHeart:Hemochromatosis","theHeart:AdaptiveCells","theHeart:NoxiousBlood"],"picked":"SKIP","floor":11.0},{"not_picked":["theHeart:Cleanse","theHeart:HeartBurn","theHeart:PainfulStabs"],"picked":"SKIP","floor":13.0}],"player_experience":379639,"relics_obtained":[{"floor":9.0,"key":"MawBank"},{"floor":11.0,"key":"Bag of Marbles"}],"event_choices":[{"cards_removed":["theHeart:theHeartCommonAttack"],"damage_healed":0.0,"max_hp_gain":0.0,"max_hp_loss":0.0,"gold_gain":0.0,"event_name":"Living Wall","player_choice":"Forget","floor":2.0,"gold_loss":0.0,"damage_taken":0.0},{"damage_healed":0.0,"max_hp_gain":0.0,"max_hp_loss":0.0,"gold_gain":75.0,"event_name":"FaceTrader","player_choice":"Touch","floor":3.0,"gold_loss":0.0,"damage_taken":8.0},{"damage_healed":0.0,"max_hp_gain":0.0,"max_hp_loss":0.0,"gold_gain":0.0,"event_name":"Scrap Ooze","player_choice":"Success","floor":14.0,"gold_loss":0.0,"damage_taken":7.0,"relics_obtained":["Incense Burner"]}],"is_beta":false,"boss_relics":[],"items_purged_floors":[4],"is_endless":false,"potions_floor_spawned":[1,11,13],"killed_by":"Slime Boss","ascension_level":0}}