{"host":"st1kg310ms6sytc5","time":1613480850,"event":{"mods":["ATMod(°¢èªMod)","Act Like it!","BaseMod","CapriCore","Lobotomy","LobotomyExtend","Minty Spire (QoL Compilation)","Reliquary","StSLib","SuperFastMode","Wide Potions","[IsaacMod]ÒÔÈö¼âËþ","¡¾ÒÅÎï¿¨ÅÆ¡¿REMEMod"],"gold_per_floor":[115,4,22,22,97,128,146,179,179,179,197,209,243,256,256,256,256],"floor_reached":16,"language":"ZHS","playtime":727,"items_purged":["Defend_G"],"score":181,"play_id":"a3f99e3a-3b64-4962-98ea-db3192d6c94a","local_time":"20210216210730","is_ascension_mode":true,"campfire_choices":[{"data":"AT_FamilyPortrait","floor":10.0,"key":"SMITH"},{"data":"AT_WindFlip","floor":15.0,"key":"SMITH"}],"circlet_count":0,"master_deck":["Strike_G+1","Strike_G","Strike_G","Strike_G","Strike_G","Defend_G","Defend_G","Defend_G","Defend_G","Survivor","Neutralize","AT_FamilyPortrait+1","DespairKnight","AT_WindFlip+1","Blur","QueenBee","BlackSwan","Prepared","CrumblingArmor","Porccubus","Scorched","Prepared","UniverseFragment","FairyFestival","SpiderBud","Well Laid Plans"],"relics":["Ring of the Snake","AT_ATBox","REME_ComplimentaryCards","HushsDoor","CogitoBucket","LetterFromLob","Blood Vial","REME_LimitBreaker","SkinProphecy","Darkstone Periapt","BelialBook"],"acts_visited":["Exordium"],"potions_floor_usage":[16,16],"damage_taken":[{"damage":0.0,"enemies":"Cultist","floor":1.0,"turns":2.0},{"damage":0.0,"enemies":"Small Slimes","floor":3.0,"turns":3.0},{"damage":0.0,"enemies":"Gremlin Nob","floor":6.0,"turns":2.0},{"damage":0.0,"enemies":"Jaw Worm","floor":7.0,"turns":2.0},{"damage":0.0,"enemies":"3 Sentries","floor":8.0,"turns":2.0},{"damage":25.0,"enemies":"Looter","floor":11.0,"turns":2.0},{"damage":0.0,"enemies":"Blue Slaver","floor":12.0,"turns":1.0},{"damage":32.0,"enemies":"Lagavulin","floor":13.0,"turns":7.0},{"damage":0.0,"enemies":"2 Fungi Beasts","floor":14.0,"turns":1.0},{"damage":22,"enemies":"The Guardian","floor":16,"turns":2}],"seed_played":"1010960393689274183","potions_obtained":[{"floor":4.0,"key":"BlessingOfTheForge"},{"floor":4.0,"key":"SneckoOil"},{"floor":11.0,"key":"PowerPotion"}],"is_trial":false,"path_per_floor":["M","$","M","?","?","E","M","E","T","R","M","M","E","M","R","B"],"character_chosen":"THE_SILENT","items_purchased":["Blur"],"campfire_rested":0,"item_purchase_floors":[2],"current_hp_per_floor":[70,70,70,70,59,59,61,63,63,63,42,40,6,4,4,0,0],"gold":256,"neow_bonus":"","is_daily":false,"chose_seed":false,"campfire_upgraded":2,"win_rate":0.0,"timestamp":1613480850,"path_taken":["M","$","M","?","?","E","M","E","T","R","M","M","E","M","R","BOSS"],"items_purchased_type":["Card"],"build_version":"2020-12-22","purchased_purges":1,"victory":false,"max_hp_per_floor":[70,70,70,70,70,70,70,70,70,70,70,72,74,76,76,78,78],"card_choices":[{"not_picked":[],"picked":"Bomb","floor":0.0},{"not_picked":["PunishingBird","MHz"],"picked":"DespairKnight","floor":1.0},{"not_picked":["Quick Slash","Sucker Punch"],"picked":"AT_WindFlip","floor":1.0},{"not_picked":["OSAHOGD","BigBird"],"picked":"QueenBee","floor":3.0},{"not_picked":["Infinite Blades","Heel Hook","Sucker Punch"],"picked":"SKIP","floor":3.0},{"not_picked":["Scorched","OldLady"],"picked":"BlackSwan","floor":6.0},{"not_picked":["Dagger Throw","Underhanded Strike"],"picked":"Prepared","floor":6.0},{"not_picked":["BeautyBeast","Scorched"],"picked":"CrumblingArmor","floor":7.0},{"not_picked":["Deflect","Doppelganger"],"picked":"Bomb","floor":7.0},{"not_picked":["BeautyBeast","Wellcheers"],"picked":"Porccubus","floor":8.0},{"not_picked":["Cloak And Dagger","Backstab","AT_TinkerSharpsword"],"picked":"SKIP","floor":8.0},{"not_picked":["Cloak And Dagger","Backstab","AT_TinkerSharpsword"],"picked":"SKIP","floor":8.0},{"not_picked":["FairyFestival","ShyLook"],"picked":"Scorched","floor":11.0},{"not_picked":["Outmaneuver","Cloak And Dagger"],"picked":"Prepared","floor":11.0},{"not_picked":["FieryBird","Murderer"],"picked":"UniverseFragment","floor":12.0},{"not_picked":["Deadly Poison","Bane","Cloak And Dagger"],"picked":"SKIP","floor":12.0},{"not_picked":["GalaxyChild","Mercenary"],"picked":"FairyFestival","floor":13.0},{"not_picked":["Backstab","Quick Slash","Dagger Throw"],"picked":"SKIP","floor":13.0},{"not_picked":["CherryBlossoms","SnowQueen"],"picked":"SpiderBud","floor":14.0},{"not_picked":["Dagger Throw","Sucker Punch"],"picked":"Well Laid Plans","floor":14.0}],"player_experience":1387049,"relics_obtained":[{"floor":1.0,"key":"LetterFromLob"},{"floor":6.0,"key":"Blood Vial"},{"floor":8.0,"key":"REME_LimitBreaker"},{"floor":13.0,"key":"Darkstone Periapt"}],"event_choices":[{"damage_healed":0.0,"max_hp_gain":0.0,"max_hp_loss":0.0,"gold_gain":0.0,"event_name":"Lab","player_choice":"Got Potions","floor":4.0,"gold_loss":0.0,"damage_taken":0.0},{"damage_healed":0.0,"max_hp_gain":0.0,"max_hp_loss":0.0,"gold_gain":75.0,"event_name":"World of Goop","player_choice":"Gather Gold","floor":5.0,"gold_loss":0.0,"damage_taken":11.0}],"is_beta":false,"boss_relics":[],"items_purged_floors":[2],"is_endless":false,"potions_floor_spawned":[11,12,13,14],"killed_by":"The Guardian","ascension_level":1}}