{"host":"9rqxlbwknj581inl","time":1613448972,"event":{"mods":["BaseMod","Colored Map","Colored Powertips","Minty Spire (QoL Compilation)","Quick Restart","Random Character Mod"],"gold_per_floor":[109,121,136,136,136,136,180,180,204,204,204],"floor_reached":10,"language":"ENG","playtime":804,"items_purged":[],"score":66,"play_id":"b76c9402-1a28-40f9-bee6-179eb0527214","local_time":"20210215211612","is_ascension_mode":false,"campfire_choices":[{"data":"Spot Weakness","floor":6,"key":"SMITH"},{"data":"Blind","floor":8,"key":"SMITH"}],"circlet_count":0,"master_deck":["Strike_R","Strike_R","Strike_R","Strike_R","Strike_R","Defend_R","Defend_R","Defend_R","Defend_R","Bash","Blind+1","Spot Weakness+1","Pommel Strike","Flex","Injury","Whirlwind"],"relics":["Burning Blood","Golden Idol","FaceOfCleric","Ancient Tea Set","Bag of Marbles"],"acts_visited":["Exordium"],"potions_floor_usage":[],"damage_taken":[{"damage":1,"enemies":"Cultist","floor":1,"turns":4},{"damage":3,"enemies":"Jaw Worm","floor":2,"turns":4},{"damage":6,"enemies":"2 Louse","floor":3,"turns":2},{"damage":53,"enemies":"3 Sentries","floor":7,"turns":9},{"damage":44,"enemies":"Lagavulin","floor":10,"turns":6}],"seed_played":"7993564016791415626","potions_obtained":[{"floor":1,"key":"CultistPotion"},{"floor":3,"key":"Block Potion"}],"is_trial":false,"path_per_floor":["M","M","M","?","?","R","E","R","T","E"],"character_chosen":"IRONCLAD","items_purchased":[],"campfire_rested":0,"item_purchase_floors":[],"current_hp_per_floor":[80,80,80,80,80,80,34,34,34,0,0],"gold":204,"neow_bonus":"RANDOM_COLORLESS","is_daily":false,"chose_seed":false,"campfire_upgraded":2,"win_rate":0.0,"timestamp":1613448972,"path_taken":["M","M","M","?","?","R","E","R","T","E"],"items_purchased_type":[],"build_version":"2020-12-22","purchased_purges":0,"victory":false,"max_hp_per_floor":[80,80,80,80,80,80,81,81,81,81,81],"card_choices":[{"not_picked":["Impatience","Enlightenment"],"picked":"Blind","floor":0},{"not_picked":["Twin Strike","Rampage"],"picked":"Spot Weakness","floor":1},{"not_picked":["Wild Strike","Power Through"],"picked":"Pommel Strike","floor":2},{"not_picked":["Seeing Red","Power Through"],"picked":"Flex","floor":3},{"not_picked":["Flex","Perfected Strike"],"picked":"Whirlwind","floor":7}],"player_experience":279875,"relics_obtained":[{"floor":7,"key":"Ancient Tea Set"},{"floor":9,"key":"Bag of Marbles"}],"event_choices":[{"damage_healed":0,"gold_gain":0,"player_choice":"Take Wound","damage_taken":0,"relics_obtained":["Golden Idol"],"max_hp_gain":0,"max_hp_loss":0,"event_name":"Golden Idol","floor":4,"gold_loss":0,"cards_obtained":["Injury"]},{"damage_healed":0,"gold_gain":0,"player_choice":"Trade","damage_taken":0,"relics_obtained":["FaceOfCleric"],"max_hp_gain":0,"max_hp_loss":0,"event_name":"FaceTrader","floor":5,"gold_loss":0}],"is_beta":false,"boss_relics":[],"items_purged_floors":[],"is_endless":false,"potions_floor_spawned":[1,3],"killed_by":"Lagavulin","ascension_level":0}}