{"host":"j2zti408atcvju3x","time":1613486597,"event":{"mods":["BaseMod","Minty Spire (QoL Compilation)","Quick Restart","StSLib"],"gold_per_floor":[110,35,35,47,12,12,12,30,30,30,53,53,97,124,136,279,354,379,416,428,39,39,39,59,72,72,72,72,35,47,71,71,173,173,185,202,252,265,265,265,112,146,200,200,214,214,229,246,246,246],"floor_reached":51,"language":"ZHS","playtime":2274,"items_purged":["Defend_R","Injury"],"score":752,"play_id":"616bf0eb-feea-4e49-99eb-33649f359441","local_time":"20210216224317","is_ascension_mode":false,"campfire_choices":[{"data":"Bash","floor":6.0,"key":"SMITH"},{"data":"Twin Strike","floor":12.0,"key":"SMITH"},{"data":"Flex","floor":15.0,"key":"SMITH"},{"data":"Feed","floor":23.0,"key":"SMITH"},{"floor":28.0,"key":"REST"},{"floor":32.0,"key":"REST"},{"data":"Strike_R","floor":40.0,"key":"PURGE"},{"floor":44.0,"key":"REST"},{"floor":49,"key":"REST"}],"circlet_count":0,"master_deck":["Defend_R+1","Defend_R+1","Defend_R","Bash+1","Twin Strike+1","Sword Boomerang+1","Flex+1","Feed+1","Anger","J.A.X.","Heavy Blade+1","Inflame","Inflame+1","Reaper","Spot Weakness+1","Thunderclap+1","Rupture+1","Writhe","Parasite"],"relics":["Burning Blood","Bloody Idol","Meat on the Bone","MawBank","Tiny House","Paper Frog","Bottled Lightning","War Paint","Peace Pipe","Red Skull","Boot","Oddly Smooth Stone"],"acts_visited":["Exordium","TheCity","TheBeyond"],"potions_floor_usage":[48,48,50,50],"damage_taken":[{"damage":2.0,"enemies":"Small Slimes","floor":1.0,"turns":5.0},{"damage":15.0,"enemies":"Jaw Worm","floor":4.0,"turns":6.0},{"damage":2.0,"enemies":"2 Louse","floor":8.0,"turns":4.0},{"damage":17.0,"enemies":"Looter","floor":11.0,"turns":4.0},{"damage":25.0,"enemies":"Gremlin Nob","floor":13.0,"turns":4.0},{"damage":12.0,"enemies":"Blue Slaver","floor":14.0,"turns":2.0},{"damage":38.0,"enemies":"The Guardian","floor":16.0,"turns":12.0},{"damage":46.0,"enemies":"2 Thieves","floor":18.0,"turns":4.0},{"damage":20.0,"enemies":"Shell Parasite","floor":19.0,"turns":5.0},{"damage":24.0,"enemies":"Sentry and Sphere","floor":24.0,"turns":5.0},{"damage":36.0,"enemies":"Centurion and Healer","floor":25.0,"turns":4.0},{"damage":42.0,"enemies":"Snecko","floor":30.0,"turns":6.0},{"damage":72.0,"enemies":"Collector","floor":33.0,"turns":7.0},{"damage":15.0,"enemies":"3 Shapes","floor":35.0,"turns":5.0},{"damage":10.0,"enemies":"Orb Walker","floor":36.0,"turns":2.0},{"damage":3.0,"enemies":"Mind Bloom Boss Battle","floor":37.0,"turns":6.0},{"damage":48.0,"enemies":"Spire Growth","floor":38.0,"turns":4.0},{"damage":81.0,"enemies":"Nemesis","floor":42.0,"turns":7.0},{"damage":32.0,"enemies":"Transient","floor":45.0,"turns":5.0},{"damage":58.0,"enemies":"Writhing Mass","floor":47.0,"turns":5.0},{"damage":55,"enemies":"Sphere and 2 Shapes","floor":48,"turns":4},{"damage":112,"enemies":"Donu and Deca","floor":50,"turns":7}],"seed_played":"-4342568579608161968","potions_obtained":[{"floor":4.0,"key":"DuplicationPotion"},{"floor":8.0,"key":"BlessingOfTheForge"},{"floor":11.0,"key":"Weak Potion"},{"floor":17.0,"key":"ColorlessPotion"},{"floor":18.0,"key":"LiquidBronze"},{"floor":19.0,"key":"DuplicationPotion"},{"floor":33.0,"key":"LiquidMemories"},{"floor":36.0,"key":"BloodPotion"},{"floor":42.0,"key":"DuplicationPotion"},{"floor":45.0,"key":"Strength Potion"},{"floor":48,"key":"LiquidMemories"}],"is_trial":false,"path_per_floor":["M","$","?","M","?","R","?","M","T","?","M","R","E","M","R","B",null,"M","M","?","$","?","R","M","M","T","?","R","$","M","T","R","B",null,"M","M","?","M","?","R","$","E","T","R","M","?","M","M","R","B",null],"character_chosen":"IRONCLAD","items_purchased":["Paper Frog","Heavy Blade","Inflame","Red Skull"],"campfire_rested":4,"item_purchase_floors":[21,21,29,41],"current_hp_per_floor":[60,60,53,44,64,64,64,68,68,73,62,62,55,49,49,29,90,53,51,51,51,51,51,45,31,31,31,60,60,45,50,80,31,101,105,105,109,76,76,76,76,41,46,79,93,113,70,58,94,48],"gold":246,"neow_bonus":"REMOVE_TWO","is_daily":false,"chose_seed":false,"campfire_upgraded":4,"win_rate":0.0,"timestamp":1613486597,"path_taken":["M","$","?","M","?","R","?","M","T","?","M","R","E","M","R","BOSS","M","M","?","$","?","R","M","M","T","?","R","$","?","?","R","BOSS","M","M","?","M","?","R","$","E","T","R","?","?","M","M","R","BOSS"],"items_purchased_type":["Relic","Card","Card","Relic"],"build_version":"2020-12-22","purchased_purges":2,"victory":true,"max_hp_per_floor":[80,80,80,80,80,80,80,80,80,85,85,85,85,85,85,85,90,93,93,93,93,93,93,93,97,97,97,97,97,101,101,101,101,101,105,105,109,113,113,113,113,113,113,113,113,113,117,121,121,125],"card_choices":[{"not_picked":["Perfected Strike","Body Slam","Pommel Strike"],"picked":"SKIP","floor":1.0},{"not_picked":["Metallicize","Hemokinesis","Fire Breathing"],"picked":"SKIP","floor":4.0},{"not_picked":["Clothesline","Second Wind","Bloodletting"],"picked":"SKIP","floor":8.0},{"not_picked":["Dark Embrace","Clash"],"picked":"Twin Strike","floor":11.0},{"not_picked":["Ghostly Armor","Rage"],"picked":"Sword Boomerang","floor":13.0},{"not_picked":["Rupture","Burning Pact"],"picked":"Flex","floor":14.0},{"not_picked":["Demon Form","Corruption"],"picked":"Feed","floor":16.0},{"not_picked":["Pommel Strike","Seeing Red","Iron Wave"],"picked":"SKIP","floor":18.0},{"not_picked":["True Grit+1","Metallicize+1"],"picked":"Anger","floor":19.0},{"not_picked":["Pommel Strike","Rage","Perfected Strike"],"picked":"SKIP","floor":24.0},{"not_picked":["Hemokinesis+1","Perfected Strike","Carnage"],"picked":"SKIP","floor":25.0},{"not_picked":["Burning Pact+1","Berserk"],"picked":"Inflame+1","floor":30.0},{"not_picked":["Impervious","Corruption"],"picked":"Reaper","floor":33.0},{"not_picked":["Clothesline","Flex+1"],"picked":"Spot Weakness+1","floor":35.0},{"not_picked":["Clash","Dropkick","Warcry"],"picked":"SKIP","floor":36.0},{"not_picked":["Flex","Heavy Blade"],"picked":"Thunderclap+1","floor":37.0},{"not_picked":["Carnage","Dark Embrace","Anger+1"],"picked":"SKIP","floor":38.0},{"not_picked":["Offering","Shrug It Off","Headbutt"],"picked":"SKIP","floor":42.0},{"not_picked":["Flex","Hemokinesis"],"picked":"Rupture+1","floor":45.0},{"not_picked":["Intimidate","Flex+1","Pummel"],"picked":"SKIP","floor":47.0},{"not_picked":["Thunderclap","Flex+1","Fiend Fire"],"picked":"SKIP","floor":48}],"player_experience":16867,"relics_obtained":[{"floor":9.0,"key":"Meat on the Bone"},{"floor":13.0,"key":"MawBank"},{"floor":26.0,"key":"Bottled Lightning"},{"floor":31.0,"key":"War Paint"},{"floor":37.0,"key":"Peace Pipe"},{"floor":42.0,"key":"Boot"},{"floor":43.0,"key":"Oddly Smooth Stone"}],"event_choices":[{"cards_removed":["Strike_R"],"damage_healed":0.0,"max_hp_gain":0.0,"max_hp_loss":0.0,"gold_gain":0.0,"event_name":"Golden Wing","player_choice":"Card Removal","floor":3.0,"gold_loss":0.0,"damage_taken":7.0},{"damage_healed":20.0,"max_hp_gain":0.0,"max_hp_loss":0.0,"gold_gain":0.0,"event_name":"The Cleric","player_choice":"Healed","floor":5.0,"gold_loss":35.0,"damage_taken":0.0},{"damage_healed":0.0,"max_hp_gain":0.0,"max_hp_loss":0.0,"gold_gain":0.0,"event_name":"Golden Idol","player_choice":"Take Wound","floor":7.0,"gold_loss":0.0,"damage_taken":0.0,"relics_obtained":["Golden Idol"],"cards_obtained":["Injury"]},{"damage_healed":0.0,"max_hp_gain":5.0,"max_hp_loss":0.0,"gold_gain":0.0,"event_name":"Big Fish","player_choice":"Donut","floor":10.0,"gold_loss":0.0,"damage_taken":0.0},{"damage_healed":0.0,"max_hp_gain":0.0,"max_hp_loss":0.0,"gold_gain":0.0,"event_name":"Drug Dealer","player_choice":"Obtain J.A.X.","floor":20.0,"gold_loss":0.0,"damage_taken":0.0,"cards_obtained":["J.A.X."]},{"cards_removed":["Strike_R"],"damage_healed":0.0,"max_hp_gain":0.0,"max_hp_loss":0.0,"gold_gain":0.0,"event_name":"Back to Basics","player_choice":"Elegance","floor":22.0,"gold_loss":0.0,"damage_taken":0.0},{"damage_healed":0.0,"max_hp_gain":0.0,"max_hp_loss":0.0,"gold_gain":0.0,"event_name":"Forgotten Altar","player_choice":"Gave Idol","floor":27.0,"relics_lost":["Golden Idol"],"gold_loss":0.0,"damage_taken":0.0,"relics_obtained":["Bloody Idol"]},{"damage_healed":0.0,"max_hp_gain":0.0,"max_hp_loss":0.0,"gold_gain":0.0,"event_name":"MindBloom","player_choice":"Fight","floor":37.0,"gold_loss":0.0,"damage_taken":0.0},{"damage_healed":0.0,"max_hp_gain":0.0,"max_hp_loss":0.0,"gold_gain":0.0,"event_name":"Accursed Blacksmith","player_choice":"Forge","floor":39.0,"gold_loss":0.0,"damage_taken":0.0,"cards_upgraded":["Heavy Blade"]},{"damage_healed":28.0,"max_hp_gain":0.0,"max_hp_loss":0.0,"gold_gain":0.0,"event_name":"Winding Halls","player_choice":"Writhe","floor":46.0,"gold_loss":0.0,"damage_taken":0.0,"cards_obtained":["Writhe"]}],"is_beta":false,"boss_relics":[{"not_picked":["Velvet Choker","SlaversCollar"],"picked":"Tiny House"},{"not_picked":["Fusion Hammer","Busted Crown","Cursed Key"]}],"items_purged_floors":[2,21],"is_endless":false,"potions_floor_spawned":[4,8,11,14,18,19,30,33,36,42,45,47,48],"ascension_level":0}}