{"host":"u9h06qdlnp3wgzsw","time":1613495595,"event":{"mods":["Act Like it!","BaseMod","Conspire","Curses Come First","Downfall","Hallownest","Hermit","Hubris","Minty Spire (QoL Compilation)","Quick Restart","Rare Cards Sparkle","Replay The Spire","Shop Mod","StSLib","The Disciple","The Hierophant","The Servant 0.9.4"],"gold_per_floor":[213,230,0,75,16,16,45,145,145,245,245,257,157,168,168,272,272,292,232,232,249,38,38,38,38,38,38,52,52,52,70,70,167,167,178,63,74,74,74,108,108,108,108],"floor_reached":42,"language":"ENG","playtime":2285,"items_purged":["Pain"],"score":546,"play_id":"289cdea1-488f-4af9-b173-f6bc2b89e26f","local_time":"20210216121315","is_ascension_mode":true,"campfire_choices":[{"data":"Sweeping Beam","floor":6,"key":"SMITH"},{"floor":11,"key":"REST"},{"floor":15,"key":"REST"},{"floor":23,"key":"REST"},{"floor":25,"key":"REST"},{"floor":27,"key":"REST"},{"floor":29,"key":"REST"},{"floor":32,"key":"REST"},{"floor":41,"key":"REST"}],"circlet_count":0,"master_deck":["Strike_B+1","Strike_B","Strike_B+1","Strike_B+1","Defend_B","Defend_B+1","Defend_B","Zap","Dualcast+1","Sweeping Beam+1","Rainbow+1","Clumsy","Sickly","Defragment","Ghostly","ReplayTheSpireMod:Dual Polarity+1","Chill+1","Coolheaded+1","Capacitor+1","Languid","CommonCold","Defragment","Core Surge"],"relics":["Cracked Core","Membership Card","Gremlin Food","Odd Mushroom","downfall:ExtraCursedKey","Pear","SacredBark","MerchantsRug","Replay:Antivirus Software","Bronze Scales","MutagenicStrength","Bottled Tornado","hubris:Towel","Juzu Bracelet"],"acts_visited":["Exordium","TheCity","TheBeyond"],"potions_floor_usage":[16,16,18,20,28,40,42],"damage_taken":[{"damage":0,"enemies":"Small Slimes","floor":1,"turns":3},{"damage":3,"enemies":"2 Louse","floor":2,"turns":2},{"damage":22,"enemies":"The Mushroom Lair","floor":7,"turns":4},{"damage":1,"enemies":"Cultist","floor":12,"turns":4},{"damage":11,"enemies":"Large Slime","floor":14,"turns":6},{"damage":33,"enemies":"Hexaghost","floor":16,"turns":11},{"damage":12,"enemies":"Spheric Guardian","floor":18,"turns":1},{"damage":27,"enemies":"2 Thieves","floor":19,"turns":4},{"damage":0,"enemies":"Snecko","floor":20,"turns":2},{"damage":37,"enemies":"Centurion and Healer","floor":21,"turns":7},{"damage":33,"enemies":"Snake Plant","floor":28,"turns":4},{"damage":12,"enemies":"Shelled Parasite and Fungi","floor":31,"turns":6},{"damage":52,"enemies":"hubris:MusketHawk","floor":33,"turns":12},{"damage":9,"enemies":"3 Shapes","floor":35,"turns":7},{"damage":14,"enemies":"Orb Walker","floor":37,"turns":5},{"damage":21,"enemies":"Nemesis","floor":40,"turns":9},{"damage":64,"enemies":"Giant Head","floor":42,"turns":7}],"seed_played":"7091598309362547730","potions_obtained":[{"floor":1,"key":"Death Potion"},{"floor":7,"key":"AttackPotion"},{"floor":14,"key":"Doom Potion"},{"floor":18,"key":"SmokeBomb"},{"floor":21,"key":"ColorlessPotion"},{"floor":28,"key":"sneckomod:MuddlingPotion"},{"floor":35,"key":"Guardian:BlockOnCardUsePotion"},{"floor":37,"key":"FocusPotion"}],"is_trial":false,"path_per_floor":["M","M","$","?","$","R","?","?","T","?","R","M","?","M","R","B",null,"M","M","M","M","$","R","?","R","T","R","M","R","?","M","R","B",null,"M","$","M","?","?","E","R","E"],"character_chosen":"DEFECT","items_purchased":["Membership Card","Gremlin Food","Rainbow+1","MerchantsRug","Replay:Antivirus Software","Coolheaded","Bottled Tornado"],"campfire_rested":8,"item_purchase_floors":[3,3,5,22,22,22,36],"current_hp_per_floor":[75,72,72,61,61,61,39,39,49,49,74,73,73,62,85,52,77,65,38,38,1,1,26,26,51,51,76,43,68,68,56,81,29,71,62,62,48,48,48,27,52,0,0],"gold":108,"neow_bonus":"HUNDRED_GOLD","is_daily":false,"chose_seed":false,"campfire_upgraded":1,"win_rate":0.0,"timestamp":1613495595,"path_taken":["M","M","$","?","$","R","?","?","T","?","R","?","?","M","R","BOSS","M","M","M","M","$","R","?","R","T","R","?","R","?","M","R","BOSS","M","$","M","?","?","E","R","E"],"items_purchased_type":["Relic","Relic","Card","Relic","Relic","Card","Relic"],"build_version":"2020-12-22","purchased_purges":1,"victory":false,"max_hp_per_floor":[75,75,75,75,75,75,75,75,85,85,85,85,85,85,85,85,85,85,85,85,85,85,85,85,85,85,85,85,85,85,85,85,85,85,85,85,85,85,85,85,85,85,85],"card_choices":[{"not_picked":["Skim","Ball Lightning"],"picked":"Sweeping Beam","floor":1},{"not_picked":["Tempest","Glacier","Streamline"],"picked":"SKIP","floor":2},{"not_picked":["Rebound","Conserve Battery"],"picked":"Defragment","floor":12},{"not_picked":["Ball Lightning","FTL","Redo"],"picked":"SKIP","floor":14},{"not_picked":["Barrage+1","FIFO Queue+1"],"picked":"ReplayTheSpireMod:Dual Polarity+1","floor":18},{"not_picked":["Stack+1","Hello World"],"picked":"Chill","floor":19},{"not_picked":["Steam+1","Rip and Tear","Compile Driver"],"picked":"SKIP","floor":21},{"not_picked":["ReplaySolidLightProjector","Steam"],"picked":"Defragment","floor":28},{"not_picked":["Core Surge","Streamline","Static Discharge"],"picked":"SKIP","floor":31},{"not_picked":["Amplify","hubris:SpecializedCircuitry"],"picked":"Core Surge","floor":33},{"not_picked":["Undo+1","ReplaySort","Ball Lightning+1"],"picked":"SKIP","floor":35},{"not_picked":["Blizzard+1","Leap","Redo+1"],"picked":"SKIP","floor":37},{"not_picked":["Compile Driver","Turbo","Aggregate"],"picked":"SKIP","floor":40}],"player_experience":1055197,"relics_obtained":[{"floor":7,"key":"Odd Mushroom"},{"floor":9,"key":"Pear"},{"floor":26,"key":"Bronze Scales"},{"floor":40,"key":"Juzu Bracelet"}],"event_choices":[{"damage_healed":0,"gold_gain":75,"player_choice":"Gather Gold","damage_taken":11,"max_hp_gain":0,"max_hp_loss":0,"event_name":"World of Goop","floor":4,"gold_loss":0},{"damage_healed":0,"gold_gain":0,"player_choice":"Fought Mushrooms","damage_taken":0,"max_hp_gain":0,"max_hp_loss":0,"event_name":"Mushrooms","floor":7,"gold_loss":0},{"damage_healed":0,"gold_gain":100,"player_choice":"Pray","damage_taken":0,"max_hp_gain":0,"max_hp_loss":0,"event_name":"Golden Shrine","floor":10,"gold_loss":0},{"damage_healed":0,"gold_gain":0,"player_choice":"Argue","damage_taken":0,"max_hp_gain":0,"max_hp_loss":0,"event_name":"conspire:LoneGhost","floor":13,"gold_loss":0},{"damage_healed":0,"gold_gain":0,"player_choice":"1 cards matched","damage_taken":0,"max_hp_gain":0,"max_hp_loss":0,"event_name":"Match and Keep!","floor":24,"gold_loss":0,"cards_obtained":["Capacitor"]},{"damage_healed":0,"gold_gain":0,"player_choice":"Inject Mutagens","damage_taken":0,"relics_obtained":["MutagenicStrength"],"max_hp_gain":0,"max_hp_loss":0,"event_name":"Drug Dealer","floor":30,"gold_loss":0},{"cards_removed":["Defend_B"],"damage_healed":0,"gold_gain":0,"player_choice":"Removed Skill","damage_taken":0,"max_hp_gain":0,"max_hp_loss":0,"event_name":"Falling","floor":39,"gold_loss":0}],"is_beta":false,"boss_relics":[{"not_picked":["hubris:VirtuousBlindfold","ChewingGum"],"picked":"SacredBark"},{"not_picked":["conspire:SeveredTorchhead","Snecko Eye","Pandora\u0027s Box"]}],"items_purged_floors":[22],"is_endless":false,"potions_floor_spawned":[1,7,14,18,21,28,35,37],"killed_by":"Giant Head","ascension_level":5}}