{"host":"rb2p2z6v6vieend5","time":1613435732,"event":{"mods":["BaseMod","Block Reminder","Colored Map","DeckTracker","Highlight Path","Minty Spire (QoL Compilation)","Random Character Button","Relic Stats"],"gold_per_floor":[113,63,78,78,78,105,119,119,119],"floor_reached":8,"language":"ENG","playtime":338,"items_purged":[],"score":117,"play_id":"a1ee8baf-f70c-41e2-8076-49ff9537c98c","local_time":"20210216013532","is_ascension_mode":true,"campfire_choices":[],"circlet_count":0,"master_deck":["AscendersBane","Strike_G","Strike_G","Strike_G","Strike_G","Strike_G","Defend_G","Defend_G","Defend_G","Defend_G","Defend_G","Survivor","Neutralize","Corpse Explosion","Deadly Poison","Dagger Spray","Backflip","All Out Attack"],"relics":["Ring of the Snake","GremlinMask","Pear"],"acts_visited":["Exordium"],"potions_floor_usage":[],"damage_taken":[{"damage":3,"enemies":"Cultist","floor":1,"turns":6},{"damage":0,"enemies":"2 Louse","floor":3,"turns":3},{"damage":28,"enemies":"Lagavulin","floor":6,"turns":6},{"damage":6,"enemies":"Jaw Worm","floor":7,"turns":4},{"damage":37,"enemies":"Gremlin Nob","floor":8,"turns":4}],"seed_played":"5738352801357096223","potions_obtained":[{"floor":3,"key":"Ancient Potion"},{"floor":6,"key":"DuplicationPotion"}],"is_trial":false,"path_per_floor":["M","$","M","?","?","E","M","E"],"character_chosen":"THE_SILENT","items_purchased":["Dagger Spray"],"campfire_rested":0,"item_purchase_floors":[2],"current_hp_per_floor":[42,42,42,47,47,29,23,0,0],"gold":119,"neow_bonus":"THREE_RARE_CARDS","is_daily":false,"chose_seed":false,"campfire_upgraded":0,"win_rate":0.0,"timestamp":1613435732,"path_taken":["M","$","?","?","?","E","M","E"],"items_purchased_type":["Card"],"build_version":"2020-12-22","purchased_purges":0,"victory":false,"max_hp_per_floor":[70,70,70,75,75,85,85,85,85],"relic_stats":{"counters":[5,23],"obtain_stats":[{"Pear":6,"GremlinMask":5,"Ring of the Snake":0},{"Pear":3,"GremlinMask":2,"Ring of the Snake":0},{"Pear":15,"GremlinMask":9,"Ring of the Snake":0}],"Ring of the Snake":[10]},"card_choices":[{"not_picked":["Night Terror","Die Die Die"],"picked":"Corpse Explosion","floor":0},{"not_picked":["Poisoned Stab","Underhanded Strike"],"picked":"Deadly Poison","floor":1},{"not_picked":["Infinite Blades","Skewer"],"picked":"Backflip","floor":3},{"not_picked":["Choke","Slice"],"picked":"All Out Attack","floor":6},{"not_picked":["Deflect","Dagger Spray","Prepared"],"picked":"SKIP","floor":7}],"player_experience":756952,"relics_obtained":[{"floor":6,"key":"Pear"}],"event_choices":[{"damage_healed":0,"gold_gain":0,"player_choice":"Donut","damage_taken":0,"max_hp_gain":5,"max_hp_loss":0,"event_name":"Big Fish","floor":4,"gold_loss":0},{"damage_healed":0,"gold_gain":0,"player_choice":"Trade","damage_taken":0,"relics_obtained":["GremlinMask"],"max_hp_gain":0,"max_hp_loss":0,"event_name":"FaceTrader","floor":5,"gold_loss":0}],"is_beta":false,"boss_relics":[],"items_purged_floors":[],"is_endless":false,"potions_floor_spawned":[3,6,7],"killed_by":"Gremlin Nob","ascension_level":13}}