{"host":"zk6vb2npgw3pu6j2","time":1613484504,"event":{"mods":["Act Like it!","Aspiration","Bard","BaseMod","Beaked The Cultist","Bestiary","Better Note","Better Sensory Stone","CapriCore","Conspire","Downfall","Friendly Minions","Gensokyo","GifTheSpireLib","Hermit","Hubris","Koishi","Marisa????????","Marked Mod","Minty Spire (QoL Compilation)","Quarter Circle Forward PUNCH!","Reimu??????","Reliquary","Replay The Spire","Retaliation","Ruina","StSLib","The Administrix","The Alterego","The Blue Laboratory","The Bug Knight","The Construct","The Exalted","The Hierophant","The Immortal","The Marked","The Runesmith","The Senshi","The Servant 0.9.4","The Wild Card","TheVacant","Wandering Minibosses","yUi"],"gold_per_floor":[117,67,67,67,81,109,122,154,154,154,154,5,5,5,5,5,5],"floor_reached":16,"language":"ENG","playtime":711,"items_purged":[],"score":106,"play_id":"45d221bd-5b63-4769-9471-f51601a4d879","local_time":"20210216090824","is_ascension_mode":false,"campfire_choices":[{"floor":10,"key":"REST"},{"data":"hermit:Midnight","floor":15,"key":"SMITH"}],"circlet_count":0,"master_deck":["hermit:Strike_Hermit","hermit:Strike_Hermit","hermit:Strike_Hermit","hermit:Strike_Hermit","hermit:Defend_Hermit","hermit:Defend_Hermit","hermit:Defend_Hermit","hermit:Snapshot","hermit:Covet","conspire:Banana","hermit:Vantage","Regret","Body Slam","sneckomod:UnknownX","sneckomod:RainOfDice","MokouMod:Overheat","hermit:Roulette","hermit:Midnight+1","hermit:Enervate","hermit:Roulette","hermit:GhostlyPresence","Dark Shackles"],"relics":["hermit:Momento","PrismaticShard","Anchor","Quantum Egg","ReplayFunnel","reliquary:PartyBalloon"],"acts_visited":["Exordium"],"potions_floor_usage":[],"damage_taken":[{"damage":1,"enemies":"Jaw Worm","floor":1,"turns":3},{"damage":3,"enemies":"2 Louse","floor":5,"turns":4},{"damage":38,"enemies":"Lagavulin","floor":6,"turns":9},{"damage":7,"enemies":"Small Slimes","floor":7,"turns":4},{"damage":3,"enemies":"HollowMod:MossKnight","floor":8,"turns":7},{"damage":53,"enemies":"Hexaghost","floor":16,"turns":15}],"seed_played":"-7483384436338910843","potions_obtained":[{"floor":1,"key":"DDmod:CleansePotion"},{"floor":8,"key":"blueLaboratory:EnragingPotion"}],"is_trial":false,"path_per_floor":["M","?","?","$","M","E","M","E","T","R","?","$","?","?","R","B"],"character_chosen":"HERMIT","items_purchased":["ReplayFunnel"],"campfire_rested":1,"item_purchase_floors":[12],"current_hp_per_floor":[75,75,75,75,73,36,30,28,28,52,52,52,52,52,52,0,0],"gold":5,"neow_bonus":"RANDOM_COLORLESS","is_daily":false,"chose_seed":false,"campfire_upgraded":1,"win_rate":0.0,"timestamp":1613484504,"path_taken":["M","?","?","$","M","E","?","E","T","R","?","$","?","?","R","BOSS"],"items_purchased_type":["Relic"],"build_version":"2020-12-22","purchased_purges":0,"victory":false,"max_hp_per_floor":[76,76,76,76,77,78,79,80,80,80,80,80,80,80,80,81,81],"card_choices":[{"not_picked":["Purity","Good Instincts"],"picked":"conspire:Banana","floor":0},{"not_picked":["hermit:Scavenge","hermit:Roulette"],"picked":"hermit:Vantage","floor":1},{"not_picked":["hermit:Quickdraw","theVacant:Cower"],"picked":"Body Slam","floor":5},{"not_picked":["hierophant:Alms","BlazingStar"],"picked":"sneckomod:UnknownX","floor":6},{"not_picked":["alterego_mod:Undulate","Runesmith:ShiftingStrike"],"picked":"sneckomod:RainOfDice","floor":7},{"not_picked":["Slimebound:SpikyOuterGoop","Glacier"],"picked":"MokouMod:Overheat","floor":8},{"not_picked":["Specialist","Sadistic Nature"],"picked":"Dark Shackles","floor":14}],"player_experience":296425,"relics_obtained":[{"floor":6,"key":"Anchor"},{"floor":8,"key":"Quantum Egg"}],"event_choices":[{"cards_removed":["hermit:Defend_Hermit"],"damage_healed":0,"gold_gain":0,"player_choice":"Card Removal","damage_taken":0,"max_hp_gain":0,"max_hp_loss":0,"event_name":"The Cleric","floor":2,"gold_loss":50},{"damage_healed":0,"gold_gain":1,"player_choice":"1","damage_taken":0,"max_hp_gain":0,"max_hp_loss":0,"event_name":"betterStone:BetterStone","floor":14,"gold_loss":0}],"is_beta":false,"boss_relics":[],"items_purged_floors":[],"is_endless":false,"potions_floor_spawned":[1,8],"killed_by":"Hexaghost","ascension_level":0}}