{"host":"a1eatafr7pisesky","time":1613466135,"event":{"mods":["AchievementEnabler","BaseMod","Colored Map","Keyboard Shortcuts","Minty Spire (QoL Compilation)","Say the Spire","StSLib","SuperFastMode","everything is the same but u backflip on backflip"],"gold_per_floor":[113,113,128,141,141,168,188,206,232,259,278,310,310,336,336,410,410,428,445,445,495,363,395,407,449,507,545,572,66,66,66,66],"floor_reached":31,"language":"KOR","playtime":564,"items_purged":["Writhe","Defend_R"],"score":630,"play_id":"d6ec428f-a155-40eb-bc9d-96515b72b1a1","local_time":"20210216180215","is_ascension_mode":true,"campfire_choices":[{"floor":13.0,"key":"REST"},{"data":"Burning Pact","floor":15.0,"key":"SMITH"},{"floor":24.0,"key":"REST"}],"circlet_count":0,"master_deck":["AscendersBane","Strike_R","Strike_R","Strike_R","Strike_R","Defend_R+1","Defend_R+1","Defend_R","Bash","Disarm","Anger","Shockwave","Reaper+1","Wild Strike+1","Perfected Strike+1","Wild Strike+1","Pommel Strike+1","Flex","Burning Pact+1","Immolate+1","Dropkick+1","Uppercut+1","Twin Strike+1","Inflame","Twin Strike+1","Perfected Strike+1"],"relics":["Burning Blood","NeowsBlessing","Molten Egg 2","Blood Vial","Oddly Smooth Stone","Strawberry","Du-Vu Doll","Velvet Choker","Eternal Feather","MawBank","Ancient Tea Set","Regal Pillow","Bottled Lightning","Potion Belt","Turnip"],"acts_visited":["Exordium","TheCity"],"potions_floor_usage":[29],"damage_taken":[{"damage":0.0,"enemies":"2 Louse","floor":1.0,"turns":1.0},{"damage":0.0,"enemies":"Small Slimes","floor":3.0,"turns":1.0},{"damage":0.0,"enemies":"Jaw Worm","floor":4.0,"turns":1.0},{"damage":41.0,"enemies":"3 Sentries","floor":6.0,"turns":8.0},{"damage":16.0,"enemies":"Looter","floor":7.0,"turns":5.0},{"damage":11.0,"enemies":"Lots of Slimes","floor":8.0,"turns":5.0},{"damage":22.0,"enemies":"Gremlin Nob","floor":10.0,"turns":4.0},{"damage":0.0,"enemies":"Red Slaver","floor":11.0,"turns":2.0},{"damage":15.0,"enemies":"3 Sentries","floor":12.0,"turns":6.0},{"damage":11.0,"enemies":"Gremlin Nob","floor":14.0,"turns":3.0},{"damage":32.0,"enemies":"The Guardian","floor":16.0,"turns":10.0},{"damage":26.0,"enemies":"2 Thieves","floor":18.0,"turns":3.0},{"damage":26.0,"enemies":"Shell Parasite","floor":19.0,"turns":4.0},{"damage":35.0,"enemies":"Book of Stabbing","floor":23.0,"turns":4.0},{"damage":34.0,"enemies":"Gremlin Leader","floor":25.0,"turns":4.0},{"damage":45.0,"enemies":"Book of Stabbing","floor":27.0,"turns":4.0},{"damage":10,"enemies":"Sentry and Sphere","floor":28,"turns":3},{"damage":16,"enemies":"Shelled Parasite and Fungi","floor":31,"turns":1}],"seed_played":"-1937587334816363876","potions_obtained":[{"floor":1.0,"key":"PowerPotion"},{"floor":7.0,"key":"SkillPotion"},{"floor":8.0,"key":"AttackPotion"},{"floor":11.0,"key":"Energy Potion"},{"floor":14.0,"key":"Explosive Potion"},{"floor":18.0,"key":"PowerPotion"},{"floor":25.0,"key":"EssenceOfSteel"}],"is_trial":false,"path_per_floor":["M","?","M","M","?","E","M","M","T","E","M","E","R","E","R","B",null,"M","M","?","?","$","E","R","E","T","E","M","$","T","M"],"character_chosen":"IRONCLAD","items_purchased":["Twin Strike+1","Perfected Strike+1","Potion Belt","Fruit Juice","DuplicationPotion"],"campfire_rested":2,"item_purchase_floors":[22,29,29,29,29],"current_hp_per_floor":[74,51,57,63,56,21,18,22,22,8,16,26,50,47,47,29,69,72,54,54,54,54,27,63,46,46,9,7,12,12,0,0],"gold":66,"neow_bonus":"THREE_ENEMY_KILL","is_daily":false,"chose_seed":false,"campfire_upgraded":1,"win_rate":0.0,"timestamp":1613466135,"path_taken":["M","?","M","M","?","E","M","M","T","E","M","E","R","E","R","BOSS","M","M","?","?","$","E","R","E","T","E","M","$","?","M"],"items_purchased_type":["Card","Card","Relic","Potion","Potion"],"build_version":"2020-12-22","purchased_purges":2,"victory":false,"max_hp_per_floor":[75,75,75,75,75,75,75,75,75,75,75,82,82,82,82,82,82,82,82,82,82,82,82,82,82,82,82,82,87,87,87,87],"card_choices":[{"not_picked":["Dual Wield","Warcry"],"picked":"Disarm","floor":1.0},{"not_picked":["True Grit","Sever Soul"],"picked":"Anger","floor":3.0},{"not_picked":["Hemokinesis","Thunderclap"],"picked":"Shockwave","floor":4.0},{"not_picked":["Iron Wave+1","Ghostly Armor"],"picked":"Reaper+1","floor":6.0},{"not_picked":["Body Slam+1","Dual Wield"],"picked":"Wild Strike+1","floor":7.0},{"not_picked":["Wild Strike+1","Heavy Blade+1"],"picked":"Perfected Strike+1","floor":8.0},{"not_picked":["Havoc","Burning Pact"],"picked":"Wild Strike+1","floor":10.0},{"not_picked":["Anger+1","Headbutt+1"],"picked":"Pommel Strike+1","floor":11.0},{"not_picked":["Warcry","Rampage+1"],"picked":"Flex","floor":12.0},{"not_picked":["Carnage+1","Combust"],"picked":"Burning Pact","floor":14.0},{"not_picked":["Impervious","Juggernaut"],"picked":"Immolate+1","floor":16.0},{"not_picked":["True Grit","Disarm"],"picked":"Dropkick+1","floor":18.0},{"not_picked":["Sever Soul+1","Shockwave"],"picked":"Uppercut+1","floor":19.0},{"not_picked":["Searing Blow+1","Brutality","Pummel+1"],"picked":"SKIP","floor":23.0},{"not_picked":["Power Through","Flex"],"picked":"Inflame","floor":25.0},{"not_picked":["Hemokinesis+1","Fire Breathing","Dropkick+1"],"picked":"SKIP","floor":27.0},{"not_picked":["Armaments","Feel No Pain"],"picked":"Twin Strike+1","floor":28}],"player_experience":459493,"relics_obtained":[{"floor":6.0,"key":"Molten Egg 2"},{"floor":9.0,"key":"Blood Vial"},{"floor":10.0,"key":"Oddly Smooth Stone"},{"floor":12.0,"key":"Strawberry"},{"floor":14.0,"key":"Du-Vu Doll"},{"floor":23.0,"key":"MawBank"},{"floor":25.0,"key":"Ancient Tea Set"},{"floor":26.0,"key":"Regal Pillow"},{"floor":27.0,"key":"Bottled Lightning"},{"floor":30,"key":"Turnip"}],"event_choices":[{"damage_healed":0.0,"max_hp_gain":0.0,"max_hp_loss":0.0,"gold_gain":0.0,"event_name":"Shining Light","player_choice":"Entered Light","floor":2.0,"gold_loss":0.0,"damage_taken":23.0,"cards_upgraded":["Defend_R","Defend_R"]},{"cards_removed":["Strike_R"],"damage_healed":0.0,"max_hp_gain":0.0,"max_hp_loss":0.0,"gold_gain":0.0,"event_name":"Golden Wing","player_choice":"Card Removal","floor":5.0,"gold_loss":0.0,"damage_taken":7.0},{"damage_healed":0.0,"max_hp_gain":0.0,"max_hp_loss":0.0,"gold_gain":0.0,"event_name":"The Mausoleum","player_choice":"Opened","floor":20.0,"gold_loss":0.0,"damage_taken":0.0,"relics_obtained":["Eternal Feather"],"cards_obtained":["Writhe"]},{"damage_healed":0.0,"max_hp_gain":0.0,"max_hp_loss":0.0,"gold_gain":50.0,"event_name":"Nest","player_choice":"Stole From Cult","floor":21.0,"gold_loss":0.0,"damage_taken":0.0}],"is_beta":false,"boss_relics":[{"not_picked":["Runic Pyramid","Busted Crown"],"picked":"Velvet Choker"}],"items_purged_floors":[22,29],"is_endless":false,"potions_floor_spawned":[1,7,8,11,14,18,25],"killed_by":"Shelled Parasite and Fungi","ascension_level":19}}