{"host":"ndqo0ze3xqwwg5zo","time":1613447227,"event":{"mods":["BaseMod","Colored Powertips","Downfall","Hermit","Koishi","Marisa????????","Minty Spire (QoL Compilation)","Permanent Neow","Prisma Mod","Replay The Spire","Shop Mod","StSLib","Td1madao Mod","The Cursed","The Disciple","The Hierophant","The Necromancer","The Runesmith","The Servant 0.9.4","The Wild Card"],"gold_per_floor":[117,117,117,129,140,140,151,184,184,184,203,216,235,261,261,261,261],"floor_reached":16,"language":"ENG","playtime":1299,"items_purged":[],"score":129,"play_id":"c289db9e-5f60-45d9-8459-47e949250b77","local_time":"20210215214707","is_ascension_mode":false,"campfire_choices":[{"data":"Neutralize","floor":6,"key":"SMITH"},{"data":"Outmaneuver","floor":10,"key":"SMITH"},{"data":"Hidden Blade","floor":15,"key":"SMITH"}],"circlet_count":0,"master_deck":["Strike_G","Strike_G","Strike_G","Strike_G","Strike_G","Defend_G","Defend_G","Defend_G","Defend_G","Defend_G","Survivor","Neutralize+1","Well Laid Plans+1","Masterful Stab","Eviscerate","Outmaneuver+1","Hidden Blade+1","Flying Knee"],"relics":["Painkiller Herb","Pantograph","Question Card","Orichalcum"],"acts_visited":["Exordium"],"potions_floor_usage":[8,16],"damage_taken":[{"damage":0,"enemies":"2 Louse","floor":1,"turns":4},{"damage":0,"enemies":"Cultist","floor":4,"turns":4},{"damage":0,"enemies":"Small Slimes","floor":5,"turns":4},{"damage":0,"enemies":"Blue Slaver","floor":7,"turns":4},{"damage":0,"enemies":"Lagavulin","floor":8,"turns":6},{"damage":6,"enemies":"Large Slime","floor":11,"turns":8},{"damage":1,"enemies":"Red Slaver","floor":12,"turns":3},{"damage":6,"enemies":"Exordium Thugs","floor":13,"turns":4},{"damage":71,"enemies":"Hexaghost","floor":16,"turns":16}],"seed_played":"-3598955736083483623","potions_obtained":[{"floor":1,"key":"Dexterity Potion"},{"floor":5,"key":"sneckomod:MuddlingPotion"}],"is_trial":false,"path_per_floor":["?","?","T","?","?","T","?","E","T","T","?","?","?","T","T","B"],"character_chosen":"THE_SILENT","items_purchased":[],"campfire_rested":0,"item_purchase_floors":[],"current_hp_per_floor":[70,70,70,70,70,70,70,70,70,70,64,63,57,57,57,0,0],"gold":261,"neow_bonus":"BOSS_RELIC","is_daily":false,"chose_seed":false,"campfire_upgraded":3,"win_rate":0.0,"timestamp":1613447227,"path_taken":["?","?","T","?","?","T","?","E","T","T","?","?","?","?","T","BOSS"],"items_purchased_type":[],"build_version":"2020-12-22","purchased_purges":0,"victory":false,"max_hp_per_floor":[70,70,70,70,70,70,70,70,70,70,70,70,70,70,70,70,70],"card_choices":[{"not_picked":["ReplayTheSpireMod:The Works","Underhanded Strike"],"picked":"Well Laid Plans","floor":1},{"not_picked":["Dodge and Roll","Bane","Catalyst"],"picked":"SKIP","floor":4},{"not_picked":["Riddle With Holes","Toxin Wave"],"picked":"Masterful Stab","floor":5},{"not_picked":["Dodge and Roll","Poisoned Stab"],"picked":"Eviscerate","floor":7},{"not_picked":["Crippling Poison","Flying Knee"],"picked":"Outmaneuver","floor":8},{"not_picked":["Riddle With Holes","Terror","All Out Attack"],"picked":"Hidden Blade","floor":11},{"not_picked":["Dodge and Roll","Leg Sweep","Envenom"],"picked":"Flying Knee","floor":12},{"not_picked":["All Out Attack","Toxin Wave","Bane","Predator"],"picked":"SKIP","floor":13}],"player_experience":92707,"relics_obtained":[{"floor":8,"key":"Pantograph"},{"floor":9,"key":"Question Card"},{"floor":14,"key":"Orichalcum"}],"event_choices":[{"damage_healed":0,"gold_gain":0,"player_choice":"Upgraded","damage_taken":0,"max_hp_gain":0,"max_hp_loss":0,"event_name":"Upgrade Shrine","floor":2,"gold_loss":0,"cards_upgraded":["Well Laid Plans"]}],"is_beta":false,"boss_relics":[],"items_purged_floors":[],"is_endless":false,"potions_floor_spawned":[1,5],"killed_by":"Hexaghost","ascension_level":0}}