{"host":"znvnxllcillb3rtw","time":1613500148,"event":{"mods":["BaseMod","DeckTracker","Minty Spire (QoL Compilation)","Relic Stats","StSLib","SuperFastMode","everything is the same but u backflip on backflip"],"gold_per_floor":[112,130,130,130,149,149,174,174,249,249,269,280,305,29,29,104,104,123,137,137,137,137],"floor_reached":21,"language":"KOR","playtime":562,"items_purged":["Strike_B"],"score":378,"play_id":"1db173d7-4815-4860-a793-dc96c66a1d09","local_time":"20210217032908","is_ascension_mode":true,"campfire_choices":[{"data":"Defragment","floor":6,"key":"SMITH"},{"data":"Lockon","floor":8,"key":"SMITH"},{"floor":10,"key":"REST"},{"data":"Hello World","floor":15,"key":"SMITH"}],"circlet_count":0,"master_deck":["AscendersBane","Strike_B","Strike_B","Defend_B","Defend_B","Defend_B","Zap","Dualcast","FTL","Defragment+1","Lockon+1","Gash","Barrage","Auto Shields","Static Discharge","Hello World+1","Go for the Eyes","Conserve Battery","Core Surge","Skim","Darkness"],"relics":["Cracked Core","Potion Belt","Matryoshka","Cables","Sozu"],"acts_visited":["Exordium","TheCity"],"potions_floor_usage":[7,16],"damage_taken":[{"damage":1,"enemies":"Cultist","floor":1,"turns":3},{"damage":1,"enemies":"2 Louse","floor":2,"turns":2},{"damage":11,"enemies":"Small Slimes","floor":5,"turns":4},{"damage":25,"enemies":"3 Sentries","floor":7,"turns":6},{"damage":7,"enemies":"Looter","floor":11,"turns":3},{"damage":1,"enemies":"2 Fungi Beasts","floor":12,"turns":3},{"damage":16,"enemies":"Gremlin Nob","floor":13,"turns":3},{"damage":12,"enemies":"Hexaghost","floor":16,"turns":6},{"damage":18,"enemies":"Shell Parasite","floor":18,"turns":4},{"damage":0,"enemies":"Chosen","floor":19,"turns":4},{"damage":45,"enemies":"Masked Bandits","floor":21,"turns":3}],"seed_played":"-642413683785452423","potions_obtained":[{"floor":1,"key":"Swift Potion"},{"floor":2,"key":"LiquidBronze"},{"floor":4,"key":"FocusPotion"},{"floor":5,"key":"Fire Potion"}],"is_trial":false,"path_per_floor":["M","M","?","?","M","R","E","R","T","R","M","M","E","$","R","B",null,"M","M","?","?"],"character_chosen":"DEFECT","items_purchased":["Hello World","Go for the Eyes","Conserve Battery","FearPotion"],"campfire_rested":1,"item_purchase_floors":[14,14,14,14],"current_hp_per_floor":[45,44,67,67,56,56,31,31,31,52,45,44,28,28,28,16,57,39,39,39,0,0],"gold":137,"neow_bonus":"REMOVE_TWO","is_daily":false,"chose_seed":false,"campfire_upgraded":3,"win_rate":0.0,"timestamp":1613500148,"path_taken":["M","M","?","?","M","R","E","R","T","R","?","M","E","$","R","BOSS","M","M","?","?"],"items_purchased_type":["Card","Card","Card","Potion"],"build_version":"2020-12-22","purchased_purges":1,"victory":false,"max_hp_per_floor":[71,71,71,71,71,71,71,71,71,71,71,71,71,71,71,71,71,71,71,71,71,71],"relic_stats":{"Sozu":1,"counters":[11,41],"obtain_stats":[{"Potion Belt":7,"Sozu":17,"Matryoshka":9,"Cracked Core":0,"Cables":13},{"Potion Belt":4,"Sozu":8,"Matryoshka":4,"Cracked Core":0,"Cables":7},{"Potion Belt":15,"Sozu":30,"Matryoshka":15,"Cracked Core":0,"Cables":24}],"Cables":[17,16,1,0,0]},"card_choices":[{"not_picked":["Coolheaded","Sweeping Beam"],"picked":"FTL","floor":1},{"not_picked":["Force Field","Compile Driver"],"picked":"Defragment","floor":2},{"not_picked":["Aggregate","Rebound"],"picked":"Lockon","floor":5},{"not_picked":["Sweeping Beam","Multi-Cast"],"picked":"Gash","floor":7},{"not_picked":["Compile Driver","Sweeping Beam"],"picked":"Barrage","floor":11},{"not_picked":["Reprogram","Sweeping Beam"],"picked":"Auto Shields","floor":12},{"not_picked":["Streamline","Storm"],"picked":"Static Discharge","floor":13},{"not_picked":["Fission","Multi-Cast"],"picked":"Core Surge","floor":16},{"not_picked":["Redo","Conserve Battery"],"picked":"Skim","floor":18},{"not_picked":["Redo+1","Rip and Tear"],"picked":"Darkness","floor":19}],"player_experience":2906116,"relics_obtained":[{"floor":7,"key":"Potion Belt"},{"floor":9,"key":"Matryoshka"},{"floor":13,"key":"Cables"}],"event_choices":[{"damage_healed":23,"gold_gain":0,"player_choice":"Banana","damage_taken":0,"max_hp_gain":0,"max_hp_loss":0,"event_name":"Big Fish","floor":3,"gold_loss":0},{"damage_healed":0,"gold_gain":0,"player_choice":"Got Potions","damage_taken":0,"max_hp_gain":0,"max_hp_loss":0,"event_name":"Lab","floor":4,"gold_loss":0},{"damage_healed":0,"gold_gain":0,"player_choice":"Ignored","damage_taken":0,"max_hp_gain":0,"max_hp_loss":0,"event_name":"Vampires","floor":20,"gold_loss":0},{"damage_healed":0,"gold_gain":0,"player_choice":"Fought Bandits","damage_taken":0,"max_hp_gain":0,"max_hp_loss":0,"event_name":"Masked Bandits","floor":21,"gold_loss":0}],"is_beta":false,"boss_relics":[{"not_picked":["Inserter","Coffee Dripper"],"picked":"Sozu"}],"items_purged_floors":[14],"is_endless":false,"potions_floor_spawned":[1,2,5,18],"killed_by":"Masked Bandits","ascension_level":20}}