{"host":"enu5gq013fznxjyt","time":1613450376,"event":{"mods":["BaseMod","Better Note","Block Reminder","Colored Powertips","Minty Spire (QoL Compilation)","Quick Restart","Relic Stats","StSLib"],"gold_per_floor":[112,128,128,144,109,109,142,142,142,142,0,11,11,45,45,142,142,161,181,31,43,61,61,94,24,76,27,41,41,57,91,91,192,192,209,221,496,508,563,591,491,491,566,296,296,296,311,329,329,329,329],"floor_reached":50,"language":"ENG","playtime":2399,"items_purged":["Pain","Regret","Dualcast"],"score":545,"play_id":"28cacbdc-8943-41e2-a374-2dde4745764d","local_time":"20210215203936","is_ascension_mode":false,"campfire_choices":[{"data":"Defend_B","floor":6,"key":"PURGE"},{"floor":8,"key":"REST"},{"data":"Strike_B","floor":13,"key":"PURGE"},{"floor":15,"key":"REST"},{"floor":23,"key":"RECALL"},{"data":"Loop","floor":29,"key":"SMITH"},{"floor":32,"key":"REST"},{"floor":42,"key":"REST"},{"floor":45,"key":"REST"},{"data":"Defend_B","floor":49,"key":"PURGE"}],"circlet_count":0,"master_deck":["Strike_B","Strike_B+1","Defend_B","Zap","Conserve Battery","Go for the Eyes+1","Static Discharge","Defragment","Sweeping Beam","Fusion","Electrodynamics","White Noise+1","Beam Cell+1","Thunder Strike+1","Self Repair","Leap+1","Conserve Battery","Loop+1","Steam","Redo+1","Buffer+1","Conserve Battery+1","Double Energy+1","Self Repair+1","Dramatic Entrance","Ball Lightning+1"],"relics":["Cracked Core","Peace Pipe","Mercury Hourglass","TungstenRod","WarpedTongs","Thread and Needle","Astrolabe","Blood Vial","Whetstone","Potion Belt","Frozen Egg 2","Inserter","Turnip","Omamori","Sundial","Strawberry"],"acts_visited":["Exordium","TheCity","TheBeyond"],"potions_floor_usage":[14,24,33,39,39,40,50,50,50],"damage_taken":[{"damage":6,"enemies":"Jaw Worm","floor":1,"turns":4},{"damage":0,"enemies":"Cultist","floor":2,"turns":3},{"damage":0,"enemies":"Small Slimes","floor":4,"turns":2},{"damage":31,"enemies":"Lagavulin","floor":7,"turns":6},{"damage":5,"enemies":"Gremlin Gang","floor":12,"turns":3},{"damage":28,"enemies":"3 Sentries","floor":14,"turns":4},{"damage":7,"enemies":"Hexaghost","floor":16,"turns":9},{"damage":14,"enemies":"2 Thieves","floor":18,"turns":1},{"damage":9,"enemies":"Spheric Guardian","floor":19,"turns":4},{"damage":2,"enemies":"Snecko","floor":21,"turns":5},{"damage":11,"enemies":"Chosen and Byrds","floor":22,"turns":3},{"damage":5,"enemies":"Book of Stabbing","floor":24,"turns":5},{"damage":8,"enemies":"Centurion and Healer","floor":28,"turns":5},{"damage":10,"enemies":"Snake Plant","floor":30,"turns":4},{"damage":43,"enemies":"Gremlin Leader","floor":31,"turns":6},{"damage":15,"enemies":"Collector","floor":33,"turns":6},{"damage":0,"enemies":"3 Shapes","floor":35,"turns":4},{"damage":7,"enemies":"Orb Walker","floor":36,"turns":4},{"damage":15,"enemies":"3 Darklings","floor":38,"turns":5},{"damage":26,"enemies":"2 Orb Walkers","floor":39,"turns":3},{"damage":35,"enemies":"Nemesis","floor":40,"turns":7},{"damage":0,"enemies":"Maw","floor":47,"turns":8},{"damage":16,"enemies":"Transient","floor":48,"turns":5},{"damage":93,"enemies":"Awakened One","floor":50,"turns":7}],"seed_played":"-3153804644023470933","potions_obtained":[{"floor":1,"key":"FocusPotion"},{"floor":7,"key":"Regen Potion"},{"floor":18,"key":"Energy Potion"},{"floor":19,"key":"PotionOfCapacity"},{"floor":24,"key":"DuplicationPotion"},{"floor":31,"key":"SteroidPotion"},{"floor":33,"key":"PowerPotion"},{"floor":36,"key":"EntropicBrew"},{"floor":38,"key":"Swift Potion"},{"floor":39,"key":"FearPotion"},{"floor":47,"key":"Fire Potion"},{"floor":48,"key":"PowerPotion"}],"is_trial":false,"path_per_floor":["M","M","?","M","?","R","E","R","T","?","$","M","R","E","R","B",null,"M","M","$","M","M","R","E","$","T","$","M","R","M","E","R","B",null,"M","M","?","M","?","E","$","R","T","$","R","?","M","M","R","B"],"character_chosen":"DEFECT","items_purchased":["Defragment","Blood Vial","Loop","FocusPotion","Strawberry"],"campfire_rested":5,"item_purchase_floors":[11,20,25,27,44],"current_hp_per_floor":[48,48,48,48,66,66,35,57,57,57,57,52,52,36,58,51,75,61,59,59,66,64,64,68,68,68,68,69,69,61,27,49,43,75,75,75,75,67,43,20,20,42,42,49,73,73,82,82,82,0,0],"gold":329,"neow_bonus":"ONE_RARE_RELIC","is_daily":false,"chose_seed":false,"campfire_upgraded":1,"win_rate":0.0,"timestamp":1613450376,"path_taken":["M","M","?","?","?","R","E","R","T","?","$","M","R","E","R","BOSS","M","M","$","M","?","R","E","$","T","?","M","R","?","E","R","BOSS","M","M","?","?","?","E","?","R","T","$","R","?","M","M","R","BOSS"],"items_purchased_type":["Card","Relic","Card","Potion","Relic"],"build_version":"2020-12-22","purchased_purges":3,"victory":false,"max_hp_per_floor":[75,75,75,75,75,75,75,75,75,75,75,75,75,75,75,75,75,75,75,75,75,75,75,75,75,75,75,75,75,75,75,75,75,75,75,75,75,75,75,75,75,75,75,82,82,82,82,82,82,82,82],"relic_stats":{"Peace Pipe":4,"Blood Vial":20,"Inserter":[21],"counters":[24,110],"Sundial":[2],"Astrolabe":["White Noise","Beam Cell","Thunder Strike"],"Turnip":[3],"Whetstone":["Strike_B","Go for the Eyes"],"obtain_stats":[{"Potion Belt":26,"Inserter":34,"Astrolabe":17,"Thread and Needle":14,"Omamori":40,"Whetstone":24,"Frozen Egg 2":31,"Mercury Hourglass":3,"WarpedTongs":10,"Peace Pipe":0,"Blood Vial":20,"Sundial":43,"Strawberry":44,"Turnip":39,"Cracked Core":0,"TungstenRod":7},{"Potion Belt":12,"Inserter":16,"Astrolabe":7,"Thread and Needle":6,"Omamori":21,"Whetstone":12,"Frozen Egg 2":15,"Mercury Hourglass":2,"WarpedTongs":4,"Peace Pipe":0,"Blood Vial":9,"Sundial":21,"Strawberry":21,"Turnip":20,"Cracked Core":0,"TungstenRod":4},{"Potion Belt":49,"Inserter":68,"Astrolabe":31,"Thread and Needle":22,"Omamori":90,"Whetstone":49,"Frozen Egg 2":63,"Mercury Hourglass":7,"WarpedTongs":15,"Peace Pipe":0,"Blood Vial":36,"Sundial":90,"Strawberry":90,"Turnip":83,"Cracked Core":0,"TungstenRod":15}],"TungstenRod":52,"Mercury Hourglass":[426],"WarpedTongs":[95]},"card_choices":[{"not_picked":["Storm","Coolheaded"],"picked":"Conserve Battery","floor":1},{"not_picked":["Undo","Streamline"],"picked":"Hologram","floor":2},{"not_picked":["Coolheaded","Stack"],"picked":"Go for the Eyes","floor":4},{"not_picked":["Go for the Eyes","Cold Snap"],"picked":"Static Discharge","floor":7},{"not_picked":["Reboot","Coolheaded"],"picked":"Sweeping Beam","floor":12},{"not_picked":["Streamline","Gash"],"picked":"Fusion","floor":14},{"not_picked":["Machine Learning","Hyperbeam"],"picked":"Electrodynamics","floor":16},{"not_picked":["Recycle+1","Sweeping Beam+1"],"picked":"Self Repair","floor":18},{"not_picked":["Go for the Eyes","Heatsinks+1","Turbo"],"picked":"SKIP","floor":19},{"not_picked":["Genetic Algorithm","FTL+1"],"picked":"Leap+1","floor":21},{"not_picked":["Turbo+1","Leap"],"picked":"Conserve Battery","floor":22},{"not_picked":["Compile Driver","Blizzard+1","Heatsinks"],"picked":"SKIP","floor":24},{"not_picked":["Streamline","Coolheaded"],"picked":"Steam","floor":28},{"not_picked":["Conserve Battery","Recycle+1"],"picked":"Redo+1","floor":30},{"not_picked":["Fission","Coolheaded","Leap"],"picked":"SKIP","floor":31},{"not_picked":["Creative AI+1","Electrodynamics+1"],"picked":"Buffer+1","floor":33},{"not_picked":["Stack","Sweeping Beam+1","Streamline+1"],"picked":"SKIP","floor":35},{"not_picked":["Genetic Algorithm","Coolheaded+1"],"picked":"Conserve Battery+1","floor":36},{"not_picked":["Consume+1","Leap+1"],"picked":"Double Energy+1","floor":38},{"not_picked":["Sweeping Beam","Stack+1"],"picked":"Self Repair+1","floor":39},{"not_picked":["Undo","Stack","Rip and Tear"],"picked":"SKIP","floor":40},{"not_picked":["Mind Blast","Blind"],"picked":"Dramatic Entrance","floor":46},{"not_picked":["Leap","Undo+1"],"picked":"Ball Lightning+1","floor":47},{"not_picked":["Doom and Gloom","Rip and Tear","Multi-Cast"],"picked":"SKIP","floor":48}],"player_experience":247230,"relics_obtained":[{"floor":7,"key":"TungstenRod"},{"floor":14,"key":"Thread and Needle"},{"floor":24,"key":"Whetstone"},{"floor":26,"key":"Potion Belt"},{"floor":31,"key":"Frozen Egg 2"},{"floor":39,"key":"Turnip"},{"floor":40,"key":"Omamori"},{"floor":43,"key":"Sundial"}],"event_choices":[{"damage_healed":0,"gold_gain":0,"player_choice":"Gave Potion","damage_taken":0,"relics_obtained":["Mercury Hourglass"],"max_hp_gain":0,"max_hp_loss":0,"event_name":"WeMeetAgain","floor":3,"gold_loss":0},{"damage_healed":18,"gold_gain":0,"player_choice":"Healed","damage_taken":0,"max_hp_gain":0,"max_hp_loss":0,"event_name":"The Cleric","floor":5,"gold_loss":35},{"damage_healed":0,"gold_gain":0,"player_choice":"Rummage","damage_taken":0,"relics_obtained":["WarpedTongs"],"max_hp_gain":0,"max_hp_loss":0,"event_name":"Accursed Blacksmith","floor":10,"gold_loss":0,"cards_obtained":["Pain"]},{"damage_healed":0,"gold_gain":275,"player_choice":"Desecrate","damage_taken":0,"max_hp_gain":0,"max_hp_loss":0,"event_name":"Golden Shrine","floor":37,"gold_loss":0,"cards_obtained":["Regret"]},{"damage_healed":0,"gold_gain":0,"player_choice":"Fight","damage_taken":0,"max_hp_gain":0,"max_hp_loss":0,"event_name":"Mysterious Sphere","floor":39,"gold_loss":0},{"damage_healed":0,"gold_gain":0,"player_choice":"Memory 1","damage_taken":0,"max_hp_gain":0,"max_hp_loss":0,"event_name":"SensoryStone","floor":46,"gold_loss":0}],"is_beta":false,"boss_relics":[{"not_picked":["Black Star","Pandora\u0027s Box"],"picked":"Astrolabe"},{"not_picked":["Tiny House","Velvet Choker"],"picked":"Inserter"}],"items_purged_floors":[11,41,44],"is_endless":false,"potions_floor_spawned":[1,7,18,19,24,31,33,36,38,39,47,48],"killed_by":"Awakened One","ascension_level":0}}