{"host":"wppa8gky53tnknhf","time":1613481857,"event":{"mods":["AchievementEnabler","Act Like it!","BaseMod","Better Third Choice","BetterRewards","Card Forge","Colored Powertips","Hubris","Infinite Spire","Marked Mod","Minty Spire (QoL Compilation)","Permanent Neow","Quick Restart","Rare Cards Sparkle","Relic Stats","Reliquary","Remove Card Discount Mod","Replay The Spire","Spikes Relics","Spire Birthday Party","StSLib","Wandering Minibosses"],"gold_per_floor":[111,102,115,115,134,134,99,125,125,150,192,192,204,998,998,1105,1105,1125,1145,1155,1070,1099,1126,1155,1155,1202,1202,1202,1227,1267,1287,1287,1387,1387,1403,1420,1479,1493,1515,1655,1655,1801,1826,1965,2122,2284,2458,2635,2635,2635,2635,2635,2155,2327,2327],"floor_reached":56,"language":"ENG","playtime":2906,"items_purged":[],"score":1503,"play_id":"e6fa35fe-d60e-4fa9-97a1-d83aefa56b4a","local_time":"20210216132417","is_ascension_mode":true,"campfire_choices":[{"floor":6.0,"key":"RECALL"},{"data":"Twin Strike","floor":15.0,"key":"SMITH"},{"floor":25,"key":"REST"},{"data":"Entrench","floor":27,"key":"SMITH"},{"floor":32,"key":"DIG"},{"floor":41,"key":"REST"},{"data":"Shrug It Off","floor":49,"key":"SMITH"},{"floor":52,"key":"REST"}],"circlet_count":0,"master_deck":["Strike_R+1","Strike_R+1","Strike_R+1","Strike_R+1","Strike_R+1","Defend_R+1","Defend_R+1","Defend_R+1","Defend_R+1","Bash+1","Bludgeon+1","Thunderclap+1","Thunderclap+1","infinitespire:OneForAll+1","Barricade+1","Twin Strike+1","Limit Break+1","Invigoration+1","Entrench+1","Double Tap+1","Clash+1","Body Slam+1","Shrug It Off+1","Flex+1","Limit Break+1","Clash+1","Shrug It Off+1","Sword Boomerang+1","ReplayTheSpireMod:Brewmster+1","Madness+1"],"relics":["Burning Blood","Hammer of Thor","Seething Fire","Anvil of the Gods","CeramicFish","SpikesRelics:ToyHorsey","hubris:Icosahedron","wanderingMiniBosses:MasterThiefsPresence","Ring of Chaos","Singing Bowl","hubris:64BitClover","GolemAmulet","SacredBark","CherryCoatedStake","infinitespire:EvilPickle","Anchor","MealTicket","Blood Vial","hubris:Potato","Chameleon Ring","ReplayTheSpireMod:ShopPack","Nunchaku"],"acts_visited":["Exordium","TheCity","TheBeyond","TheEnding"],"potions_floor_usage":[23,33,33,47,55,55,55],"damage_taken":[{"damage":0.0,"enemies":"Cultist","floor":1.0,"turns":2.0},{"damage":2.0,"enemies":"Small Slimes","floor":2.0,"turns":6.0},{"damage":0.0,"enemies":"2 Louse","floor":3.0,"turns":2.0},{"damage":20.0,"enemies":"Exordium Thugs","floor":5.0,"turns":4.0},{"damage":14.0,"enemies":"Gremlin Nob","floor":8.0,"turns":3.0},{"damage":4.0,"enemies":"Looter","floor":10.0,"turns":3.0},{"damage":22.0,"enemies":"3 Sentries","floor":11.0,"turns":7.0},{"damage":1.0,"enemies":"2 Fungi Beasts","floor":13.0,"turns":2.0},{"damage":12.0,"enemies":"3 Louse","floor":14.0,"turns":4.0},{"damage":55.0,"enemies":"The Guardian","floor":16.0,"turns":13.0},{"damage":10.0,"enemies":"Spheric Guardian","floor":18.0,"turns":3.0},{"damage":14.0,"enemies":"2 Thieves","floor":19.0,"turns":3.0},{"damage":21.0,"enemies":"Centurion and Healer","floor":20.0,"turns":3.0},{"damage":4.0,"enemies":"3 Cultists","floor":22.0,"turns":3.0},{"damage":0,"enemies":"Replay:Snechameleon","floor":23,"turns":4},{"damage":19,"enemies":"Shelled Parasite and Fungi","floor":24,"turns":5},{"damage":0,"enemies":"Snake Plant","floor":29,"turns":1},{"damage":9,"enemies":"Gremlin Leader","floor":30,"turns":4},{"damage":9,"enemies":"Snecko","floor":31,"turns":4},{"damage":18,"enemies":"Pondfish","floor":33,"turns":7},{"damage":16,"enemies":"3 Darklings","floor":35,"turns":3},{"damage":0,"enemies":"3 Shapes","floor":36,"turns":3},{"damage":25,"enemies":"Mind Bloom Boss Battle","floor":37,"turns":5},{"damage":14,"enemies":"3 Darklings","floor":38,"turns":5},{"damage":10,"enemies":"Writhing Mass","floor":39,"turns":4},{"damage":17,"enemies":"R_Hoarder","floor":40,"turns":5},{"damage":0,"enemies":"Giant Head","floor":42,"turns":5},{"damage":2,"enemies":"Jaw Worm Horde","floor":44,"turns":3},{"damage":0,"enemies":"R_Hoarder","floor":45,"turns":2},{"damage":51,"enemies":"Maw","floor":46,"turns":7},{"damage":0,"enemies":"Transient","floor":47,"turns":5},{"damage":21,"enemies":"Writhing Mass","floor":48,"turns":3},{"damage":4,"enemies":"Replay:Hell Engine","floor":50,"turns":4},{"damage":25,"enemies":"Shield and Spear","floor":54,"turns":4},{"damage":51,"enemies":"The Heart","floor":55,"turns":5}],"seed_played":"-964375753360797860","potions_obtained":[{"floor":1.0,"key":"Block Potion"},{"floor":2.0,"key":"GamblersBrew"},{"floor":11.0,"key":"Death Potion"},{"floor":13.0,"key":"Adrenaline Potion"},{"floor":18.0,"key":"Energy Potion"},{"floor":19.0,"key":"infinitespire:BlackPotion"},{"floor":24,"key":"Venom Potion"},{"floor":35,"key":"Milkshake"},{"floor":37,"key":"SpeedPotion"},{"floor":45,"key":"Fire Potion"},{"floor":46,"key":"infinitespire:BlackPotion"},{"floor":48,"key":"Swift Potion"}],"is_trial":false,"path_per_floor":["M","M","M","?","M","R","$","E","T","M","E","?","M","M","R","B",null,"M","M","M","?","M","E","M","R","T","R","?","M","E","M","R","B",null,"M","M","?","M","M","E","R","E","T","M","E","M","M","M","R","B",null,"R","$","E","B",null],"character_chosen":"IRONCLAD","items_purchased":["infinitespire:OneForAll","Chameleon Ring","ReplayTheSpireMod:ShopPack","DuplicationPotion","Dexterity Potion"],"campfire_rested":3,"item_purchase_floors":[7,53,53,53,53],"current_hp_per_floor":[62,66,72,72,58,58,58,50,50,52,36,36,41,74,74,25,80,76,68,53,53,55,63,50,74,74,74,71,77,74,71,71,61,84,74,80,61,69,65,54,79,85,85,88,90,45,53,42,42,46,92,92,94,80,37],"gold":2327,"neow_bonus":"THREE_RARE_CARDS","is_daily":false,"chose_seed":false,"campfire_upgraded":3,"win_rate":0.0,"timestamp":1613481857,"path_taken":["M","M","M","?","M","R","$","E","T","M","E","?","M","M","R","BOSS","M","M","M","?","M","E","M","R","T","R","?","M","E","M","R","BOSS","M","M","?","M","M","E","R","E","T","M","E","M","M","M","R","BOSS","R","$","E","BOSS"],"items_purchased_type":["Card","Relic","Relic","Potion","Potion"],"build_version":"2020-12-22","purchased_purges":0,"victory":true,"max_hp_per_floor":[80,80,80,80,80,80,80,80,80,80,80,80,80,80,80,80,80,80,80,80,80,80,82,82,82,82,82,82,82,82,82,82,84,84,84,84,84,86,86,86,86,86,86,88,90,90,90,92,92,92,92,92,94,96,96],"relic_stats":{"Blood Vial":8,"Nunchaku":[1],"Singing Bowl":16,"counters":[35,146],"CeramicFish":144,"MealTicket":0,"obtain_stats":[{"Singing Bowl":21,"CherryCoatedStake":37,"hubris:64BitClover":30,"CeramicFish":8,"SacredBark":34,"wanderingMiniBosses:MasterThiefsPresence":14,"Hammer of Thor":0,"Ring of Chaos":17,"Seething Fire":0,"Burning Blood":0,"reliquary:FerryPass":43,"infinitespire:EvilPickle":40,"Blood Vial":44,"Anchor":40,"Nunchaku":54,"SpikesRelics:ToyHorsey":9,"hubris:Icosahedron":12,"Chameleon Ring":53,"Anvil of the Gods":0,"MealTicket":42,"GolemAmulet":32,"hubris:Potato":46,"ReplayTheSpireMod:ShopPack":53},{"Singing Bowl":13,"CherryCoatedStake":23,"hubris:64BitClover":18,"CeramicFish":5,"SacredBark":20,"wanderingMiniBosses:MasterThiefsPresence":9,"Hammer of Thor":0,"Ring of Chaos":10,"Seething Fire":0,"Burning Blood":0,"reliquary:FerryPass":27,"infinitespire:EvilPickle":26,"Blood Vial":28,"Anchor":26,"Nunchaku":34,"SpikesRelics:ToyHorsey":5,"hubris:Icosahedron":7,"Chameleon Ring":33,"Anvil of the Gods":0,"MealTicket":27,"GolemAmulet":19,"hubris:Potato":30,"ReplayTheSpireMod:ShopPack":33},{"Singing Bowl":55,"CherryCoatedStake":94,"hubris:64BitClover":72,"CeramicFish":17,"SacredBark":83,"wanderingMiniBosses:MasterThiefsPresence":33,"Hammer of Thor":0,"Ring of Chaos":46,"Seething Fire":0,"Burning Blood":0,"reliquary:FerryPass":113,"infinitespire:EvilPickle":103,"Blood Vial":116,"Anchor":108,"Nunchaku":141,"SpikesRelics:ToyHorsey":17,"hubris:Icosahedron":27,"Chameleon Ring":137,"Anvil of the Gods":0,"MealTicket":113,"GolemAmulet":76,"hubris:Potato":125,"ReplayTheSpireMod:ShopPack":137}],"Burning Blood":200},"card_choices":[{"not_picked":["Replay:Many Hands","Fiend Fire"],"picked":"Bludgeon","floor":0.0},{"not_picked":["Whirlwind","Clothesline"],"picked":"Thunderclap","floor":1.0},{"not_picked":["Sword Boomerang","Clothesline"],"picked":"Thunderclap","floor":2.0},{"not_picked":["Anger","Clothesline","Dark Embrace"],"picked":"SKIP","floor":3.0},{"not_picked":["Dual Wield","Anger","Sword Boomerang"],"picked":"SKIP","floor":5.0},{"not_picked":["Life Link","Flex","Anger"],"picked":"SKIP","floor":8.0},{"not_picked":["Iron Wave","Heavy Blade"],"picked":"Barricade","floor":10.0},{"not_picked":["Shrug It Off","Blood for Blood"],"picked":"Twin Strike","floor":11.0},{"not_picked":["Clothesline","Warcry","Wild Strike"],"picked":"SKIP","floor":13.0},{"not_picked":["ReplayTheSpireMod:Corrosion Curse","Replay:Undeath\u0027s Touch","hubris:SharpeningStone"],"picked":"SKIP","floor":14.0},{"not_picked":["Berserk","Impervious"],"picked":"Limit Break","floor":16.0},{"not_picked":["Anger","Clothesline","Defy Death+1"],"picked":"SKIP","floor":18.0},{"not_picked":["Sentinel","Sword Boomerang","Heavy Blade"],"picked":"SKIP","floor":19.0},{"not_picked":["Juggernaut","ReplayTheSpireMod:Limb From Limb","Evolve"],"picked":"SKIP","floor":20.0},{"not_picked":["Headbutt","Clothesline"],"picked":"Invigoration","floor":22.0},{"not_picked":["Havoc","Twin Strike","Sever Soul"],"picked":"Singing Bowl","floor":23},{"not_picked":["Defy Death+1","Run Through"],"picked":"Entrench","floor":24},{"not_picked":["Rupture+1","Havoc+1"],"picked":"Double Tap","floor":29},{"not_picked":["Entrench","Ghostly Armor"],"picked":"Clash+1","floor":30},{"not_picked":["ReplayTheSpireMod:Stacked","Defy Death"],"picked":"Body Slam","floor":31},{"not_picked":["Double Tap","Fiend Fire","Bludgeon"],"picked":"Singing Bowl","floor":33},{"not_picked":["Dropkick+1","Rampage","Sever Soul+1"],"picked":"SKIP","floor":35},{"not_picked":["Sever Soul+1","Power Through+1","infinitespire:OneForAll"],"picked":"SKIP","floor":36},{"not_picked":["Whirlwind","hubris:ReadiedAction+1"],"picked":"Shrug It Off","floor":37},{"not_picked":["Searing Blow+1","Power Through+1","Warcry+1"],"picked":"Singing Bowl","floor":38},{"not_picked":["hubris:ReadiedAction","ReplayTheSpireMod:Corrosion Curse"],"picked":"Flex+1","floor":39},{"not_picked":["Pommel Strike+1","Clash"],"picked":"Limit Break","floor":40},{"not_picked":["Warcry","Armaments+1"],"picked":"Clash+1","floor":42},{"not_picked":["hubris:ReadiedAction+1","Iron Wave+1","Reckless Charge+1"],"picked":"Singing Bowl","floor":44},{"not_picked":["Rampage","Juggernaut","Heavy Blade"],"picked":"Singing Bowl","floor":45},{"not_picked":["Run Through+1","Body Slam"],"picked":"Shrug It Off","floor":46},{"not_picked":["Rampage","Pommel Strike+1"],"picked":"Sword Boomerang+1","floor":47},{"not_picked":["Juggernaut","Anger","True Grit"],"picked":"Singing Bowl","floor":48},{"not_picked":["ReplayTheSpireMod:Necrogeddon","Poisoned Strike"],"picked":"ReplayTheSpireMod:Brewmster","floor":53},{"not_picked":["hubris:Ssssneak","Apotheosis","Assess"],"picked":"Singing Bowl","floor":53},{"not_picked":["Degenerate","ReplayTheSpireMod:Uncanny Aura"],"picked":"Madness","floor":53},{"not_picked":["Dual Wield+1","Twin Strike+1","Havoc+1"],"picked":"Singing Bowl","floor":54}],"player_experience":722495,"relics_obtained":[{"floor":8.0,"key":"CeramicFish"},{"floor":9.0,"key":"SpikesRelics:ToyHorsey"},{"floor":14.0,"key":"wanderingMiniBosses:MasterThiefsPresence"},{"floor":30,"key":"hubris:64BitClover"},{"floor":32,"key":"GolemAmulet"},{"floor":37,"key":"CherryCoatedStake"},{"floor":40,"key":"Anchor"},{"floor":42,"key":"MealTicket"},{"floor":43,"key":"reliquary:FerryPass"},{"floor":44,"key":"Blood Vial"},{"floor":46,"key":"hubris:Potato"},{"floor":54,"key":"Nunchaku"}],"event_choices":[{"damage_healed":72.0,"max_hp_gain":0.0,"max_hp_loss":80.0,"gold_gain":0.0,"event_name":"betterThird:BetterShining","player_choice":"Leave","floor":4.0,"gold_loss":0.0,"damage_taken":0.0},{"damage_healed":0.0,"max_hp_gain":0.0,"max_hp_loss":0.0,"gold_gain":0.0,"event_name":"Addict","player_choice":"Obtained Relic","floor":21.0,"gold_loss":85.0,"damage_taken":0.0,"relics_obtained":["Singing Bowl"]},{"damage_healed":0,"gold_gain":0,"player_choice":"Punched","damage_taken":3,"max_hp_gain":0,"max_hp_loss":0,"event_name":"Designer","floor":28,"gold_loss":0},{"damage_healed":0,"gold_gain":0,"player_choice":"Fight","damage_taken":0,"max_hp_gain":0,"max_hp_loss":0,"event_name":"MindBloom","floor":37,"gold_loss":0}],"is_beta":false,"boss_relics":[{"not_picked":["Kintsugi","Replay:Drink Me"],"picked":"Ring of Chaos"},{"not_picked":["Calling Bell","Ooze Armor"],"picked":"SacredBark"}],"items_purged_floors":[],"is_endless":false,"potions_floor_spawned":[1,2,10,11,13,18,19,24,35,37,39,45,46,48,54],"ascension_level":1}}