{"host":"mlrb8iqizg86d23t","time":1613440135,"event":{"mods":["BaseMod","Minty Spire (QoL Compilation)","StSLib","UnlockEverythingMod"],"gold_per_floor":[117,133,52,52,62,62,82,47,47,47,57,68,68,83,83,181,181,199,199,4,4,4,4,4,18,66,66,66,66,66],"floor_reached":29,"language":"ENG","playtime":1594,"items_purged":[],"score":215,"play_id":"4cf57ce3-818c-4614-8498-a6fb700cf9c0","local_time":"20210215194855","is_ascension_mode":false,"campfire_choices":[{"floor":6,"key":"REST"},{"floor":15,"key":"RECALL"},{"floor":23,"key":"REST"}],"circlet_count":0,"master_deck":["Strike_P","Strike_P","Strike_P","Strike_P","Defend_P","Defend_P","Defend_P","Defend_P","Eruption","Vigilance","Swivel","Nirvana","CutThroughFate","EmptyFist","Collect","Halt","SashWhip","MentalFortress","Consecrate","Ragnarok","WheelKick","Pray","Dark Shackles","Adaptation","Protect+1"],"relics":["PureWater","White Beast Statue","Bottled Tornado","Philosopher\u0027s Stone","MawBank","Toxic Egg 2","Enchiridion","Nunchaku","MutagenicStrength"],"acts_visited":["Exordium","TheCity"],"potions_floor_usage":[16,18,27,27],"damage_taken":[{"damage":19,"enemies":"Small Slimes","floor":1,"turns":2},{"damage":3,"enemies":"Jaw Worm","floor":2,"turns":2},{"damage":0,"enemies":"Cultist","floor":5,"turns":3},{"damage":9,"enemies":"Looter","floor":7,"turns":4},{"damage":14,"enemies":"3 Louse","floor":11,"turns":2},{"damage":16,"enemies":"Exordium Wildlife","floor":12,"turns":4},{"damage":7,"enemies":"Blue Slaver","floor":14,"turns":2},{"damage":40,"enemies":"The Guardian","floor":16,"turns":13},{"damage":19,"enemies":"Shell Parasite","floor":18,"turns":5},{"damage":7,"enemies":"Chosen","floor":25,"turns":3},{"damage":0,"enemies":"Snake Plant","floor":27,"turns":1},{"damage":104,"enemies":"Cultist and Chosen","floor":29,"turns":7}],"seed_played":"-8895051898427121641","potions_obtained":[{"floor":1,"key":"SteroidPotion"},{"floor":5,"key":"SmokeBomb"},{"floor":7,"key":"AttackPotion"},{"floor":13,"key":"FairyPotion"},{"floor":16,"key":"LiquidMemories"},{"floor":18,"key":"FearPotion"}],"is_trial":false,"path_per_floor":["M","M","$","?","M","R","M","?","T","T","M","M","?","M","R","B",null,"M","T","$","?","?","R","$","M","T","M","?","M"],"character_chosen":"WATCHER","items_purchased":["CutThroughFate","EmptyFist","Pray","Dark Shackles","Adaptation"],"campfire_rested":2,"item_purchase_floors":[3,3,20,20,20],"current_hp_per_floor":[60,57,57,54,54,77,68,79,79,79,65,49,49,42,42,2,79,60,60,60,60,44,67,67,60,60,60,60,0,0],"gold":66,"neow_bonus":"TEN_PERCENT_HP_BONUS","is_daily":false,"chose_seed":false,"campfire_upgraded":0,"win_rate":0.0,"timestamp":1613440135,"path_taken":["M","M","$","?","M","R","M","?","T","?","M","M","?","M","R","BOSS","M","?","$","?","?","R","$","M","T","?","?","M"],"items_purchased_type":["Card","Card","Card","Card","Card"],"build_version":"2020-12-22","purchased_purges":0,"victory":false,"max_hp_per_floor":[79,79,79,79,79,79,79,79,79,79,79,79,79,79,79,79,79,79,79,79,79,79,79,79,79,79,79,79,79,79],"card_choices":[{"not_picked":["Adaptation","ForeignInfluence"],"picked":"Swivel","floor":1},{"not_picked":["JustLucky","BowlingBash"],"picked":"Nirvana","floor":2},{"not_picked":["FlurryOfBlows","Sanctity"],"picked":"Collect","floor":5},{"not_picked":["Meditate","Evaluate"],"picked":"Halt","floor":7},{"not_picked":["InnerPeace","FlurryOfBlows"],"picked":"SashWhip","floor":11},{"not_picked":["Omniscience","Nirvana"],"picked":"MentalFortress","floor":12},{"not_picked":["JustLucky","Indignation"],"picked":"Consecrate","floor":14},{"not_picked":["SpiritShield","ConjureBlade"],"picked":"Ragnarok","floor":16},{"not_picked":["CarveReality+1","FlurryOfBlows"],"picked":"WheelKick","floor":18},{"not_picked":["BowlingBash","JustLucky"],"picked":"Protect+1","floor":25}],"player_experience":36722,"relics_obtained":[{"floor":10,"key":"Bottled Tornado"},{"floor":19,"key":"MawBank"},{"floor":22,"key":"Enchiridion"},{"floor":26,"key":"Nunchaku"}],"event_choices":[{"damage_healed":0,"gold_gain":0,"player_choice":"Success","damage_taken":3,"relics_obtained":["White Beast Statue"],"max_hp_gain":0,"max_hp_loss":0,"event_name":"Scrap Ooze","floor":4,"gold_loss":0},{"damage_healed":19,"gold_gain":0,"player_choice":"Healed","damage_taken":0,"max_hp_gain":0,"max_hp_loss":0,"event_name":"The Cleric","floor":8,"gold_loss":35},{"damage_healed":0,"gold_gain":0,"player_choice":"Got Potions","damage_taken":0,"max_hp_gain":0,"max_hp_loss":0,"event_name":"Lab","floor":13,"gold_loss":0},{"damage_healed":0,"gold_gain":0,"player_choice":"Opened","damage_taken":0,"relics_obtained":["Toxic Egg 2"],"max_hp_gain":0,"max_hp_loss":0,"event_name":"The Mausoleum","floor":21,"gold_loss":0},{"damage_healed":0,"gold_gain":0,"player_choice":"Obtained Book","damage_taken":16,"max_hp_gain":0,"max_hp_loss":0,"event_name":"Cursed Tome","floor":22,"gold_loss":0},{"damage_healed":0,"gold_gain":0,"player_choice":"Inject Mutagens","damage_taken":0,"relics_obtained":["MutagenicStrength"],"max_hp_gain":0,"max_hp_loss":0,"event_name":"Drug Dealer","floor":28,"gold_loss":0}],"is_beta":false,"boss_relics":[{"not_picked":["SlaversCollar","Busted Crown"],"picked":"Philosopher\u0027s Stone"}],"items_purged_floors":[],"is_endless":false,"potions_floor_spawned":[1,5,7,11,12,14,16,18,25,27],"killed_by":"Cultist and Chosen","ascension_level":0}}