{"host":"avq773cl9g5msfol","time":1613483224,"event":{"mods":["100% Spire Juice","AchievementEnabler","Act Like it!","Ascension Unlocker","Aspiration","Astrologer","Bard","Bartender","BaseMod","Better Altar","Better Third Choice","BetterRewards","CapriCore","ChefMod","Colored Map","Colored Powertips","Conspire","Dio Mod","Downfall","Elementarium","Energized Spire","Gensokyo","GifTheSpireLib","Hallownest","Hermit","Highlight Path","Hubris","Humility","Infinite Spire","Jorbs\u0027s Wanderer Trilogy","Koishi","Magitek Elite","Marisa????????","Marked Mod","Menagerie","Minty Spire (QoL Compilation)","Pale of the Ancients","Potionbrewer","Quarter Circle Forward PUNCH!","Rare Cards Sparkle","Reimu??????","Relic Stats","Reliquary","Remilia??????","Replay The Spire","Robot Space Explorer","SacredBarkPlus","Shade Mod","Somnambulant","Spicy Shops","Spire Arcade","StSLib","The Blue Laboratory","The Bug Knight","The Construct","The Cursed","The Disciple","The Dragon Tamer","The Exalted","The Hayseed","The Hierophant","The Hydrologist","The Immortal","The Marked","The Mystic","The Problem Sleuth","The Runesmith","The Senshi","The Vixen","The Wild Card","TheFirefly","Wandering Minibosses","Wide Potions","vexMod"],"gold_per_floor":[112,132,132,207,217,217,245,245,272,288,288,308,339,351,351,425,425,439,439,439,264,276,304,304,334,387,387,400,400,411,443,443,518,518,536,580,580,580,600,629,645,645,645,671,671,687,687,705,705,705,705],"floor_reached":52,"language":"ENG","playtime":2017,"items_purged":["chefmod:Escargot+1","chefmod:DinoKale+1"],"score":3375,"play_id":"51eaa1f3-81fe-4c61-9915-12071befd469","local_time":"20210216204704","is_ascension_mode":true,"campfire_choices":[{"data":"chefmod:CayenneCloud","floor":6,"key":"SMITH"},{"data":"chefmod:QuickThaw","floor":11,"key":"SMITH"},{"data":"chefmod:TodaysSpecial","floor":15,"key":"SMITH"},{"data":"chefmod:HotSoup","floor":24,"key":"SMITH"},{"floor":27,"key":"REST"},{"floor":29,"key":"REST"},{"floor":32,"key":"REST"},{"floor":42,"key":"REST"}],"circlet_count":0,"master_deck":["AscendersBane","chefmod:QuickThaw+1","chefmod:TodaysSpecial+1","chefmod:SpaghettiCarbonara+1","chefmod:PotatoGratin+1","chefmod:Canape+1","chefmod:FrozenTuna+1","chefmod:Granita+1","chefmod:Fillet+1","chefmod:FullBurn+1","chefmod:SliceAndDice+1","chefmod:Cleavers+1","chefmod:CuttingBoard+1","chefmod:RisingDough+1","chefmod:AlooGobi+1","Mayhem+1","chefmod:BaoBuns+1","Sadistic Nature+1","chefmod:DinoKale+1","chefmod:CapreseSalad+1","chefmod:GroceryDelivery+1","chefmod:Gelato+1","chefmod:FreezeSolid+1","Madness+1","chefmod:CayenneCloud+1","chefmod:FullCourseMeal+1","Master of Strategy+1","chefmod:HotSoup+1","chefmod:Mince+1","chefmod:TwoForOne+1","chefmod:Puree+1"],"relics":["chefmod:TrustyPot","Golden Egg","Quantum Egg","Boot","theSenshi:SuperSailorFukuRelic","Chemical X","Juzu Bracelet","PureWhite:ReiMu","ClockworkSouvenir","Bromod:ArcanePistoleer","Bottled Tornado","Membership Card","chefmod:CookieJar","chefmod:RollingPin","RuthlessExorcism:ReiMu","reliquary:FingerTrap","Snack Pack","reliquary:BoilingFlask","aspiration:PoetsPen","ReplayTheSpireMod:TigerMarble","reliquary:ExpiredCoupon","hexamod:Sixitude","energizedSpire:SpiderWeb","Replay:Baseball","Bromod:ArcanePulse","Protect_Vest"],"acts_visited":["Exordium","Hallownest:CityofTears","TheBeyond"],"potions_floor_usage":[18,30,30],"damage_taken":[{"damage":0,"enemies":"Cultist","floor":1,"turns":3},{"damage":0,"enemies":"conspire:RoseBush","floor":2,"turns":2},{"damage":0,"enemies":"Jaw Worm","floor":5,"turns":2},{"damage":0,"enemies":"Lagavulin","floor":7,"turns":1},{"damage":0,"enemies":"Exordium Thugs","floor":10,"turns":1},{"damage":0,"enemies":"2 Fungi Beasts","floor":12,"turns":2},{"damage":0,"enemies":"HollowMod:MossKnight","floor":13,"turns":3},{"damage":0,"enemies":"3 Louse","floor":14,"turns":1},{"damage":0,"enemies":"Slime Boss","floor":16,"turns":4},{"damage":0,"enemies":"Hallownest:Guard_and_Sentry","floor":18,"turns":2},{"damage":0,"enemies":"Hallownest:3_Youths","floor":22,"turns":2},{"damage":0,"enemies":"Hallownest:Nosk","floor":23,"turns":2},{"damage":0,"enemies":"Hallownest:eliteSoulWarrior","floor":25,"turns":1},{"damage":0,"enemies":"Hallownest:monsterShrumalOgre","floor":28,"turns":1},{"damage":0,"enemies":"Hallownest:3_Mistakes","floor":30,"turns":1},{"damage":0,"enemies":"Hallownest:Nosk","floor":31,"turns":3},{"damage":0,"enemies":"Hallownest:BossGrimm","floor":33,"turns":2},{"damage":9,"enemies":"Orb Walker","floor":35,"turns":2},{"damage":0,"enemies":"3 Shapes","floor":39,"turns":1},{"damage":0,"enemies":"R_Hoarder","floor":40,"turns":4},{"damage":0,"enemies":"Spire Growth","floor":41,"turns":1},{"damage":0,"enemies":"Nemesis","floor":44,"turns":2},{"damage":0,"enemies":"Jaw Worm Horde","floor":46,"turns":1},{"damage":0,"enemies":"Sphere and 2 Shapes","floor":48,"turns":1},{"damage":0,"enemies":"conspire:OrnateMirror","floor":50,"turns":2},{"damage":0,"enemies":"infinitespire:MassOfShapes","floor":51,"turns":3}],"seed_played":"-6432892139111028698","potions_obtained":[{"floor":33,"key":"potionbrewer:FreezingPotion"},{"floor":40,"key":"blueLaboratory:AbyssPotion"}],"is_trial":false,"path_per_floor":["M","M","$","?","M","R","E","?","T","M","R","M","E","M","R","B",null,"M","?","?","$","M","E","R","E","T","R","M","R","M","E","R","B",null,"M","?","?","?","M","E","M","R","T","E","?","M","?","M","R_BF","B","B",null],"character_chosen":"THE_CHEF","items_purchased":["Boot","theSenshi:SuperSailorFukuRelic","chefmod:SliceAndDice","ColorlessPotion","chefmod:Cleavers","Chemical X","Juzu Bracelet","PureWhite:ReiMu","ClockworkSouvenir","Bromod:ArcanePistoleer","chefmod:CuttingBoard","chefmod:RisingDough","chefmod:AlooGobi","Mayhem","Bottled Tornado","chefmod:BaoBuns","Sadistic Nature","Membership Card","blueLaboratory:FrostheartPotion","chefmod:CookieJar","chefmod:DinoKale","chefmod:RollingPin","chefmod:CapreseSalad","RuthlessExorcism:ReiMu","chefmod:FiveAlarmChili","reliquary:FingerTrap","chefmod:GroceryDelivery","chefmod:Gelato","chefmod:FreezeSolid","Madness","ReplayTheSpireMod:TigerMarble","Master of Strategy"],"campfire_rested":4,"item_purchase_floors":[0,0,0,0,0,0,0,0,0,0,0,0,0,0,0,0,0,0,0,0,0,0,0,0,0,0,0,0,0,0,21,21],"current_hp_per_floor":[61,61,61,61,61,61,61,61,61,63,63,63,65,65,65,68,68,68,68,68,68,70,70,70,70,70,70,70,70,70,70,70,70,70,63,63,63,63,63,71,72,72,72,72,72,72,72,72,72,72,72],"gold":705,"neow_bonus":"","is_daily":false,"chose_seed":false,"campfire_upgraded":4,"win_rate":0.0,"timestamp":1613483224,"path_taken":["M","M","?","?","M","R","E","?","T","M","R","M","E","M","R","BOSS","M","?","?","$","M","E","R","E","T","R","M","R","M","E","R","BOSS","M","?","?","?","M","E","M","R","T","E","?","M","?","M","R_BF","BOSS","BOSS"],"items_purchased_type":["Relic","Relic","Card","Potion","Card","Relic","Relic","Relic","Relic","Relic","Card","Card","Card","Card","Relic","Card","Card","Relic","Potion","Relic","Card","Relic","Card","Relic","Card","Relic","Card","Card","Card","Card","Relic","Card"],"build_version":"2020-12-22","purchased_purges":2,"victory":true,"max_hp_per_floor":[68,68,68,68,68,68,68,68,68,68,68,68,68,68,68,68,68,68,68,68,68,70,70,70,70,70,70,70,70,70,70,70,70,70,72,72,72,72,72,72,72,72,72,72,72,72,72,72,72,72,72],"relic_stats":{"counters":[183,604],"Juzu Bracelet":10,"Chemical X":[39],"Boot":[192],"obtain_stats":[{"Golden Egg":0,"infinitespire:BottledMercury":43,"vexMod:MemoryStick":43,"ScarletDevilRocket":34,"wanderingMiniBosses:OtherGremlinHorn":31,"Ginger":23,"Bottled Tornado":0,"vexMod:RockOfEvil":34,"Boot":0,"aspiration:RitualStick":19,"Replay:Wanted Poster":34,"Replay:Ringing Soul":26,"conspire:GlowingRock":6,"infinitespire:ShieldingShard":0,"aspiration:PoetsPen":17,"Ribbon":0,"vexMod:EndlessSickness":17,"DemoMod:MeltedRock":14,"DemoMod:LamentConfigurum":20,"reliquary:FingerTrap":0,"qcfpunch:Red_Cyclone_Teachings":26,"aspiration:DSix":44,"HollowMod:QueensCombRelic":6,"construct:RocketBooster":24,"Gensokyo:TheCrow":41,"DemoMod:OrangeGuonStone":0,"HollowMod:JonisBlessing":0,"Pen Nib":27,"Guardian:PocketSentry":11,"aspiration:FrozenJewel":0,"Akabeko":27,"infinitespire:EvilPickle":37,"SlaversCollar":40,"Elementarium:ElementariumTrophy":33,"qcfpunch:Broken_Tusk":46,"Pandora\u0027s Box":0,"energizedSpire:MagnifyingGlass":28,"paleoftheancients:SoulOfTheShowman":53,"Lantern":0,"StoneCalendar":40,"AdministrixMod:CrackedTaijitu":0,"Bromod:ArcanePistoleer":0,"wanderingMiniBosses:AbyssPearl":37,"Mythril_Glove":38,"hubris:EmptyBottle":0,"White_Cape":0,"qcfpunch:Crimson_Sash":4,"hubris:EvacipatedBox":0,"Replay:Rubber Ducky":23,"Matryoshka":0,"Ring of Peace":27,"AntiCross":6,"hubris:CuriousFeather":0,"WingedGreaves":2,"DemoMod:GnawedKey":0,"qcfpunch:Cattail":44,"Chemical X":0,"InkBottle":28,"AdministrixMod:DragonsEyeCharm":0,"Potion Belt":0,"Lee\u0027s Waffle":0,"Runesmith:Nanobots":6,"construct:ClawGrip":17,"hubris:64BitClover":9,"Guardian:GemstoneGun":0,"DemoMod:WeirdEgg":8,"PreservedInsect":0,"The Courier":26,"DemoMod:PinkGuonStone":0,"Protect_Vest":49,"infinitespire:CheckeredPen":6,"infinitespire:Lucky Rock":6,"hubris:Towel":1,"energizedSpire:SpiderWeb":34,"MawBank":10,"PureWhite:ReiMu":26,"Busted Crown":34,"chefmod:RollingPin":0,"Bottled Lightning":48,"AdministrixMod:PrescriptionBottle":0,"ReplayTheSpireMod:Lightbulb":23,"wanderingMiniBosses:Inkheart":20,"Elementarium:FlickeringLantern":21,"hubris:BottledRain":29,"DemoMod:GreenGuonStone":0,"DemoMod:BlueGuonStone":48,"hubris:CrystalStatue":0,"Calipers":0,"Bromod:ArcanePulse":43,"Menagerie:HuntersKnife":5,"Vajra":0,"ZunR:ReiMu":21,"DemoMod:GlassGuonStoneRelic":11,"AdministrixMod:ConductorRitualBaton":0,"DemoMod:RiddleOfLead":34,"vexMod:RetaliationKit":31,"Girya":9,"chefmod:TrustyPot":0,"paleoftheancients:KeyRelic":51,"Choco_Feather":8,"Dead Branch":0,"Oddly Smooth Stone":28,"wanderingMiniBosses:MasterThiefsPresence":22,"conspire:Boomerang":25,"aspiration:SeaSaltIceCream":4,"Letter Opener":48,"War Paint":29,"paleoftheancients:Timepiece":51,"OrangePellets":42,"Bottled Flame":13,"Replay:Baseball":29,"ReplayTheSpireMod:Shallot":4,"Bronze Scales":46,"ReplayTheSpireMod:TigerMarble":9,"infinitespire:EmpoweringShard":43,"Mirror":40,"hermit:Momento":0,"ReplayTheSpireMod:Ring of Exchange":27,"theSenshi:SuperSailorFukuRelic":0,"SacredBark":34,"reliquary:BoilingFlask":13,"conspire:SpecialSausage":3,"aspiration:TomeofQuesting":43,"Yang":0,"Juzu Bracelet":0,"Hallownest:DreamNailRelic":3,"hubris:SlimyHat":0,"Replay:Mystery Machine":13,"DemoMod:WhiteGuonStone":0,"conspire:TopHat":26,"ClockworkSouvenir":0,"DemoMod:SevenLeafClover":0,"Frozen Eye":29,"Nunchaku":0,"energizedSpire:CursedPentagram":17,"Bromod:ArcaneTrickery":0,"Bromod:ArcaneTempo":24,"qcfpunch:Wrestler\u0027s_Cloak":0,"Cracked Core":0,"hubris:KleinBottle":46,"Hallownest:SalubrasBlessingRelic":10,"qcfpunch:Army_Boots":13,"hubris:DisguiseKit":27,"chefmod:CookieJar":0,"ReplayTheSpireMod:Ninjato":3,"Replay:Towering Pillar of Hats":0,"infinitespire:CursedDice":43,"aspiration:RunicSpoon":0,"Quantum Egg":2,"hexamod:Sixitude":25,"aspiration:HummingbirdHeart":55,"aspiration:SecretTechniqueScroll":17,"White Beast Statue":43,"reliquary:ExpiredCoupon":23,"Anchor":0,"CaptainsWheel":5,"infinitespire:WardingShard":6,"vexMod:HeadHunter":0,"infinitespire:Satchel":30,"Runesmith:UraniumAnvil":34,"LetterFromLob":1,"qcfpunch:Red_Headband":24,"Bag of Marbles":40,"Snack Pack":7,"Membership Card":0,"PureWater":0,"DemoMod:Bottle":0,"DemoMod:VorpalBullet":24,"FossilizedHelix":0,"aspiration:MarisaSkillbook":17,"RuthlessExorcism:ReiMu":0},{"Golden Egg":0,"infinitespire:BottledMercury":21,"vexMod:MemoryStick":72,"ScarletDevilRocket":92,"wanderingMiniBosses:OtherGremlinHorn":35,"Ginger":118,"Bottled Tornado":157,"vexMod:RockOfEvil":36,"Boot":157,"aspiration:RitualStick":141,"Replay:Wanted Poster":17,"Replay:Ringing Soul":11,"conspire:GlowingRock":2,"infinitespire:ShieldingShard":78,"aspiration:PoetsPen":166,"Ribbon":130,"vexMod:EndlessSickness":60,"DemoMod:MeltedRock":29,"DemoMod:LamentConfigurum":61,"reliquary:FingerTrap":157,"qcfpunch:Red_Cyclone_Teachings":32,"aspiration:DSix":98,"HollowMod:QueensCombRelic":134,"construct:RocketBooster":32,"Gensokyo:TheCrow":72,"DemoMod:OrangeGuonStone":107,"HollowMod:JonisBlessing":78,"Pen Nib":64,"Guardian:PocketSentry":27,"aspiration:FrozenJewel":43,"Akabeko":145,"infinitespire:EvilPickle":71,"SlaversCollar":97,"Elementarium:ElementariumTrophy":36,"qcfpunch:Broken_Tusk":40,"Pandora\u0027s Box":24,"energizedSpire:MagnifyingGlass":64,"paleoftheancients:SoulOfTheShowman":105,"Lantern":43,"StoneCalendar":20,"AdministrixMod:CrackedTaijitu":78,"Bromod:ArcanePistoleer":157,"wanderingMiniBosses:AbyssPearl":95,"Mythril_Glove":19,"hubris:EmptyBottle":24,"White_Cape":43,"qcfpunch:Crimson_Sash":25,"hubris:EvacipatedBox":130,"Replay:Rubber Ducky":142,"Matryoshka":130,"Ring of Peace":89,"AntiCross":2,"hubris:CuriousFeather":24,"WingedGreaves":25,"DemoMod:GnawedKey":43,"qcfpunch:Cattail":72,"Chemical X":157,"InkBottle":64,"AdministrixMod:DragonsEyeCharm":78,"Potion Belt":43,"Lee\u0027s Waffle":43,"Runesmith:Nanobots":81,"construct:ClawGrip":115,"hubris:64BitClover":53,"Guardian:GemstoneGun":43,"DemoMod:WeirdEgg":135,"PreservedInsect":24,"The Courier":89,"DemoMod:PinkGuonStone":107,"Protect_Vest":41,"infinitespire:CheckeredPen":26,"infinitespire:Lucky Rock":52,"hubris:Towel":108,"energizedSpire:SpiderWeb":174,"MawBank":57,"PureWhite:ReiMu":11,"Busted Crown":148,"chefmod:RollingPin":157,"Bottled Lightning":128,"AdministrixMod:PrescriptionBottle":78,"ReplayTheSpireMod:Lightbulb":88,"wanderingMiniBosses:Inkheart":117,"Elementarium:FlickeringLantern":117,"hubris:BottledRain":146,"DemoMod:GreenGuonStone":43,"DemoMod:BlueGuonStone":101,"hubris:CrystalStatue":43,"Calipers":78,"Bromod:ArcanePulse":178,"Menagerie:HuntersKnife":45,"Vajra":78,"ZunR:ReiMu":141,"DemoMod:GlassGuonStoneRelic":4,"AdministrixMod:ConductorRitualBaton":53,"DemoMod:RiddleOfLead":68,"vexMod:RetaliationKit":16,"Girya":3,"chefmod:TrustyPot":130,"paleoftheancients:KeyRelic":103,"Choco_Feather":3,"Dead Branch":53,"Oddly Smooth Stone":33,"wanderingMiniBosses:MasterThiefsPresence":10,"conspire:Boomerang":89,"aspiration:SeaSaltIceCream":25,"Letter Opener":155,"War Paint":14,"paleoftheancients:Timepiece":103,"OrangePellets":39,"Bottled Flame":28,"Replay:Baseball":121,"ReplayTheSpireMod:Shallot":25,"Bronze Scales":100,"ReplayTheSpireMod:TigerMarble":26,"infinitespire:EmpoweringShard":127,"Mirror":39,"hermit:Momento":0,"ReplayTheSpireMod:Ring of Exchange":89,"theSenshi:SuperSailorFukuRelic":157,"SacredBark":92,"reliquary:BoilingFlask":164,"conspire:SpecialSausage":50,"aspiration:TomeofQuesting":98,"Yang":107,"Juzu Bracelet":0,"Hallownest:DreamNailRelic":1,"hubris:SlimyHat":78,"Replay:Mystery Machine":28,"DemoMod:WhiteGuonStone":53,"conspire:TopHat":63,"ClockworkSouvenir":24,"DemoMod:SevenLeafClover":0,"Frozen Eye":13,"Nunchaku":130,"energizedSpire:CursedPentagram":86,"Bromod:ArcaneTrickery":107,"Bromod:ArcaneTempo":118,"qcfpunch:Wrestler\u0027s_Cloak":78,"Cracked Core":43,"hubris:KleinBottle":127,"Hallownest:SalubrasBlessingRelic":3,"qcfpunch:Army_Boots":84,"hubris:DisguiseKit":119,"chefmod:CookieJar":157,"ReplayTheSpireMod:Ninjato":50,"Replay:Towering Pillar of Hats":107,"infinitespire:CursedDice":21,"aspiration:RunicSpoon":0,"Quantum Egg":1,"hexamod:Sixitude":170,"aspiration:HummingbirdHeart":105,"aspiration:SecretTechniqueScroll":6,"White Beast Statue":152,"reliquary:ExpiredCoupon":169,"Anchor":107,"CaptainsWheel":133,"infinitespire:WardingShard":46,"vexMod:HeadHunter":0,"infinitespire:Satchel":121,"Runesmith:UraniumAnvil":123,"LetterFromLob":44,"qcfpunch:Red_Headband":62,"Bag of Marbles":151,"Snack Pack":161,"Membership Card":24,"PureWater":107,"DemoMod:Bottle":78,"DemoMod:VorpalBullet":11,"FossilizedHelix":78,"aspiration:MarisaSkillbook":140,"RuthlessExorcism:ReiMu":130},{"Golden Egg":0,"infinitespire:BottledMercury":74,"vexMod:MemoryStick":236,"ScarletDevilRocket":319,"wanderingMiniBosses:OtherGremlinHorn":115,"Ginger":447,"Bottled Tornado":554,"vexMod:RockOfEvil":123,"Boot":554,"aspiration:RitualStick":512,"Replay:Wanted Poster":52,"Replay:Ringing Soul":34,"conspire:GlowingRock":6,"infinitespire:ShieldingShard":264,"aspiration:PoetsPen":573,"Ribbon":486,"vexMod:EndlessSickness":194,"DemoMod:MeltedRock":94,"DemoMod:LamentConfigurum":198,"reliquary:FingerTrap":554,"qcfpunch:Red_Cyclone_Teachings":104,"aspiration:DSix":352,"HollowMod:QueensCombRelic":493,"construct:RocketBooster":104,"Gensokyo:TheCrow":236,"DemoMod:OrangeGuonStone":405,"HollowMod:JonisBlessing":264,"Pen Nib":209,"Guardian:PocketSentry":89,"aspiration:FrozenJewel":147,"Akabeko":522,"infinitespire:EvilPickle":234,"SlaversCollar":349,"Elementarium:ElementariumTrophy":123,"qcfpunch:Broken_Tusk":130,"Pandora\u0027s Box":83,"energizedSpire:MagnifyingGlass":209,"paleoftheancients:SoulOfTheShowman":389,"Lantern":147,"StoneCalendar":71,"AdministrixMod:CrackedTaijitu":264,"Bromod:ArcanePistoleer":554,"wanderingMiniBosses:AbyssPearl":341,"Mythril_Glove":60,"hubris:EmptyBottle":83,"White_Cape":147,"qcfpunch:Crimson_Sash":85,"hubris:EvacipatedBox":486,"Replay:Rubber Ducky":514,"Matryoshka":486,"Ring of Peace":305,"AntiCross":6,"hubris:CuriousFeather":83,"WingedGreaves":85,"DemoMod:GnawedKey":147,"qcfpunch:Cattail":236,"Chemical X":554,"InkBottle":209,"AdministrixMod:DragonsEyeCharm":264,"Potion Belt":147,"Lee\u0027s Waffle":147,"Runesmith:Nanobots":273,"construct:ClawGrip":435,"hubris:64BitClover":171,"Guardian:GemstoneGun":147,"DemoMod:WeirdEgg":497,"PreservedInsect":83,"The Courier":305,"DemoMod:PinkGuonStone":405,"Protect_Vest":131,"infinitespire:CheckeredPen":87,"infinitespire:Lucky Rock":169,"hubris:Towel":406,"energizedSpire:SpiderWeb":587,"MawBank":182,"PureWhite:ReiMu":34,"Busted Crown":531,"chefmod:RollingPin":554,"Bottled Lightning":476,"AdministrixMod:PrescriptionBottle":264,"ReplayTheSpireMod:Lightbulb":298,"wanderingMiniBosses:Inkheart":444,"Elementarium:FlickeringLantern":444,"hubris:BottledRain":525,"DemoMod:GreenGuonStone":147,"DemoMod:BlueGuonStone":365,"hubris:CrystalStatue":147,"Calipers":264,"Bromod:ArcanePulse":595,"Menagerie:HuntersKnife":152,"Vajra":264,"ZunR:ReiMu":512,"DemoMod:GlassGuonStoneRelic":10,"AdministrixMod:ConductorRitualBaton":171,"DemoMod:RiddleOfLead":226,"vexMod:RetaliationKit":45,"Girya":9,"chefmod:TrustyPot":486,"paleoftheancients:KeyRelic":377,"Choco_Feather":9,"Dead Branch":171,"Oddly Smooth Stone":107,"wanderingMiniBosses:MasterThiefsPresence":29,"conspire:Boomerang":305,"aspiration:SeaSaltIceCream":85,"Letter Opener":546,"War Paint":39,"paleoftheancients:Timepiece":377,"OrangePellets":127,"Bottled Flame":92,"Replay:Baseball":457,"ReplayTheSpireMod:Shallot":85,"Bronze Scales":360,"ReplayTheSpireMod:TigerMarble":87,"infinitespire:EmpoweringShard":473,"Mirror":127,"hermit:Momento":0,"ReplayTheSpireMod:Ring of Exchange":305,"theSenshi:SuperSailorFukuRelic":554,"SacredBark":319,"reliquary:BoilingFlask":568,"conspire:SpecialSausage":167,"aspiration:TomeofQuesting":352,"Yang":405,"Juzu Bracelet":0,"Hallownest:DreamNailRelic":1,"hubris:SlimyHat":264,"Replay:Mystery Machine":92,"DemoMod:WhiteGuonStone":171,"conspire:TopHat":204,"ClockworkSouvenir":83,"DemoMod:SevenLeafClover":0,"Frozen Eye":37,"Nunchaku":486,"energizedSpire:CursedPentagram":291,"Bromod:ArcaneTrickery":405,"Bromod:ArcaneTempo":447,"qcfpunch:Wrestler\u0027s_Cloak":264,"Cracked Core":147,"hubris:KleinBottle":473,"Hallownest:SalubrasBlessingRelic":9,"qcfpunch:Army_Boots":280,"hubris:DisguiseKit":451,"chefmod:CookieJar":554,"ReplayTheSpireMod:Ninjato":167,"Replay:Towering Pillar of Hats":405,"infinitespire:CursedDice":74,"aspiration:RunicSpoon":0,"Quantum Egg":1,"hexamod:Sixitude":580,"aspiration:HummingbirdHeart":389,"aspiration:SecretTechniqueScroll":16,"White Beast Statue":539,"reliquary:ExpiredCoupon":579,"Anchor":405,"CaptainsWheel":491,"infinitespire:WardingShard":157,"vexMod:HeadHunter":0,"infinitespire:Satchel":457,"Runesmith:UraniumAnvil":463,"LetterFromLob":150,"qcfpunch:Red_Headband":202,"Bag of Marbles":536,"Snack Pack":562,"Membership Card":83,"PureWater":405,"DemoMod:Bottle":264,"DemoMod:VorpalBullet":34,"FossilizedHelix":264,"aspiration:MarisaSkillbook":509,"RuthlessExorcism:ReiMu":486}]},"card_choices":[{"not_picked":["chefmod:Omelette","chefmod:Gelato","chefmod:CleanHouse"],"picked":"SKIP","floor":1},{"not_picked":["chefmod:IcePick","chefmod:Chop"],"picked":"chefmod:CayenneCloud","floor":2},{"not_picked":["chefmod:AlooGobi","chefmod:Ratatouille","chefmod:FreezerBurn"],"picked":"SKIP","floor":5},{"not_picked":["chefmod:AlooGobi","chefmod:Defrost","chefmod:FiveAlarmChili"],"picked":"SKIP","floor":7},{"not_picked":["chefmod:HotSoup","chefmod:Gelato","chefmod:IceCreamCone"],"picked":"SKIP","floor":10},{"not_picked":["chefmod:FryPan","chefmod:Cleavers","chefmod:Gelato"],"picked":"SKIP","floor":12},{"not_picked":["chefmod:FreezerBurn","chefmod:Fillet","chefmod:TastyDistraction"],"picked":"SKIP","floor":13},{"not_picked":["chefmod:ColdSteel","chefmod:ZaruSoba","chefmod:FryPan"],"picked":"SKIP","floor":14},{"not_picked":["chefmod:RisingDough","chefmod:Canape"],"picked":"chefmod:FullCourseMeal","floor":16},{"not_picked":["chefmod:Fillet","chefmod:IceCreamCone","chefmod:CleanHouse"],"picked":"SKIP","floor":18},{"not_picked":["chefmod:ZaruSoba+1","chefmod:LiquidNitrogen+1"],"picked":"chefmod:HotSoup","floor":22},{"not_picked":["chefmod:Granita","chefmod:Chop","chefmod:Omelette"],"picked":"SKIP","floor":23},{"not_picked":["chefmod:Bruschetta","chefmod:SliceAndDice","chefmod:FireUp"],"picked":"SKIP","floor":25},{"not_picked":["chefmod:Defrost","chefmod:Julienne","chefmod:ZaruSoba"],"picked":"SKIP","floor":28},{"not_picked":["chefmod:AlooGobi+1","chefmod:NoSoupForYou","chefmod:CayenneCloud"],"picked":"SKIP","floor":30},{"not_picked":["chefmod:ZaruSoba","chefmod:Fillet+1"],"picked":"chefmod:Mince","floor":31},{"not_picked":["chefmod:BananaSplit","chefmod:RaidPantry"],"picked":"chefmod:TwoForOne","floor":33},{"not_picked":["chefmod:Escargot","chefmod:CleanHouse+1","chefmod:FryPan"],"picked":"SKIP","floor":35},{"not_picked":["chefmod:DimSum","chefmod:Flambe+1","chefmod:Fillet"],"picked":"SKIP","floor":39},{"not_picked":["chefmod:FireUp","chefmod:DinoKale","chefmod:Escargot"],"picked":"SKIP","floor":40},{"not_picked":["chefmod:Sorbet+1","chefmod:Cleavers+1","chefmod:HotSoup+1"],"picked":"SKIP","floor":41},{"not_picked":["chefmod:BaoBuns","chefmod:Chop"],"picked":"chefmod:Puree","floor":44},{"not_picked":["chefmod:VegetableTart","chefmod:FreshProduce","chefmod:Granita+1"],"picked":"SKIP","floor":46},{"not_picked":["chefmod:IcePick","chefmod:ZaruSoba+1","chefmod:SliceAndDice"],"picked":"SKIP","floor":48}],"player_experience":1444092,"relics_obtained":[{"floor":7,"key":"Snack Pack"},{"floor":13,"key":"reliquary:BoilingFlask"},{"floor":23,"key":"reliquary:ExpiredCoupon"},{"floor":25,"key":"hexamod:Sixitude"},{"floor":40,"key":"Replay:Baseball"},{"floor":43,"key":"Bromod:ArcanePulse"},{"floor":44,"key":"Protect_Vest"}],"event_choices":[{"damage_healed":0,"gold_gain":75,"player_choice":"Gold","damage_taken":11,"max_hp_gain":0,"max_hp_loss":0,"event_name":"betterThird:BetterGoop","floor":4,"gold_loss":0},{"damage_healed":0,"gold_gain":0,"player_choice":"Leave","damage_taken":0,"max_hp_gain":0,"max_hp_loss":0,"event_name":"conspire:Investor","floor":20,"gold_loss":0},{"damage_healed":0,"gold_gain":44,"player_choice":"Grab what you can","damage_taken":0,"max_hp_gain":0,"max_hp_loss":0,"event_name":"Creature of the Night","floor":36,"gold_loss":0},{"damage_healed":0,"gold_gain":0,"player_choice":"Ignored","damage_taken":0,"max_hp_gain":0,"max_hp_loss":0,"event_name":"Purifier","floor":37,"gold_loss":0}],"is_beta":false,"boss_relics":[{"not_picked":["aspiration:WatcherSkillbook","Ectoplasm"],"picked":"aspiration:PoetsPen"},{"not_picked":["reliquary:WritOfMandamus","energizedSpire:OgreHead"],"picked":"energizedSpire:SpiderWeb"}],"items_purged_floors":[0,0],"is_endless":false,"potions_floor_spawned":[2,5,10,16,23,30,33,35,40],"ascension_level":20,"is_humility":true}}