{"host":"zsnmfqgcm92hlreo","time":1613516310,"event":{"mods":["AchievementEnabler","BaseMod","Bestiary","Block Reminder","Colored Map","Colored Powertips","Filter the Spire","Minty Spire (QoL Compilation)","Permanent Neow","Quick Restart","Relic Stats","StSLib","Weighted Paths"],"gold_per_floor":[117,128,139,139,152,182,182,217,291,366,382,393,69,140,140,214,214,232,232,242,89,89,89,89,89],"floor_reached":24,"language":"ENG","playtime":920,"items_purged":["Pain"],"score":462,"play_id":"a89a9953-1de0-4786-9198-d9a1a47abb23","local_time":"20210216165830","is_ascension_mode":true,"campfire_choices":[{"floor":7.0,"key":"REST"},{"floor":15.0,"key":"REST"},{"floor":23,"key":"REST"}],"circlet_count":0,"master_deck":["AscendersBane","Zap","Dualcast","Core Surge","Biased Cognition","Aggregate","Sunder","Hologram","Creative AI","Blizzard","Rainbow","Coolheaded","Glacier","Darkness","Sweeping Beam","Rainbow","Coolheaded","Auto Shields","Doom and Gloom","Defragment","Conserve Battery","Capacitor","Redo","Cold Snap","Seek","CurseOfTheBell","Chill","Echo Form","Double Energy+1","Glacier","Leap+1"],"relics":["Pandora\u0027s Box","WarpedTongs","Bag of Preparation","Shovel","Singing Bowl","Orrery","Calling Bell","Dream Catcher","Pear","Ginger"],"acts_visited":["Exordium","TheCity"],"potions_floor_usage":[],"damage_taken":[{"damage":12.0,"enemies":"Jaw Worm","floor":1.0,"turns":3.0},{"damage":4.0,"enemies":"Cultist","floor":2.0,"turns":3.0},{"damage":0.0,"enemies":"2 Louse","floor":3.0,"turns":3.0},{"damage":19.0,"enemies":"Exordium Thugs","floor":5.0,"turns":4.0},{"damage":11.0,"enemies":"Gremlin Nob","floor":6.0,"turns":4.0},{"damage":4.0,"enemies":"Lagavulin","floor":8.0,"turns":5.0},{"damage":6.0,"enemies":"Gremlin Gang","floor":11.0,"turns":3.0},{"damage":16.0,"enemies":"Red Slaver","floor":12.0,"turns":3.0},{"damage":19.0,"enemies":"Slime Boss","floor":16.0,"turns":11.0},{"damage":21.0,"enemies":"Shell Parasite","floor":18.0,"turns":9.0},{"damage":46.0,"enemies":"2 Thieves","floor":20.0,"turns":5.0},{"damage":27,"enemies":"Gremlin Leader","floor":24,"turns":2}],"seed_played":"-7063565314381397526","potions_obtained":[{"floor":3.0,"key":"EntropicBrew"},{"floor":5.0,"key":"GamblersBrew"},{"floor":6.0,"key":"PotionOfCapacity"},{"floor":16.0,"key":"FearPotion"}],"is_trial":false,"path_per_floor":["M","M","M","?","M","E","R","E","T","?","M","M","$","?","R","B",null,"M","?","M","$","?","R","E"],"character_chosen":"DEFECT","items_purchased":["Orrery","Capacitor","Redo","Cold Snap","Glacier"],"campfire_rested":3,"item_purchase_floors":[13,13,13,13,21],"current_hp_per_floor":[52,48,48,48,29,18,39,35,35,24,18,2,6,6,28,9,69,48,48,2,2,2,27,0,0],"gold":89,"neow_bonus":"BOSS_RELIC","is_daily":false,"chose_seed":false,"campfire_upgraded":0,"win_rate":0.0,"timestamp":1613516310,"path_taken":["M","M","M","?","?","E","R","E","T","?","M","M","$","?","R","BOSS","M","?","?","$","?","R","E"],"items_purchased_type":["Relic","Card","Card","Card","Card"],"build_version":"2020-12-22","purchased_purges":1,"victory":false,"max_hp_per_floor":[71,71,71,71,71,71,71,71,71,71,71,71,75,75,75,75,85,85,85,85,85,85,85,85,85],"relic_stats":{"Dream Catcher":1,"Shovel":0,"Singing Bowl":4,"counters":[12,55],"Pandora\u0027s Box":["Core Surge","Biased Cognition","Aggregate","Sunder","Hologram","Creative AI","Blizzard","Rainbow"],"Bag of Preparation":[14],"Ginger":[0],"obtain_stats":[{"Calling Bell":17,"Dream Catcher":17,"Shovel":8,"Pear":17,"Singing Bowl":9,"Orrery":13,"Pandora\u0027s Box":0,"Bag of Preparation":6,"Ginger":17,"Cracked Core":0,"WarpedTongs":4},{"Calling Bell":9,"Dream Catcher":9,"Shovel":6,"Pear":9,"Singing Bowl":6,"Orrery":8,"Pandora\u0027s Box":0,"Bag of Preparation":5,"Ginger":9,"Cracked Core":0,"WarpedTongs":3},{"Calling Bell":39,"Dream Catcher":39,"Shovel":22,"Pear":39,"Singing Bowl":22,"Orrery":28,"Pandora\u0027s Box":0,"Bag of Preparation":17,"Ginger":39,"Cracked Core":0,"WarpedTongs":9}],"WarpedTongs":[46]},"card_choices":[{"not_picked":["Gash","Beam Cell"],"picked":"Coolheaded","floor":1.0},{"not_picked":["Turbo","Steam Power"],"picked":"Glacier","floor":2.0},{"not_picked":["Streamline","Steam"],"picked":"Darkness","floor":3.0},{"not_picked":["Scrape","Stack"],"picked":"Sweeping Beam","floor":5.0},{"not_picked":["Redo","Turbo"],"picked":"Rainbow","floor":6.0},{"not_picked":["Melter","Sweeping Beam","Sunder"],"picked":"SKIP","floor":8.0},{"not_picked":["Steam Power","Stack"],"picked":"Coolheaded","floor":11.0},{"not_picked":["Sweeping Beam","Compile Driver"],"picked":"Auto Shields","floor":12.0},{"not_picked":["Heatsinks","Ball Lightning"],"picked":"Doom and Gloom","floor":13.0},{"not_picked":["Sunder","Sweeping Beam"],"picked":"Defragment","floor":13.0},{"not_picked":["Cold Snap","Reboot","Go for the Eyes"],"picked":"Singing Bowl","floor":13.0},{"not_picked":["Leap","Gash"],"picked":"Conserve Battery","floor":13.0},{"not_picked":["Redo","Go for the Eyes","Tempest"],"picked":"Singing Bowl","floor":13.0},{"not_picked":["Creative AI","Meteor Strike"],"picked":"Seek","floor":16.0},{"not_picked":["Heatsinks","Beam Cell"],"picked":"Chill","floor":18.0},{"not_picked":["Rebound","Compile Driver"],"picked":"Double Energy+1","floor":20.0},{"not_picked":["Melter","Steam+1"],"picked":"Leap+1","floor":23}],"player_experience":1168761,"relics_obtained":[{"floor":6.0,"key":"Bag of Preparation"},{"floor":8.0,"key":"Shovel"},{"floor":9.0,"key":"Singing Bowl"},{"floor":17.0,"key":"Dream Catcher"},{"floor":17.0,"key":"Pear"},{"floor":17.0,"key":"Ginger"}],"event_choices":[{"damage_healed":0.0,"max_hp_gain":0.0,"max_hp_loss":0.0,"gold_gain":0.0,"event_name":"Accursed Blacksmith","player_choice":"Rummage","floor":4.0,"gold_loss":0.0,"damage_taken":0.0,"relics_obtained":["WarpedTongs"],"cards_obtained":["Pain"]},{"damage_healed":0.0,"max_hp_gain":0.0,"max_hp_loss":0.0,"gold_gain":75.0,"event_name":"World of Goop","player_choice":"Gather Gold","floor":10.0,"gold_loss":0.0,"damage_taken":11.0},{"damage_healed":0.0,"max_hp_gain":0.0,"max_hp_loss":0.0,"gold_gain":71.0,"event_name":"Golden Wing","player_choice":"Gained Gold","floor":14.0,"gold_loss":0.0,"damage_taken":0.0},{"damage_healed":0.0,"max_hp_gain":0.0,"max_hp_loss":0.0,"gold_gain":0.0,"event_name":"Match and Keep!","player_choice":"1 cards matched","floor":19.0,"gold_loss":0.0,"damage_taken":0.0,"cards_obtained":["Echo Form"]},{"damage_healed":0,"gold_gain":0,"player_choice":"Ignored","damage_taken":0,"max_hp_gain":0,"max_hp_loss":0,"event_name":"Vampires","floor":22,"gold_loss":0}],"is_beta":false,"boss_relics":[{"not_picked":["Empty Cage","Busted Crown"],"picked":"Calling Bell"}],"items_purged_floors":[21],"is_endless":false,"potions_floor_spawned":[3,5,6,8,16],"killed_by":"Gremlin Leader","ascension_level":20}}