{"host":"2hlhnd4tei6r1t0s","time":1613456205,"event":{"mods":["100% Spire Juice","ATMod(阿瑾Mod)","Act Like it!","Arknights","Aspiration","Astrologer","Bard","BaseMod","Bossed Relics","Chen","Conspire","Downfall","Energized Spire","Evolution","Gensokyo","Gremlin Mod","GungeonMod","Hallownest","Hermit","HololiveMod","HumanHunterMod(怪物杀人mod)","Jedi Mod","Jorbs\u0027s Wanderer Trilogy","KinomotoSakuraMod(木之本樱)","Koishi","Luminous","Mari Mod (Legacy)","Mari\u0027s V1 Patch","Marisa（F雨　魔理沙）","Minty Spire (QoL Compilation)","MostiFishMod","Pale of the Ancients","Potionbrewer","Prisma Mod","Quick Restart","Reimu（博丽灵梦）","Reliquary","Replay The Spire","Robot Space Explorer","RumiaBox-露米娅的神秘盒子","StSLib","TestMod","The Administrix","The Alterego","The Animator","The Blackbeard","The Construct","The Cursed","The Forsaken","The Gatherer","The Hayseed","The Jungle","The Marked","The Mystic","The Runesmith","The Saiyan","The Senshi","The Servant 0.9.4","The Showman","TheHeartMod","TheWitcher","Uncapped","WarShipGirlsR/战舰少女R mod","Yakumo Yukari mod","Yuyuko","[GremlinLeader]The Maniac","[IsaacMod]以撒尖塔","noobMod","【功能Mod】混沌之环修复补丁","【功能Mod】聪明的最终Boss","【遗物卡牌】REMEMod","残留之物","篝火指南"],"gold_per_floor":[111,186,9998521,9998540,9998551,9997828,9997828,9997159,9997159,9996154,9995309,9995339,9995339,9995375,9993978,9994134,9994134,9994156,9994183,9994199,9994199,9993357,9992329,9992368,9991840,9991893,9991931,9991979,9992040,9992104,9992149,9991192,9991315,9991333,9991373,9991414,9991434,9991474,9991490,9991125,9991125,9990093,9990093,9989020,9989020,9988105,9986833,9986833,9985683,9985683],"floor_reached":51,"language":"ZHS","playtime":6243,"items_purged":["Moonworks:Defend","Moonworks:Defend","Moonworks:Defend+1","Moonworks:Defend+1","Moonworks:LongDistanceShot","Moonworks:Strike","Moonworks:Ambush","Moonworks:Strike","Spot Weakness","Moonworks:Strike+1","Moonworks:Strike+1","Moonworks:CloudOfSeagulls+1","Moonworks:CloudOfSeagulls+1","Moonworks:CloudOfSeagulls+1","Moonworks:CloudOfSeagulls+1","Moonworks:CloudOfSeagulls+1","Moonworks:RagingMadness"],"score":1167,"play_id":"18f3971f-30b2-40e5-8ea0-a4630b961cb0","local_time":"20210216141645","is_ascension_mode":true,"campfire_choices":[],"circlet_count":0,"master_deck":["AT_EssenceShift+1","Moonworks:JonathanRush+1","Moonworks:RagingMadness+1","Moonworks:EvilSpyWorkPreparation+1","Moonworks:AccelHyper+1","Moonworks:x16BigRocket+2","Moonworks:EvilSpyWorkPreparation+1","Moonworks:JonathanRush+1","Moonworks:JonathanRush+1","Moonworks:RagingMadness+1","MostiFishMod:ButterFly+1","MostiFishMod:ButterFly+1","Moonworks:RagingMadness+1","MostiFishMod:PerfectForm+1","Moonworks:JonathanRush+1","Moonworks:BigMagnum+1","Moonworks:BigMagnum+1","Moonworks:RagingMadness+1","Moonworks:RagingMadness+1","Moonworks:BigMagnum+1","Moonworks:EvilSpyWorkPreparation+1","Moonworks:RagingMadness+1","Moonworks:FinalBattle+1","Moonworks:JonathanRush+1","Moonworks:RagingMadness+1","testmod-LimitFlipper+1","Moonworks:JonathanRush+1","Moonworks:RagingMadness+1","Moonworks:RagingMadness+1","Moonworks:BigMagnum+1","Moonworks:RagingMadness+1","Moonworks:x16BigRocket+2","Moonworks:JonathanRush+1","Moonworks:Encore+1","Moonworks:RagingMadness+1","Moonworks:EvilSpyWorkPreparation+1","Moonworks:Blazing+1","Moonworks:RocketCannon+1","BloodyBrimstone+1","Moonworks:EvilSpyWorkPreparation+1","Moonworks:BigMagnum+1","Moonworks:JonathanRush+1","Moonworks:CloudOfSeagulls","Moonworks:RagingMadness+1","Moonworks:x16BigRocket","Moonworks:EvilSpyWorkPreparation+1","Moonworks:EvilSpyWorkPreparation+1","Moonworks:RagingMadness+1","Moonworks:BigMagnum+1","Moonworks:BigMagnum+1","Moonworks:x16BigRocket+1","Moonworks:RagingMadness+1","Moonworks:JonathanRush+1","Moonworks:JonathanRush+1","Moonworks:EvilSpyWorkPreparation+1","Moonworks:RagingMadness+1","MostiFishMod:Mottled+1","testmod-LimitFlipper"],"relics":["Moonworks:BrokenBomb","Moonworks:Homemark","EVO:Axolotl","ice","testmod-TestBox","DaveBox","REME_ComplimentaryCards","HushsDoor","AT_ATBox","TuHaoJin","testmod-DeterminationOfClimber","SacredBark","NeowsBlessing","SynthV:TestCard","Durian","DemoMod:GnawedKey","War Paint","Orrery","reliquary:PartyBalloon","Mastiff:ReiMu","ReplayTheSpireMod:ShopPack","ZombieArmy","Blue Doll","Dodecahedron","testmod-RandomTest","Replay:Ringing Soul","Art of War","Civilization","DemoMod:GreenGuonStone","Akabeko","conspire:TreasureMap","Iron Hammer","aspiration:ChemicalBlood","MetatronsCube","AT_RedTearstoneRing","Replay:Baseball","MariMod:MariFestivalBadge","jedi:archwizardhat","Frozen Eye","reliquary:Knoch","testmod-BouquetWithThorns","RuthlessExorcism:ReiMu","AT_RedNoBalance","DemoMod:MeatBun","PlaceholderMod:DaolothFragment","CeramicFish","Nunchaku","reliquary:Sod","Orichalcum","Strawberry","StrikeDummy","potionbrewer:Keyblade","FeatherPendant","JudasShadow","Pet Ghost","ReplayTheSpireMod:TigerMarble","jedi:ominousloannote","reliquary:PrincelyHelmet","Hololive_LightStick","Pear","TakeMeEscape","Tea:ReiMu","GodSword5","GodSword3","reliquary:FingerTrap","DemoMod:Metronome","potionbrewer:Torch","OrangePellets","testmod-EqualTreatment","construct:BoolHorns","BrkXgEgg","potionbrewer:MortarAndPestle","GodSword1","testmod-LifeArmor"],"acts_visited":["Exordium","Exordium","TheBeyond"],"potions_floor_usage":[],"damage_taken":[{"damage":0,"enemies":"Small Slimes","floor":1,"turns":2},{"damage":0,"enemies":"Cultist","floor":4,"turns":1},{"damage":0,"enemies":"Jaw Worm","floor":5,"turns":1},{"damage":121,"enemies":"Blue Slaver","floor":12,"turns":10},{"damage":60,"enemies":"3 Sentries","floor":14,"turns":5},{"damage":15,"enemies":"Hexaghost","floor":16,"turns":17},{"damage":43,"enemies":"theJungle:5_Spyders","floor":18,"turns":3},{"damage":0,"enemies":"conspire:MimicChest","floor":19,"turns":1},{"damage":0,"enemies":"theJungle:MUSHROOMGANG","floor":20,"turns":1},{"damage":0,"enemies":"theJungle:2_Phrogs","floor":24,"turns":1},{"damage":3,"enemies":"theJungle:Lyon","floor":27,"turns":2},{"damage":6,"enemies":"theJungle:MamaSnecko","floor":28,"turns":3},{"damage":10,"enemies":"theJungle:Snecko_Cultist_And_Trap","floor":29,"turns":4},{"damage":0,"enemies":"Snake Plant","floor":30,"turns":8},{"damage":0,"enemies":"theJungle:2_Phrogs","floor":31,"turns":3},{"damage":6,"enemies":"theJungle:FunGuy","floor":33,"turns":2},{"damage":11,"enemies":"3 Darklings","floor":35,"turns":5},{"damage":0,"enemies":"3 Shapes","floor":36,"turns":6},{"damage":0,"enemies":"Sphere and 2 Shapes","floor":37,"turns":2},{"damage":10,"enemies":"4 Shapes","floor":38,"turns":6},{"damage":2,"enemies":"4 Shapes","floor":39,"turns":3},{"damage":0,"enemies":"R_Hoarder","floor":41,"turns":2},{"damage":5,"enemies":"Spire Growth","floor":45,"turns":4},{"damage":0,"enemies":"Reptomancer","floor":48,"turns":7},{"damage":0,"enemies":"Replay:Hell Engine","floor":50,"turns":4}],"seed_played":"-6947063422809503975","potions_obtained":[{"floor":1,"key":"potionbrewer:CleansingPotion"},{"floor":5,"key":"Adrenaline Potion"},{"floor":20,"key":"DemoMod:LeadSkinPotion"},{"floor":36,"key":"BlessingOfTheForge"}],"is_trial":false,"path_per_floor":["M","?","$","M","M","R","?","R","T","R","$","M","T","E","R","B",null,"M","?","M","?","$","R","E","R","T","M","E","M","M","E","R","B",null,"M","M","M","M","?","R","E","R","T","$","M","R","$","E","R","B",null],"character_chosen":"THE_STARBREAKER","items_purchased":["Moonworks:JonathanRush","Moonworks:RagingMadness","Durian","DemoMod:GnawedKey","War Paint","Orrery","reliquary:PartyBalloon","Mastiff:ReiMu","ReplayTheSpireMod:ShopPack","Moonworks:JonathanRush","Moonworks:RagingMadness+1","MostiFishMod:ButterFly","ZombieArmy","Blue Doll","Dodecahedron","Moonworks:RagingMadness","Replay:Ringing Soul","Art of War","Civilization","MostiFishMod:PerfectForm","Moonworks:JonathanRush","Moonworks:BigMagnum","Moonworks:RagingMadness","DemoMod:GreenGuonStone","Akabeko","conspire:TreasureMap","Moonworks:RagingMadness","Moonworks:RagingMadness+1","MetatronsCube","AT_RedTearstoneRing","Replay:Baseball","Frozen Eye","reliquary:Knoch","testmod-BouquetWithThorns","Moonworks:RagingMadness","RuthlessExorcism:ReiMu","AT_SilverBalance","DemoMod:MeatBun","testmod-LimitFlipper","Moonworks:JonathanRush","Moonworks:RagingMadness","Moonworks:CloudOfSeagulls","Moonworks:RagingMadness","CeramicFish","Strawberry","StrikeDummy","potionbrewer:Keyblade","Moonworks:RagingMadness","Moonworks:EvilSpyWorkPreparation","JudasShadow","Moonworks:RocketCannon","BloodyBrimstone","Moonworks:CloudOfSeagulls","Moonworks:RagingMadness","Pet Ghost","ReplayTheSpireMod:TigerMarble","jedi:ominousloannote","Hololive_LightStick","Pear","TakeMeEscape","Moonworks:x16BigRocket","Moonworks:EvilSpyWorkPreparation","Moonworks:RagingMadness+1","GodSword5","GodSword3","reliquary:FingerTrap","Moonworks:BigMagnum","DemoMod:Metronome","potionbrewer:Torch","OrangePellets","Moonworks:RagingMadness","testmod-EqualTreatment","construct:BoolHorns","BrkXgEgg","Moonworks:JonathanRush","Moonworks:RagingMadness","Moonworks:RagingMadness+1","GodSword1","testmod-LifeArmor","MostiFishMod:Mottled+1","testmod-LimitFlipper"],"campfire_rested":0,"item_purchase_floors":[3,3,3,3,3,3,6,6,6,6,6,6,8,8,8,8,10,10,10,10,10,10,10,11,11,11,11,15,15,15,15,22,22,22,22,23,23,23,23,23,23,25,25,25,32,32,32,32,32,34,34,34,40,40,40,40,40,42,42,42,42,42,42,44,44,44,44,46,46,46,46,47,47,47,47,47,49,49,49,49,49],"current_hp_per_floor":[60,49,54,54,54,54,47,47,47,50,53,75,75,40,43,95,130,103,121,131,152,155,162,100,103,103,117,130,185,214,227,237,245,221,235,243,240,243,251,254,259,272,272,275,333,336,339,377,380,392],"gold":9985683,"neow_bonus":"THREE_ENEMY_KILL","is_daily":false,"chose_seed":false,"campfire_upgraded":0,"win_rate":0.0,"timestamp":1613456205,"path_taken":["M","?","$","?","M","R","?","R","T","R","$","M","?","E","R","BOSS","M","?","M","?","$","R","E","R","T","?","E","M","M","E","R","BOSS","M","M","M","M","?","R","E","R","T","$","M","R","$","E","R","BOSS"],"items_purchased_type":["Card","Card","Relic","Relic","Relic","Relic","Relic","Relic","Relic","Card","Card","Card","Relic","Relic","Relic","Card","Relic","Relic","Relic","Card","Card","Card","Card","Relic","Relic","Relic","Card","Card","Relic","Relic","Relic","Relic","Relic","Relic","Card","Relic","Relic","Relic","Card","Card","Card","Card","Card","Relic","Relic","Relic","Relic","Card","Card","Relic","Card","Card","Card","Card","Relic","Relic","Relic","Relic","Relic","Relic","Card","Card","Card","Relic","Relic","Relic","Card","Relic","Relic","Relic","Card","Relic","Relic","Relic","Card","Card","Card","Relic","Relic","Card","Card"],"build_version":"2020-12-22","purchased_purges":17,"victory":true,"max_hp_per_floor":[60,60,65,65,65,65,65,65,65,68,71,75,75,87,90,130,130,140,148,156,156,159,162,167,170,170,178,186,197,217,227,237,245,221,235,243,240,243,251,254,259,272,272,275,398,401,404,416,419,428],"card_choices":[{"not_picked":[],"picked":"Bomb","floor":0},{"not_picked":["Moonworks:NicePresent","Moonworks:MixPhenomenon"],"picked":"Moonworks:CloudOfSeagulls","floor":1},{"not_picked":["Moonworks:Heat300Percent","Moonworks:CompletionReward","Moonworks:OutOfAmmo","Moonworks:LulusLuckyEgg"],"picked":"Moonworks:EvilSpyWorkPreparation","floor":3},{"not_picked":["Moonworks:DeployBits","Moonworks:IndiscriminateFireSupport","Moonworks:Dinner","Moonworks:MiracleRedBeanIceCream"],"picked":"Moonworks:AccelHyper","floor":3},{"not_picked":["Moonworks:CompletionReward","Moonworks:TacticalRetreat","Moonworks:EvilSpyWorkPreparation","Moonworks:BigBangBell"],"picked":"Moonworks:x16BigRocket","floor":3},{"not_picked":["Moonworks:ForcedRevival","Bomb","Moonworks:DeployBits","Moonworks:UnluckyCharm"],"picked":"Moonworks:EvilSpyWorkPreparation","floor":3},{"not_picked":["Moonworks:IndiscriminateFireSupport","Moonworks:TreasureThief","Moonworks:LuckyCharm","Bomb"],"picked":"Moonworks:CloudOfSeagulls","floor":4},{"not_picked":["Moonworks:HolyNight","Moonworks:AngelHand","Moonworks:NicePresent","Moonworks:IndiscriminateFireSupport"],"picked":"Moonworks:JonathanRush","floor":5},{"not_picked":["REME_EyeOfCthun","ReplayUltimateDefense","testmod-CardIndex","testmod-BloodBlade"],"picked":"BloodyBrimstone","floor":6},{"not_picked":["Crow Ritual","REME_ShortnessOfBreath","ReplayUltimateDefense","testmod-PainDetonator"],"picked":"MostiFishMod:ButterFly","floor":6},{"not_picked":["Moonworks:LulusLuckyEgg","Moonworks:IndiscriminateFireSupport","Moonworks:SakisCookie","Moonworks:CompletionReward"],"picked":"Moonworks:BigMagnum","floor":12},{"not_picked":["Bomb","Moonworks:Poppoformation","Moonworks:ImmovableObject","Moonworks:NicePresent"],"picked":"Moonworks:EvilSpyWorkPreparation","floor":14},{"not_picked":["Moonworks:Accelerator","Moonworks:HolyNight","Moonworks:SubspaceTunnel","Moonworks:StarBlastingFuse"],"picked":"Moonworks:FinalBattle","floor":16},{"not_picked":["Moonworks:IndiscriminateFireSupport","Moonworks:UnpaidWork+1","Moonworks:ReproductionOfRecords","Moonworks:Bloodlust","Moonworks:LulusLuckyEgg"],"picked":"SKIP","floor":18},{"not_picked":["Moonworks:MiracleRedBeanIceCream","Moonworks:NicePresent","Moonworks:DeployBits","Moonworks:IndiscriminateFireSupport"],"picked":"Moonworks:JonathanRush","floor":19},{"not_picked":["Moonworks:IndiscriminateFireSupport","Moonworks:Assault+1","Moonworks:Bloodlust","Moonworks:ImOnFire"],"picked":"Moonworks:CloudOfSeagulls+1","floor":20},{"not_picked":["Moonworks:BigBangBell+1","Moonworks:DeployBits+1","Moonworks:IndiscriminateFireSupport","Moonworks:ImOnFire","Moonworks:UnluckyCharm"],"picked":"SKIP","floor":24},{"not_picked":["Moonworks:IndiscriminateFireSupport","Moonworks:LulusLuckyEgg","Moonworks:BindingChains","Moonworks:Assault+1"],"picked":"Moonworks:BigMagnum","floor":27},{"not_picked":["Moonworks:Flamethrower","Moonworks:UnpaidWork","Moonworks:BeyondHell","Moonworks:ImmovableObject"],"picked":"Moonworks:RagingMadness","floor":28},{"not_picked":["Moonworks:DeployBits","Moonworks:ReproductionOfRecords","Moonworks:FinalSurgery","Moonworks:Heat300Percent+1"],"picked":"Moonworks:x16BigRocket","floor":29},{"not_picked":["Moonworks:ImmovableObject","Moonworks:ImOnFire","Moonworks:SakisCookie+1","Moonworks:RagingMadness"],"picked":"Moonworks:JonathanRush","floor":30},{"not_picked":["Moonworks:ImmovableObject","Moonworks:MiracleWalker","Moonworks:RagingMadness","Moonworks:IndiscriminateFireSupport"],"picked":"Moonworks:Encore","floor":31},{"not_picked":["Moonworks:PlushieMaster","Moonworks:SinkOrSwim","Moonworks:RocketCannon","Moonworks:FinalBattle"],"picked":"Moonworks:Blazing","floor":33},{"not_picked":["Moonworks:CastOff+1","Moonworks:SakisCookie+1","Moonworks:ImOnFire+1","Moonworks:BigMagnum+1"],"picked":"Moonworks:EvilSpyWorkPreparation","floor":35},{"not_picked":["Moonworks:LulusLuckyEgg+1","Moonworks:TreasureThief+1","Moonworks:ScrambledEve+1","Moonworks:Assault+1"],"picked":"Moonworks:BigMagnum","floor":36},{"not_picked":["Moonworks:SubspaceTunnel","Moonworks:SealedMemories","Moonworks:UnluckyCharm+1","Moonworks:NicePresent+1","Moonworks:FinalSurgery+1"],"picked":"SKIP","floor":37},{"not_picked":["Moonworks:LulusLuckyEgg","Moonworks:CloudOfSeagulls+1","Moonworks:IndiscriminateFireSupport","Moonworks:BigMagnum"],"picked":"Moonworks:JonathanRush+1","floor":38},{"not_picked":["Moonworks:LuckyCharm+1","Moonworks:NicePresent+1","Moonworks:MiracleRedBeanIceCream+1","Moonworks:CloudOfSeagulls","Moonworks:MixPhenomenon+1"],"picked":"SKIP","floor":41},{"not_picked":["Moonworks:FinalSurgery","Moonworks:Flamethrower","Moonworks:SakisCookie+1","Moonworks:StiffCrystal+1"],"picked":"Moonworks:x16BigRocket+1","floor":45},{"not_picked":["Moonworks:CloudOfSeagulls","Moonworks:DeployBits","Moonworks:Assault","Moonworks:ForcedRevival+1"],"picked":"Moonworks:EvilSpyWorkPreparation+1","floor":48}],"player_experience":202440,"relics_obtained":[{"floor":1,"key":"SynthV:TestCard"},{"floor":9,"key":"testmod-RandomTest"},{"floor":13,"key":"Iron Hammer"},{"floor":14,"key":"aspiration:ChemicalBlood"},{"floor":19,"key":"jedi:archwizardhat"},{"floor":24,"key":"PlaceholderMod:DaolothFragment"},{"floor":26,"key":"Nunchaku"},{"floor":28,"key":"reliquary:Sod"},{"floor":31,"key":"Orichalcum"},{"floor":41,"key":"reliquary:PrincelyHelmet"},{"floor":43,"key":"Tea:ReiMu"},{"floor":48,"key":"potionbrewer:MortarAndPestle"}],"event_choices":[{"damage_healed":0,"gold_gain":75,"player_choice":"Gather Gold","damage_taken":11,"max_hp_gain":0,"max_hp_loss":0,"event_name":"World of Goop","floor":2,"gold_loss":0},{"cards_removed":["BloodyBrimstone"],"damage_healed":0,"gold_gain":0,"player_choice":"Card Removal","damage_taken":7,"max_hp_gain":0,"max_hp_loss":0,"event_name":"Golden Wing","floor":7,"gold_loss":0}],"is_beta":false,"boss_relics":[{"not_picked":["SoulBox","Philosopher\u0027s Stone"],"picked":"MariMod:MariFestivalBadge"},{"not_picked":[]},{"not_picked":["AT_TrinityForce","HereWithMe"],"picked":"FeatherPendant"},{"not_picked":[]}],"items_purged_floors":[3,6,8,10,11,15,22,23,25,32,34,40,42,44,46,47,49],"is_endless":false,"potions_floor_spawned":[1,5,19,20,24,29,33,36,37,38,41],"ascension_level":2}}