{"host":"p0hktren06injwdf","time":1613443844,"event":{"mods":["AchievementEnabler","BaseMod","Colored Map","DeckTracker","Minty Spire (QoL Compilation)","Permanent Neow","StSLib","SuperFastMode"],"gold_per_floor":[112,112,129,143,162,162,188,188,188,207,227,72,94,94,94,195,195,209,285,303,203,220,255,255,255,255,255,50,75,75,91,91,194,194,213,63,63,83,97,132,132,142,190,190,140,158,108,128,128,128,128,128,78,111,111],"floor_reached":56,"language":"KOR","playtime":913,"items_purged":["Defend_P","Defend_P","Strike_P","Defend_P","Strike_P","Blasphemy+1","EmptyFist+1"],"score":1367,"play_id":"3d97dc50-59e2-420b-aab7-de33493d6e2b","local_time":"20210216115044","is_ascension_mode":false,"campfire_choices":[{"data":"Eruption","floor":6.0,"key":"SMITH"},{"data":"Adaptation","floor":8.0,"key":"SMITH"},{"data":"TalkToTheHand","floor":15.0,"key":"SMITH"},{"data":"Adaptation","floor":25,"key":"SMITH"},{"data":"EmptyFist","floor":30,"key":"SMITH"},{"data":"Vigilance","floor":32,"key":"SMITH"},{"floor":41,"key":"RECALL"},{"floor":44,"key":"REST"},{"floor":49,"key":"REST"},{"floor":52,"key":"REST"}],"circlet_count":0,"master_deck":["Eruption+1","Vigilance+1","Adaptation+1","FearNoEvil","Adaptation+1","TalkToTheHand+1","Tantrum+1","Scrawl+1","DeusExMachina+1"],"relics":["PureWater","Ginger","Toxic Egg 2","Blood Vial","Gremlin Horn","Odd Mushroom","Empty Cage","Bottled Tornado","Shuriken","Frozen Egg 2","Thread and Needle","Fusion Hammer","Smiling Mask","Unceasing Top"],"acts_visited":["Exordium","TheCity","TheBeyond","TheEnding"],"potions_floor_usage":[],"damage_taken":[{"damage":0.0,"enemies":"2 Louse","floor":1.0,"turns":2.0},{"damage":0.0,"enemies":"Small Slimes","floor":3.0,"turns":3.0},{"damage":6.0,"enemies":"Cultist","floor":4.0,"turns":5.0},{"damage":0.0,"enemies":"3 Louse","floor":5.0,"turns":2.0},{"damage":23.0,"enemies":"Lagavulin","floor":7.0,"turns":7.0},{"damage":8.0,"enemies":"Red Slaver","floor":10.0,"turns":4.0},{"damage":0.0,"enemies":"Exordium Thugs","floor":11.0,"turns":3.0},{"damage":5.0,"enemies":"The Mushroom Lair","floor":13.0,"turns":3.0},{"damage":3.0,"enemies":"The Guardian","floor":16.0,"turns":6.0},{"damage":13.0,"enemies":"Spheric Guardian","floor":18.0,"turns":4.0},{"damage":10.0,"enemies":"2 Thieves","floor":20.0,"turns":2.0},{"damage":2,"enemies":"Chosen and Byrds","floor":22,"turns":3},{"damage":10,"enemies":"Gremlin Leader","floor":23,"turns":3},{"damage":0,"enemies":"Book of Stabbing","floor":29,"turns":1},{"damage":4,"enemies":"Snake Plant","floor":31,"turns":2},{"damage":0,"enemies":"Automaton","floor":33,"turns":2},{"damage":0,"enemies":"3 Shapes","floor":35,"turns":2},{"damage":0,"enemies":"3 Darklings","floor":38,"turns":1},{"damage":0,"enemies":"Maw","floor":39,"turns":2},{"damage":14,"enemies":"Reptomancer","floor":40,"turns":2},{"damage":0,"enemies":"Transient","floor":42,"turns":2},{"damage":0,"enemies":"Jaw Worm Horde","floor":46,"turns":1},{"damage":0,"enemies":"Sphere and 2 Shapes","floor":48,"turns":1},{"damage":0,"enemies":"Awakened One","floor":50,"turns":2},{"damage":0,"enemies":"Shield and Spear","floor":54,"turns":1},{"damage":6,"enemies":"The Heart","floor":55,"turns":4}],"seed_played":"7264635005333488766","potions_obtained":[{"floor":4.0,"key":"Weak Potion"},{"floor":5.0,"key":"Strength Potion"},{"floor":7.0,"key":"BlessingOfTheForge"},{"floor":20.0,"key":"Regen Potion"},{"floor":23,"key":"Swift Potion"}],"is_trial":false,"path_per_floor":["M","?","M","M","M","R","E","R","T","M","M","$","?","?","R","B",null,"M","T","M","$","M","E","?","R","T","?","$","E","R","M","R","B",null,"M","$","?","M","M","E","R","M","T","R","$","M","$","M","R","B",null,"R","$","E","B",null],"character_chosen":"WATCHER","items_purchased":["TalkToTheHand","Scrawl+1"],"campfire_rested":3,"item_purchase_floors":[12,28],"current_hp_per_floor":[65,58,58,52,52,52,29,29,29,23,25,25,22,22,22,21,65,52,52,44,44,44,36,36,36,36,36,36,38,38,36,36,38,65,65,65,65,65,65,51,51,53,53,65,65,65,65,65,65,65,65,65,65,65,59],"gold":111,"neow_bonus":"ONE_RARE_RELIC","is_daily":false,"chose_seed":false,"campfire_upgraded":6,"win_rate":0.0,"timestamp":1613443844,"path_taken":["M","?","M","M","M","R","E","R","T","M","M","$","?","?","R","BOSS","M","?","M","$","M","E","?","R","T","?","$","E","R","?","R","BOSS","M","$","?","M","M","E","R","M","T","R","?","M","$","M","R","BOSS","R","$","E","BOSS"],"items_purchased_type":["Card","Card"],"build_version":"2020-12-22","purchased_purges":7,"victory":true,"max_hp_per_floor":[65,65,65,65,65,65,65,65,65,65,65,65,65,65,65,65,65,65,65,65,65,65,65,65,65,65,65,65,65,65,65,65,65,65,65,65,65,65,65,65,65,65,65,65,65,65,65,65,65,65,65,65,65,65,65],"card_choices":[{"not_picked":["CutThroughFate","ForeignInfluence"],"picked":"Adaptation","floor":1.0},{"not_picked":["Protect+1","Vengeance+1","Sanctity+1"],"picked":"SKIP","floor":3.0},{"not_picked":["Study","Protect+1"],"picked":"FearNoEvil","floor":4.0},{"not_picked":["Consecrate","WreathOfFlame+1"],"picked":"EmptyFist","floor":5.0},{"not_picked":["InnerPeace+1","Indignation+1"],"picked":"Adaptation","floor":7.0},{"not_picked":["Prostrate+1","Sanctity+1","JustLucky"],"picked":"SKIP","floor":10.0},{"not_picked":["ClearTheMind+1","WreathOfFlame+1","Protect+1"],"picked":"SKIP","floor":11.0},{"not_picked":["PathToVictory+1","Judgement+1"],"picked":"Tantrum","floor":13.0},{"not_picked":["SpiritShield+1","Establishment"],"picked":"Blasphemy+1","floor":16.0},{"not_picked":["Crescendo+1","Prostrate+1","WindmillStrike+1"],"picked":"SKIP","floor":18.0},{"not_picked":["Protect+1","WreathOfFlame+1","Halt+1"],"picked":"SKIP","floor":20.0},{"not_picked":["Evaluate+1","CutThroughFate+1","Nirvana"],"picked":"SKIP","floor":22},{"not_picked":["ReachHeaven","ThirdEye+1","Wallop"],"picked":"SKIP","floor":23},{"not_picked":["CrushJoints","PathToVictory+1","FearNoEvil"],"picked":"SKIP","floor":29},{"not_picked":["CutThroughFate","BattleHymn+1"],"picked":"DeusExMachina+1","floor":31},{"not_picked":["EmptyMind+1","CutThroughFate","EmptyFist+1"],"picked":"SKIP","floor":35},{"not_picked":["Vengeance+1","FlyingSleeves+1","Worship+1"],"picked":"SKIP","floor":38},{"not_picked":["Vengeance+1","FearNoEvil+1","EmptyBody+1"],"picked":"SKIP","floor":39},{"not_picked":["Study+1","CrushJoints","JustLucky"],"picked":"SKIP","floor":40},{"not_picked":["Protect+1","WaveOfTheHand+1","FlurryOfBlows"],"picked":"SKIP","floor":42},{"not_picked":["Study+1","JustLucky+1","Indignation+1"],"picked":"SKIP","floor":46},{"not_picked":["Evaluate+1","ThirdEye+1","ForeignInfluence+1"],"picked":"SKIP","floor":48},{"not_picked":["Fasting2+1","Halt+1","PathToVictory+1"],"picked":"SKIP","floor":54}],"player_experience":1069378,"relics_obtained":[{"floor":7.0,"key":"Blood Vial"},{"floor":9.0,"key":"Gremlin Horn"},{"floor":13.0,"key":"Odd Mushroom"},{"floor":19.0,"key":"Bottled Tornado"},{"floor":23,"key":"Shuriken"},{"floor":26,"key":"Frozen Egg 2"},{"floor":29,"key":"Thread and Needle"},{"floor":40,"key":"Smiling Mask"},{"floor":54,"key":"Unceasing Top"}],"event_choices":[{"damage_healed":0.0,"max_hp_gain":0.0,"max_hp_loss":0.0,"gold_gain":0.0,"event_name":"Scrap Ooze","player_choice":"Success","floor":2.0,"gold_loss":0.0,"damage_taken":7.0,"relics_obtained":["Toxic Egg 2"]},{"damage_healed":0.0,"max_hp_gain":0.0,"max_hp_loss":0.0,"gold_gain":0.0,"event_name":"Mushrooms","player_choice":"Fought Mushrooms","floor":13.0,"gold_loss":0.0,"damage_taken":0.0},{"damage_healed":0.0,"max_hp_gain":0.0,"max_hp_loss":0.0,"gold_gain":0.0,"cards_transformed":["Strike_P"],"event_name":"Transmorgrifier","player_choice":"Transformed","floor":14.0,"gold_loss":0.0,"damage_taken":0.0,"cards_obtained":["DevaForm"]},{"damage_healed":0,"gold_gain":0,"player_choice":"Ignored","damage_taken":0,"max_hp_gain":0,"max_hp_loss":0,"event_name":"The Mausoleum","floor":24,"gold_loss":0},{"cards_removed":["Defend_P"],"damage_healed":0,"gold_gain":0,"player_choice":"Offered Basic","damage_taken":0,"max_hp_gain":0,"max_hp_loss":0,"event_name":"Bonfire Elementals","floor":27,"gold_loss":0},{"damage_healed":0,"gold_gain":0,"player_choice":"Upgraded","damage_taken":0,"max_hp_gain":0,"max_hp_loss":0,"event_name":"Upgrade Shrine","floor":37,"gold_loss":0,"cards_upgraded":["Tantrum"]}],"is_beta":false,"boss_relics":[{"not_picked":["SacredBark","SlaversCollar"],"picked":"Empty Cage"},{"not_picked":["Busted Crown","Snecko Eye"],"picked":"Fusion Hammer"}],"items_purged_floors":[12,21,28,36,45,47,53],"is_endless":false,"potions_floor_spawned":[4,5,7,16,20,23,33,39,42,48],"ascension_level":0}}