{"host":"7yyoe0ei0fseceei","time":1613514039,"event":{"mods":["BaseMod","Colored Map","Highlight Path","Minty Spire (QoL Compilation)","Quick Restart"],"gold_per_floor":[117,117,82,94,94,125,125,135,135,168,180,47,62,76,76,150,150,90,140,140,152,152,152,152],"floor_reached":23,"language":"ENG","playtime":730,"items_purged":[],"score":358,"play_id":"279ba084-357b-4992-960f-ffa120e2af95","local_time":"20210216232039","is_ascension_mode":true,"campfire_choices":[{"data":"Vigilance","floor":7.0,"key":"SMITH"},{"floor":15.0,"key":"REST"}],"circlet_count":0,"master_deck":["AscendersBane","Strike_P","Strike_P","Strike_P","Strike_P","Defend_P","Defend_P","Defend_P","Defend_P","Eruption+1","Vigilance+1","Consecrate","Judgement+1","Evaluate+1","ClearTheMind+1","Sanctity+1","CrushJoints","Evaluate+1","CrushJoints","LessonLearned","Study","ReachHeaven","Crescendo+1"],"relics":["PureWater","Toxic Egg 2","Juzu Bracelet","Eternal Feather","The Courier","Bag of Marbles","VioletLotus"],"acts_visited":["Exordium","TheCity"],"potions_floor_usage":[],"damage_taken":[{"damage":0.0,"enemies":"Small Slimes","floor":1.0,"turns":3.0},{"damage":9.0,"enemies":"Jaw Worm","floor":4.0,"turns":3.0},{"damage":12.0,"enemies":"3 Sentries","floor":6.0,"turns":4.0},{"damage":0.0,"enemies":"2 Louse","floor":8.0,"turns":1.0},{"damage":10.0,"enemies":"Gremlin Nob","floor":10.0,"turns":4.0},{"damage":13.0,"enemies":"Large Slime","floor":11.0,"turns":5.0},{"damage":0.0,"enemies":"2 Fungi Beasts","floor":13.0,"turns":2.0},{"damage":0.0,"enemies":"Exordium Thugs","floor":14.0,"turns":2.0},{"damage":42.0,"enemies":"Slime Boss","floor":16.0,"turns":14.0},{"damage":10.0,"enemies":"2 Thieves","floor":18.0,"turns":4.0},{"damage":39.0,"enemies":"3 Byrds","floor":21.0,"turns":5.0},{"damage":17,"enemies":"Slavers","floor":23,"turns":1}],"seed_played":"7648957892623632809","potions_obtained":[{"floor":1.0,"key":"SkillPotion"},{"floor":8.0,"key":"Ancient Potion"},{"floor":10.0,"key":"Weak Potion"},{"floor":14.0,"key":"Swift Potion"},{"floor":21.0,"key":"SteroidPotion"}],"is_trial":false,"path_per_floor":["M","?","?","M","?","E","R","M","T","E","M","$","M","M","R","B",null,"M","?","?","M","?","E"],"character_chosen":"WATCHER","items_purchased":["Bag of Marbles"],"campfire_rested":1,"item_purchase_floors":[12],"current_hp_per_floor":[61,56,68,59,64,52,52,52,52,42,29,29,29,29,59,17,59,49,49,49,10,10,0,0],"gold":152,"neow_bonus":"UPGRADE_CARD","is_daily":false,"chose_seed":false,"campfire_upgraded":1,"win_rate":0.0,"timestamp":1613514039,"path_taken":["M","?","?","M","?","E","R","M","T","E","M","$","M","M","R","BOSS","M","?","?","M","?","E"],"items_purchased_type":["Relic"],"build_version":"2020-12-22","purchased_purges":0,"victory":false,"max_hp_per_floor":[68,68,68,68,73,73,73,73,73,73,73,73,73,73,73,73,73,73,73,73,73,73,73,73],"card_choices":[{"not_picked":["ClearTheMind","FlyingSleeves"],"picked":"Consecrate","floor":1.0},{"not_picked":["CrushJoints","EmptyFist"],"picked":"Judgement+1","floor":4.0},{"not_picked":["EmptyFist","BowlingBash"],"picked":"Evaluate+1","floor":6.0},{"not_picked":["FlyingSleeves","FollowUp"],"picked":"ClearTheMind+1","floor":8.0},{"not_picked":["PathToVictory+1","SashWhip"],"picked":"Sanctity+1","floor":10.0},{"not_picked":["Evaluate+1","ThirdEye+1"],"picked":"CrushJoints","floor":11.0},{"not_picked":["ConjureBlade+1","BowlingBash"],"picked":"Evaluate+1","floor":13.0},{"not_picked":["EmptyMind+1","MentalFortress"],"picked":"CrushJoints","floor":14.0},{"not_picked":["ConjureBlade+1","DevaForm"],"picked":"LessonLearned","floor":16.0},{"not_picked":["MentalFortress","Halt+1"],"picked":"Study","floor":18.0},{"not_picked":["CutThroughFate+1","FlurryOfBlows"],"picked":"Crescendo+1","floor":21.0}],"player_experience":930373,"relics_obtained":[{"floor":6.0,"key":"Juzu Bracelet"},{"floor":9.0,"key":"Eternal Feather"},{"floor":10.0,"key":"The Courier"}],"event_choices":[{"damage_healed":0.0,"max_hp_gain":0.0,"max_hp_loss":0.0,"gold_gain":0.0,"event_name":"Scrap Ooze","player_choice":"Success","floor":2.0,"gold_loss":0.0,"damage_taken":5.0,"relics_obtained":["Toxic Egg 2"]},{"damage_healed":17.0,"max_hp_gain":0.0,"max_hp_loss":0.0,"gold_gain":0.0,"event_name":"The Cleric","player_choice":"Healed","floor":3.0,"gold_loss":35.0,"damage_taken":0.0},{"damage_healed":0.0,"max_hp_gain":5.0,"max_hp_loss":0.0,"gold_gain":0.0,"event_name":"Big Fish","player_choice":"Donut","floor":5.0,"gold_loss":0.0,"damage_taken":0.0},{"damage_healed":0.0,"max_hp_gain":0.0,"max_hp_loss":0.0,"gold_gain":50.0,"event_name":"Nest","player_choice":"Stole From Cult","floor":19.0,"gold_loss":0.0,"damage_taken":0.0},{"damage_healed":0.0,"max_hp_gain":0.0,"max_hp_loss":0.0,"gold_gain":0.0,"event_name":"The Library","player_choice":"Read","floor":20.0,"gold_loss":0.0,"damage_taken":0.0,"cards_obtained":["ReachHeaven"]},{"damage_healed":0,"gold_gain":0,"player_choice":"Ignored","damage_taken":0,"max_hp_gain":0,"max_hp_loss":0,"event_name":"Cursed Tome","floor":22,"gold_loss":0}],"is_beta":false,"boss_relics":[{"not_picked":["Fusion Hammer","Empty Cage"],"picked":"VioletLotus"}],"items_purged_floors":[],"is_endless":false,"potions_floor_spawned":[1,8,10,14,21],"killed_by":"Slavers","ascension_level":16}}