{"host":"8zllkaobjs9c5ou9","time":1613502726,"event":{"mods":["BaseMod","Colored Powertips","Downfall","Googly Eyes","Minty Spire (QoL Compilation)","StSLib","Steal the Spire"],"gold_per_floor":[99,117,128,140,15,15,40,40,40,40,50,81,81,81,91,91,91,91],"floor_reached":16,"language":"ENG","playtime":828,"items_purged":[],"score":105,"play_id":"a8ede834-206e-4b79-b8cd-53105d662da6","local_time":"20210216141206","is_ascension_mode":true,"campfire_choices":[{"floor":1,"key":"RECALL"},{"data":"Guardian:Orbwalk","floor":6,"key":"SMITH"},{"data":"Guardian:TwinSlam","floor":8,"key":"SMITH"},{"data":"Guardian:PolyBeam","floor":13,"key":"SMITH"}],"circlet_count":0,"master_deck":["Guardian:Strike_Guardian","Guardian:Strike_Guardian","Guardian:Strike_Guardian","Guardian:Strike_Guardian","Guardian:Defend_Guardian","Guardian:Defend_Guardian","Guardian:Defend_Guardian","Guardian:Defend_Guardian","Guardian:CurlUp","Guardian:TwinSlam+1","Guardian:BronzeOrb","Guardian:Gem_Crimson","Guardian:PolyBeam+1","Guardian:Orbwalk+1","Guardian:Incinerate","Guardian:Gem_Red"],"relics":["Guardian:ModeShifter","Gremlin Horn","Orichalcum"],"acts_visited":["Exordium"],"potions_floor_usage":[12,16,16],"damage_taken":[{"damage":6,"enemies":"Jaw Worm","floor":2,"turns":5},{"damage":1,"enemies":"Cultist","floor":3,"turns":4},{"damage":5,"enemies":"Small Slimes","floor":4,"turns":4},{"damage":0,"enemies":"downfall:FleeingMerchant","floor":5,"turns":4},{"damage":0,"enemies":"downfall:LooterAlt","floor":11,"turns":3},{"damage":17,"enemies":"Lagavulin","floor":12,"turns":5},{"damage":7,"enemies":"Blue Slaver","floor":15,"turns":3},{"damage":31,"enemies":"WA_ARCHETYPE_RETAIN","floor":16,"turns":7}],"seed_played":"-8392298207993780206","potions_obtained":[{"floor":0,"key":"ColorlessPotion"},{"floor":0,"key":"BlessingOfTheForge"},{"floor":0,"key":"AttackPotion"},{"floor":3,"key":"Strength Potion"},{"floor":10,"key":"bronze:BurnAndBuffPotion"},{"floor":15,"key":"SmokeBomb"}],"is_trial":false,"path_per_floor":["R","M","M","M","$","R","T","R","?","?","M","E","R","?","M","B"],"character_chosen":"GUARDIAN","items_purchased":["Guardian:PolyBeam","Guardian:Orbwalk"],"campfire_rested":0,"item_purchase_floors":[5,5],"current_hp_per_floor":[80,74,73,68,68,68,68,68,50,50,50,33,33,33,26,0,0,0],"gold":91,"neow_bonus":"THREE_SMALL_POTIONS","is_daily":false,"chose_seed":false,"campfire_upgraded":3,"win_rate":0.0,"timestamp":1613502726,"path_taken":["R","M","M","M","$","R","T","R","?","?","?","E","R","?","M","BOSS"],"items_purchased_type":["Card","Card"],"build_version":"2020-12-22","purchased_purges":0,"victory":false,"max_hp_per_floor":[80,80,80,80,80,80,80,80,80,80,80,80,80,80,80,80,80,80],"card_choices":[{"not_picked":["Guardian:Reroute","Guardian:Repulse"],"picked":"Guardian:Gem_Cyan","floor":2},{"not_picked":["Guardian:PiercingHide","Guardian:RefractedBeam"],"picked":"Guardian:Gem_Green","floor":3},{"not_picked":["Guardian:EvasiveProtocol","Guardian:WalkerClaw"],"picked":"Guardian:BronzeOrb","floor":4},{"not_picked":["Guardian:FuturePlans","Guardian:SpikerProtocol"],"picked":"Guardian:Gem_Crimson","floor":5},{"not_picked":["Guardian:Gem_Cyan","Guardian:FastForward"],"picked":"Guardian:Incinerate","floor":11},{"not_picked":["Guardian:FastForward","Guardian:PiercingHide","Guardian:Gem_Green"],"picked":"SKIP","floor":12},{"not_picked":["Guardian:Gem_Crimson","Guardian:Clone"],"picked":"Guardian:Gem_Red","floor":15}],"player_experience":505891,"relics_obtained":[{"floor":12,"key":"Orichalcum"}],"event_choices":[{"damage_healed":0,"gold_gain":0,"player_choice":"Success","damage_taken":18,"relics_obtained":["Gremlin Horn"],"max_hp_gain":0,"max_hp_loss":0,"event_name":"Scrap Ooze","floor":9,"gold_loss":0},{"damage_healed":0,"gold_gain":0,"player_choice":"Got Potions","damage_taken":0,"max_hp_gain":0,"max_hp_loss":0,"event_name":"Lab","floor":10,"gold_loss":0}],"is_beta":false,"boss_relics":[],"items_purged_floors":[],"is_endless":false,"potions_floor_spawned":[2,3,15],"killed_by":"WA_ARCHETYPE_RETAIN","ascension_level":1}}