{"host":"kwyq3wo3fj8d4s27","time":1613449625,"event":{"mods":["AchievementEnabler","BaseMod","Colored Map","Highlight Path","Minty Spire (QoL Compilation)","StSLib"],"gold_per_floor":[111,121,4358,4375,4392,4427,3673,3690,3713,3713,2881,2881,2915,1954,1954,2054,2054,2067,1204,1204,1204,1217,1235,1260,143,143,177,177,4503,4503,4503,4503,4609,4609,4622,4622,4643,4244,4267,4267,4601,4623,4623,4222,4277,4294,4294,4329,4329,4329,4329,4329,3652,3681,3681],"floor_reached":56,"language":"ENG","playtime":2538,"items_purged":["Strike_B","Strike_B","Strike_B","Strike_B+1","Defend_B","Defend_B","Defend_B","Capacitor"],"score":1544,"play_id":"7e1587d0-03eb-4486-b294-88a3242bab0c","local_time":"20210215202704","is_ascension_mode":true,"campfire_choices":[{"data":"Blizzard","floor":15,"key":"SMITH"},{"data":"Echo Form","floor":28,"key":"SMITH"},{"data":"Defragment","floor":30,"key":"SMITH"},{"data":"Capacitor","floor":32,"key":"SMITH"},{"floor":40,"key":"RECALL"},{"data":"Coolheaded","floor":47,"key":"SMITH"},{"data":"Reboot","floor":49,"key":"PURGE"},{"data":"Coolheaded","floor":52,"key":"SMITH"}],"circlet_count":0,"master_deck":["Zap+1","Dualcast+1","Conserve Battery","Electrodynamics","Reboot+1","Coolheaded+1","Double Energy","Blizzard+1","Glacier","Echo Form","Coolheaded+1","Capacitor+1","Loop+1","Defragment+1","Echo Form+1","Panache","Capacitor+1","Creative AI","Capacitor+1","Redo+1","Storm+1","Loop+1"],"relics":["Cracked Core","NeowsBlessing","Pocketwatch","Question Card","Orrery","Meat on the Bone","Chemical X","Art of War","Peace Pipe","War Paint","ClockworkSouvenir","Eternal Feather","Incense Burner","PreservedInsect","Sling","Torii","Bird Faced Urn","Black Star","TheAbacus","Omamori","Unceasing Top","Bronze Scales","Prayer Wheel","DollysMirror","Sundial","Molten Egg 2","Juzu Bracelet","Matryoshka","Oddly Smooth Stone","OrangePellets","CeramicFish","SlaversCollar","Ancient Tea Set","Pear","Old Coin","Toy Ornithopter","Akabeko","Frozen Egg 2","Lantern","Smiling Mask","Bottled Flame","Mango","StoneCalendar","Ice Cream","CaptainsWheel"],"acts_visited":["Exordium","TheCity","TheBeyond","TheEnding"],"potions_floor_usage":[50],"damage_taken":[{"damage":0,"enemies":"Cultist","floor":1,"turns":1},{"damage":0,"enemies":"Jaw Worm","floor":2,"turns":1},{"damage":0,"enemies":"Small Slimes","floor":4,"turns":1},{"damage":6,"enemies":"2 Fungi Beasts","floor":5,"turns":2},{"damage":14,"enemies":"3 Sentries","floor":6,"turns":4},{"damage":6,"enemies":"3 Louse","floor":8,"turns":2},{"damage":23,"enemies":"Gremlin Nob","floor":13,"turns":4},{"damage":35,"enemies":"Slime Boss","floor":16,"turns":9},{"damage":9,"enemies":"Spheric Guardian","floor":18,"turns":4},{"damage":1,"enemies":"Shell Parasite","floor":22,"turns":6},{"damage":9,"enemies":"Snake Plant","floor":23,"turns":4},{"damage":31,"enemies":"Gremlin Leader","floor":24,"turns":5},{"damage":35,"enemies":"Slavers","floor":27,"turns":4},{"damage":32,"enemies":"Collector","floor":33,"turns":5},{"damage":10,"enemies":"3 Shapes","floor":35,"turns":4},{"damage":32,"enemies":"3 Darklings","floor":37,"turns":3},{"damage":93,"enemies":"Sphere and 2 Shapes","floor":39,"turns":4},{"damage":1,"enemies":"Giant Head","floor":41,"turns":6},{"damage":1,"enemies":"Spire Growth","floor":42,"turns":5},{"damage":44,"enemies":"2 Orb Walkers","floor":45,"turns":3},{"damage":54,"enemies":"Transient","floor":46,"turns":5},{"damage":22,"enemies":"Reptomancer","floor":48,"turns":3},{"damage":46,"enemies":"Donu and Deca","floor":50,"turns":4},{"damage":41,"enemies":"Shield and Spear","floor":54,"turns":3},{"damage":26,"enemies":"The Heart","floor":55,"turns":6}],"seed_played":"766039369463746266","potions_obtained":[{"floor":4,"key":"Dexterity Potion"},{"floor":6,"key":"LiquidBronze"},{"floor":8,"key":"SmokeBomb"}],"is_trial":false,"path_per_floor":["M","M","$","M","M","E","$","M","T","?","$","?","E","$","R","B",null,"M","$","?","?","M","M","E","$","T","E","R","$","R","?","R","B",null,"M","?","M","$","M","R","E","M","T","$","?","M","R","E","R","B",null,"R","$","E","B",null],"character_chosen":"DEFECT","items_purchased":["Pocketwatch","Question Card","Orrery","Chemical X","Art of War","Peace Pipe","Blizzard","ClockworkSouvenir","Eternal Feather","Incense Burner","Sling","Torii","Bird Faced Urn","PotionOfCapacity","TheAbacus","Omamori","Unceasing Top","FairyPotion","Defragment","DollysMirror","Sundial","Molten Egg 2","Panache","Oddly Smooth Stone","OrangePellets","CeramicFish","Ancient Tea Set","Pear","Lantern","Mango","StoneCalendar","Loop+1"],"campfire_rested":0,"item_purchase_floors":[3,3,3,7,7,7,7,11,11,11,14,14,14,14,19,19,19,19,25,25,25,25,25,29,29,29,38,38,44,53,53,53],"current_hp_per_floor":[75,75,75,75,69,55,55,75,75,60,60,65,42,42,48,71,80,73,73,73,73,80,73,80,80,80,80,80,80,80,80,80,60,80,77,77,63,73,50,62,90,90,90,90,66,90,90,72,84,67,90,90,104,83,103],"gold":3681,"neow_bonus":"THREE_ENEMY_KILL","is_daily":false,"chose_seed":false,"campfire_upgraded":6,"win_rate":0.0,"timestamp":1613449624,"path_taken":["M","M","$","?","M","E","?","M","T","?","?","?","E","$","R","BOSS","M","$","?","?","M","M","E","$","T","E","R","$","R","?","R","BOSS","M","?","M","$","M","R","E","M","T","?","?","M","R","E","R","BOSS","R","$","E","BOSS"],"items_purchased_type":["Relic","Relic","Relic","Relic","Relic","Relic","Card","Relic","Relic","Relic","Relic","Relic","Relic","Potion","Relic","Relic","Relic","Potion","Card","Relic","Relic","Relic","Card","Relic","Relic","Relic","Relic","Relic","Relic","Relic","Relic","Card"],"build_version":"2020-12-22","purchased_purges":8,"victory":true,"max_hp_per_floor":[75,75,75,75,75,75,75,75,75,75,75,80,80,80,80,80,80,80,80,80,80,80,80,80,80,80,80,80,80,80,80,80,80,80,80,80,80,90,90,90,90,90,90,90,90,90,90,90,90,90,90,90,104,104,104],"card_choices":[{"not_picked":["Ball Lightning","Beam Cell","Stack"],"picked":"SKIP","floor":1},{"not_picked":["Steam","Scrape","Aggregate"],"picked":"SKIP","floor":2},{"not_picked":["Leap","Steam","Stack"],"picked":"Conserve Battery","floor":3},{"not_picked":["Rebound","Meteor Strike","Coolheaded"],"picked":"Electrodynamics","floor":3},{"not_picked":["Tempest","Hologram","Cold Snap"],"picked":"Reboot","floor":3},{"not_picked":["Sweeping Beam","Stack","Ball Lightning","Melter"],"picked":"SKIP","floor":4},{"not_picked":["Fusion","Aggregate","Self Repair"],"picked":"Coolheaded","floor":5},{"not_picked":["Beam Cell","FTL","Lockon"],"picked":"Double Energy","floor":6},{"not_picked":["Chill","Darkness","Rebound","Gash"],"picked":"SKIP","floor":8},{"not_picked":["Hologram","Rainbow","Beam Cell"],"picked":"Glacier","floor":13},{"not_picked":["Amplify","Electrodynamics","Rainbow"],"picked":"Echo Form","floor":16},{"not_picked":["Barrage","Doom and Gloom","Hologram"],"picked":"Coolheaded","floor":18},{"not_picked":["Aggregate","Sweeping Beam+1","Ball Lightning","Chaos"],"picked":"SKIP","floor":22},{"not_picked":["Capacitor","Steam","Compile Driver"],"picked":"Loop+1","floor":23},{"not_picked":["Recycle","Rebound","Force Field"],"picked":"Reboot","floor":24},{"not_picked":["Chaos","Redo","Hyperbeam+1"],"picked":"Capacitor","floor":27},{"not_picked":["Rainbow","Buffer","Biased Cognition"],"picked":"Creative AI","floor":33},{"not_picked":["Gash+1","Beam Cell+1","Streamline+1","Melter+1"],"picked":"SKIP","floor":35},{"not_picked":["Turbo","Rebound+1","Hello World","Leap+1"],"picked":"SKIP","floor":35},{"not_picked":["Ball Lightning+1","All For One+1","BootSequence+1"],"picked":"Capacitor","floor":37},{"not_picked":["BootSequence+1","Scrape+1","Beam Cell+1","Stack"],"picked":"SKIP","floor":37},{"not_picked":["Redo+1","Heatsinks","Conserve Battery"],"picked":"Capacitor+1","floor":39},{"not_picked":["Cold Snap+1","Streamline+1","Self Repair","Hologram+1"],"picked":"SKIP","floor":39},{"not_picked":["Coolheaded+1","Undo+1","Meteor Strike+1","Scrape+1"],"picked":"SKIP","floor":41},{"not_picked":["Recycle+1","Hologram+1","Sweeping Beam+1"],"picked":"Redo+1","floor":42},{"not_picked":["Double Energy","Coolheaded+1","Ball Lightning+1","Leap+1"],"picked":"SKIP","floor":42},{"not_picked":["Beam Cell+1","Rebound+1","Tempest+1"],"picked":"Storm+1","floor":45},{"not_picked":["Steam+1","Stack","Blizzard+1","Redo+1"],"picked":"SKIP","floor":46},{"not_picked":["Conserve Battery","Beam Cell+1","Leap+1","Melter+1"],"picked":"SKIP","floor":46},{"not_picked":["Steam+1","Turbo","Heatsinks+1","Streamline+1"],"picked":"SKIP","floor":48},{"not_picked":["Coolheaded","Conserve Battery+1","Hologram","Genetic Algorithm"],"picked":"SKIP","floor":54}],"player_experience":36520,"relics_obtained":[{"floor":6,"key":"Meat on the Bone"},{"floor":9,"key":"War Paint"},{"floor":13,"key":"PreservedInsect"},{"floor":24,"key":"Bronze Scales"},{"floor":24,"key":"Prayer Wheel"},{"floor":27,"key":"Juzu Bracelet"},{"floor":27,"key":"Matryoshka"},{"floor":41,"key":"Old Coin"},{"floor":41,"key":"Toy Ornithopter"},{"floor":43,"key":"Akabeko"},{"floor":43,"key":"Frozen Egg 2"},{"floor":48,"key":"Smiling Mask"},{"floor":48,"key":"Bottled Flame"},{"floor":54,"key":"Ice Cream"},{"floor":54,"key":"CaptainsWheel"}],"event_choices":[{"damage_healed":0,"gold_gain":0,"player_choice":"Entered Light","damage_taken":15,"max_hp_gain":0,"max_hp_loss":0,"event_name":"Shining Light","floor":10,"gold_loss":0,"cards_upgraded":["Strike_B","Zap"]},{"damage_healed":0,"gold_gain":0,"player_choice":"Donut","damage_taken":0,"max_hp_gain":5,"max_hp_loss":0,"event_name":"Big Fish","floor":12,"gold_loss":0},{"damage_healed":0,"gold_gain":0,"player_choice":"Ignored","damage_taken":0,"max_hp_gain":0,"max_hp_loss":0,"event_name":"Ghosts","floor":20,"gold_loss":0},{"damage_healed":0,"gold_gain":0,"player_choice":"Read","damage_taken":0,"max_hp_gain":0,"max_hp_loss":0,"event_name":"The Library","floor":21,"gold_loss":0,"cards_obtained":["Capacitor"]},{"cards_removed":["Defend_B"],"damage_healed":0,"gold_gain":0,"player_choice":"Offered Basic","damage_taken":0,"max_hp_gain":0,"max_hp_loss":0,"event_name":"Bonfire Elementals","floor":31,"gold_loss":0},{"damage_healed":0,"gold_gain":0,"player_choice":"Upgraded","damage_taken":0,"max_hp_gain":0,"max_hp_loss":0,"event_name":"Upgrade Shrine","floor":36,"gold_loss":0,"cards_upgraded":["Capacitor"]},{"damage_healed":0,"gold_gain":0,"player_choice":"Fight","damage_taken":0,"max_hp_gain":0,"max_hp_loss":0,"event_name":"Mysterious Sphere","floor":45,"gold_loss":0}],"is_beta":false,"boss_relics":[{"not_picked":["Astrolabe","Fusion Hammer"],"picked":"Black Star"},{"not_picked":["Velvet Choker","Calling Bell"],"picked":"SlaversCollar"}],"items_purged_floors":[3,7,11,14,19,25,29,44],"is_endless":false,"potions_floor_spawned":[4,6,8,16,18,22,23,41,45,46,48],"ascension_level":3}}