{"host":"i9z6y8pcdeu2qxnx","time":1613495119,"event":{"mods":["BaseMod","Colored Map","Googly Eyes","Highlight Path","Minty Spire (QoL Compilation)","Replay The Spire","StSLib"],"gold_per_floor":[110,20,20,35,48,77,93,120,120,28,57,71,89,89,89,121,121,220,220,235,235,262,99,113,113,124,135,135,164,164,164,164,184,184,283,283,300,300,300,70,165,190,204,231,231,243,243,272,292,309,309,309],"floor_reached":53,"language":"ENG","playtime":4112,"items_purged":[],"score":967,"play_id":"ec6bf26b-0ee9-41d9-a195-fff3b7390104","local_time":"20210216120519","daily_mods":["SealedDeck","Green Cards","DeadlyEvents"],"is_ascension_mode":false,"campfire_choices":[{"data":"ReplayTheSpireMod:Calculation Training","floor":17,"key":"SMITH"},{"data":"1","floor":25,"key":"LIFT"},{"data":"2","floor":30,"key":"LIFT"},{"floor":32,"key":"REST"},{"data":"3","floor":34,"key":"LIFT"},{"floor":47,"key":"REST"},{"data":"Adrenaline","floor":51,"key":"SMITH"}],"circlet_count":0,"master_deck":["Go for the Eyes","Stack","Flying Knee","Rebound","Self Repair","Go for the Eyes","Leap","Beam Cell","Turbo","ReplayTheSpireMod:Calculation Training+1","Streamline","Conserve Battery","Aggregate","Quick Slash","Beam Cell","Expertise","Conserve Battery","Cold Snap","Rip and Tear","Streamline","Cold Snap","Backstab","Toxin Wave","Creative AI+1","Rebound","Flash of Steel","Skim","Defragment","Double Energy","Compile Driver","Dodge and Roll","Adrenaline+1","AbeCurse","Rebound","Replay:BasicMightCard","Panacea","Apotheosis","Conserve Battery","ReplayTheSpireMod:Splinters","Bane+1","Quick Slash","Streamline+1","Choke","Blur+1","Dodge and Roll+1","Leap+1","Aggregate","Hidden Blade"],"relics":["Cracked Core","Anchor","Bag of Preparation","Replay:Bottled Steam","Pondfish Scales","Pen Nib","Busted Crown","Girya","Replay:Ringing Soul","Boot","Abe\u0027s Treasure","Replay:Mystery Machine","MealTicket","StrikeDummy","Replay:Towering Pillar of Hats"],"acts_visited":["Exordium","TheCity","TheBeyond"],"potions_floor_usage":[6,18,22,26,37,42,46,52],"damage_taken":[{"damage":0,"enemies":"Jaw Worm","floor":1,"turns":3},{"damage":0,"enemies":"Cultist","floor":4,"turns":3},{"damage":0,"enemies":"Small Slimes","floor":5,"turns":3},{"damage":6,"enemies":"Lagavulin","floor":6,"turns":4},{"damage":0,"enemies":"3 Louse","floor":7,"turns":3},{"damage":0,"enemies":"Gremlin Nob","floor":8,"turns":3},{"damage":6,"enemies":"3 Sentries","floor":11,"turns":6},{"damage":0,"enemies":"2 Fungi Beasts","floor":12,"turns":2},{"damage":0,"enemies":"Blue Slaver","floor":13,"turns":1},{"damage":0,"enemies":"Replay:BlueRogue","floor":16,"turns":2},{"damage":0,"enemies":"Fading Forest","floor":18,"turns":11},{"damage":0,"enemies":"2 Thieves","floor":20,"turns":2},{"damage":6,"enemies":"Slavers","floor":22,"turns":5},{"damage":0,"enemies":"Shell Parasite","floor":24,"turns":3},{"damage":0,"enemies":"Snake Plant","floor":26,"turns":4},{"damage":3,"enemies":"Centurion and Healer","floor":27,"turns":3},{"damage":14,"enemies":"Book of Stabbing","floor":29,"turns":3},{"damage":0,"enemies":"Snecko","floor":33,"turns":3},{"damage":8,"enemies":"Champ","floor":35,"turns":9},{"damage":3,"enemies":"3 Darklings","floor":37,"turns":3},{"damage":2,"enemies":"Giant Head","floor":42,"turns":5},{"damage":0,"enemies":"Orb Walker","floor":43,"turns":2},{"damage":38,"enemies":"Reptomancer","floor":44,"turns":7},{"damage":22,"enemies":"Spire Growth","floor":46,"turns":3},{"damage":5,"enemies":"Giant Head","floor":48,"turns":6},{"damage":0,"enemies":"Jaw Worm Horde","floor":49,"turns":4},{"damage":0,"enemies":"3 Darklings","floor":50,"turns":6},{"damage":28,"enemies":"Time Eater","floor":52,"turns":9}],"seed_played":"1923752496276395425","potions_obtained":[{"floor":4,"key":"BlessingOfTheForge"},{"floor":5,"key":"Toxic Potion"},{"floor":8,"key":"Elixir"},{"floor":11,"key":"SpeedPotion"},{"floor":13,"key":"Reflective Coating"},{"floor":22,"key":"Languid Potion"},{"floor":24,"key":"Fire Potion"},{"floor":29,"key":"Explosive Potion"},{"floor":35,"key":"AttackPotion"},{"floor":42,"key":"FocusPotion"},{"floor":44,"key":"Adrenaline Potion"},{"floor":50,"key":"Explosive Potion"}],"is_trial":true,"path_per_floor":["M","$","?","M","M","E","M","E","T","$","E","M","M","PTL","PTL","E","R","B",null,"M","?","E","$","M","R","M","M","T","E","R","?","R","M","R","B",null,"M","?","?","$","?","E","M","E","T","M","R","E","M","M","R","B",null],"character_chosen":"DEFECT","items_purchased":["Streamline","Conserve Battery","Cold Snap","Rip and Tear","Flash of Steel","Skim","Apotheosis","Conserve Battery"],"campfire_rested":2,"item_purchase_floors":[2,2,10,10,23,23,40,40],"current_hp_per_floor":[75,75,75,75,75,75,75,75,75,75,75,75,75,75,75,75,75,75,75,75,75,75,75,75,75,75,72,72,61,61,46,70,73,73,75,92,92,92,90,93,96,104,107,82,82,63,97,99,102,112,112,94],"gold":309,"neow_bonus":"","is_daily":false,"chose_seed":false,"campfire_upgraded":2,"win_rate":0.0,"timestamp":1613495119,"path_taken":["M","?","?","M","M","E","M","E","T","$","?","?","M","PTL","PTL","?","R","BOSS","M","?","?","?","?","R","M","?","T","?","R","?","R","M","R","BOSS","M","?","?","$","?","E","M","E","T","M","R","E","?","M","R","BOSS"],"items_purchased_type":["Card","Card","Card","Card","Card","Card","Card","Card"],"build_version":"2020-12-22","purchased_purges":0,"victory":true,"max_hp_per_floor":[75,75,75,75,75,75,75,75,75,75,75,75,75,75,75,75,75,75,75,75,75,75,75,75,75,75,75,75,78,78,83,83,86,86,89,92,95,95,98,101,104,107,110,113,113,116,116,116,119,122,122,122],"card_choices":[{"not_picked":["Darkness","Terror"],"picked":"ReplayTheSpireMod:Calculation Training","floor":1},{"not_picked":["Bouncing Flask","PiercingWail"],"picked":"Aggregate","floor":4},{"not_picked":["Deflect","Recycle"],"picked":"Quick Slash","floor":5},{"not_picked":["Flechettes","Phantasmal Killer"],"picked":"Beam Cell","floor":6},{"not_picked":["Recycle","Dagger Throw"],"picked":"Expertise","floor":7},{"not_picked":["Beam Cell","Distraction"],"picked":"Conserve Battery","floor":8},{"not_picked":["Cloak And Dagger","Compile Driver"],"picked":"Streamline","floor":11},{"not_picked":["ReplayTheSpireMod:System Scan","ReplayTheSpireMod:The Works"],"picked":"Cold Snap","floor":12},{"not_picked":["Setup","Conserve Battery"],"picked":"Backstab","floor":13},{"not_picked":["Panic Button","Turbo"],"picked":"Toxin Wave","floor":16},{"not_picked":["Burst","Replay:Bag of Tricks"],"picked":"Creative AI","floor":18},{"not_picked":["Accuracy"],"picked":"SKIP","floor":20},{"not_picked":[],"picked":"Rebound","floor":22},{"not_picked":[],"picked":"Defragment","floor":24},{"not_picked":[],"picked":"Double Energy","floor":26},{"not_picked":["Cold Snap"],"picked":"SKIP","floor":27},{"not_picked":[],"picked":"Compile Driver","floor":29},{"not_picked":[],"picked":"Dodge and Roll","floor":33},{"not_picked":[],"picked":"Adrenaline","floor":35},{"not_picked":[],"picked":"Rebound","floor":37},{"not_picked":[],"picked":"Replay:BasicMightCard","floor":39},{"not_picked":[],"picked":"Panacea","floor":39},{"not_picked":[],"picked":"Bane+1","floor":41},{"not_picked":[],"picked":"Quick Slash","floor":41},{"not_picked":[],"picked":"Streamline+1","floor":41},{"not_picked":[],"picked":"Choke","floor":42},{"not_picked":[],"picked":"Blur+1","floor":43},{"not_picked":[],"picked":"Dodge and Roll+1","floor":44},{"not_picked":[],"picked":"Leap+1","floor":46},{"not_picked":["Dagger Throw+1"],"picked":"SKIP","floor":48},{"not_picked":[],"picked":"Aggregate","floor":49},{"not_picked":[],"picked":"Hidden Blade","floor":50}],"player_experience":1012413,"relics_obtained":[{"floor":6,"key":"Anchor"},{"floor":8,"key":"Bag of Preparation"},{"floor":9,"key":"Replay:Bottled Steam"},{"floor":11,"key":"Pondfish Scales"},{"floor":16,"key":"Pen Nib"},{"floor":22,"key":"Girya"},{"floor":28,"key":"Replay:Ringing Soul"},{"floor":29,"key":"Boot"},{"floor":42,"key":"Replay:Mystery Machine"},{"floor":44,"key":"MealTicket"},{"floor":45,"key":"StrikeDummy"},{"floor":48,"key":"Replay:Towering Pillar of Hats"}],"event_choices":[{"cards_removed":["ReplayTheSpireMod:Tripwire"],"damage_healed":0,"gold_gain":0,"player_choice":"Offered Uncommon","damage_taken":0,"max_hp_gain":0,"max_hp_loss":0,"event_name":"Bonfire Elementals","floor":3,"gold_loss":0},{"damage_healed":0,"gold_gain":0,"player_choice":"Upgraded","damage_taken":0,"max_hp_gain":0,"max_hp_loss":0,"event_name":"Upgrade Shrine","floor":21,"gold_loss":0,"cards_upgraded":["Creative AI"]},{"damage_healed":0,"gold_gain":0,"player_choice":"Shed Blood","damage_taken":20,"max_hp_gain":5,"max_hp_loss":0,"event_name":"Forgotten Altar","floor":31,"gold_loss":0},{"damage_healed":0,"gold_gain":0,"player_choice":"Ignored","damage_taken":0,"max_hp_gain":0,"max_hp_loss":0,"event_name":"Tomb of Lord Red Mask","floor":38,"gold_loss":0},{"damage_healed":0,"gold_gain":0,"player_choice":"Memory 2","damage_taken":5,"max_hp_gain":0,"max_hp_loss":0,"event_name":"SensoryStone","floor":39,"gold_loss":0}],"is_beta":false,"boss_relics":[{"not_picked":["Painkiller Herb","Snecko Heart"],"picked":"Busted Crown"},{"not_picked":["Replay:Wanted Poster","Astrolabe"],"picked":"Abe\u0027s Treasure"}],"items_purged_floors":[],"is_endless":false,"potions_floor_spawned":[4,5,8,11,13,22,24,29,35,42,44,50],"ascension_level":0}}