{"host":"wqsqub3crsxqknzv","time":1613461300,"event":{"mods":["BaseMod","Colored Powertips","Lobotomy","LobotomyExtend","Minty Spire (QoL Compilation)","StSLib"],"gold_per_floor":[211,286,436,12,25,54,54,66,141,141,174,12,12,32,32,106,106,106,106,6,26,44,44,72,72,72,86,86,86,103,116,116,195,195,212,212,225,236,253,278,298,308,334,334,60,77,95,95,95,95,95],"floor_reached":52,"playtime":2337,"items_purged":["Doubt","SpecialBullet"],"score":2028,"play_id":"1a8cab7e-ca44-4d04-971b-f6f7710979cd","local_time":"20210216094140","is_ascension_mode":true,"campfire_choices":[],"circlet_count":0,"master_deck":["BlueStar","CENSORED","BigBird","SpecialBullet","SpecialBullet","SpecialBullet","SpecialBullet","SpecialBullet","SpecialBullet","SpecialBullet","SecurityCode","TrainingCode","InformationCode","GreenStem+1","Lamp+26","OSAHOGD","Diffraction","Twilight","Logging","Moonlight","PunishingBird","Pinks","WristCuter+1","RecordCode","ShedSkin"],"relics":["CogitoBucket","RabbitCall","LetterFromLob","Bottled Tornado","Vajra","Question Card","Whetstone","Strawberry","TreeSap","Cursed Key","LaetitiaHeart","FaceOfCleric","Pantograph","Pear","AdjustmentMirror","MutagenicStrength","Lamp_r","Calling Bell","Nunchaku","Eternal Feather","TungstenRod","AtMidnight","CENSORED_r","Bronze Scales","Boot","Bottled Flame","SoundOfStar_r"],"acts_visited":["Exordium","TheCity","TheBeyond"],"potions_floor_usage":[6,11],"damage_taken":[{"damage":8,"enemies":"2 Louse","floor":1,"turns":2},{"damage":26,"enemies":"Small Slimes","floor":5,"turns":3},{"damage":8,"enemies":"Gremlin Nob","floor":6,"turns":3},{"damage":12,"enemies":"Jaw Worm","floor":8,"turns":2},{"damage":40,"enemies":"3 Sentries","floor":11,"turns":6},{"damage":44,"enemies":"Exordium Thugs","floor":14,"turns":5},{"damage":15,"enemies":"Hexaghost","floor":16,"turns":4},{"damage":24,"enemies":"3 Byrds","floor":21,"turns":4},{"damage":25,"enemies":"2 Thieves","floor":22,"turns":3},{"damage":38,"enemies":"Book of Stabbing","floor":24,"turns":3},{"damage":34,"enemies":"Shelled Parasite and Fungi","floor":27,"turns":4},{"damage":0,"enemies":"3 Cultists","floor":30,"turns":3},{"damage":24,"enemies":"Centurion and Healer","floor":31,"turns":5},{"damage":87,"enemies":"Automaton","floor":33,"turns":9},{"damage":0,"enemies":"Orb Walker","floor":35,"turns":1},{"damage":0,"enemies":"3 Darklings","floor":37,"turns":3},{"damage":29,"enemies":"Transient","floor":38,"turns":6},{"damage":31,"enemies":"4 Shapes","floor":39,"turns":5},{"damage":24,"enemies":"Giant Head","floor":40,"turns":4},{"damage":21,"enemies":"3 Darklings","floor":41,"turns":3},{"damage":28,"enemies":"Sphere and 2 Shapes","floor":42,"turns":4},{"damage":4,"enemies":"Jaw Worm Horde","floor":46,"turns":4},{"damage":6,"enemies":"4 Shapes","floor":47,"turns":1},{"damage":85,"enemies":"Awakened One","floor":50,"turns":28},{"damage":48,"enemies":"Time Eater","floor":51,"turns":7},{"damage":30,"enemies":"Malkuth","floor":52,"turns":8},{"damage":73,"enemies":"Yesod","floor":52,"turns":8}],"seed_played":"1716091870216141287","potions_obtained":[{"floor":5,"key":"SteroidPotion"},{"floor":8,"key":"Regen Potion"},{"floor":16,"key":"AttackPotion"},{"floor":21,"key":"Weak Potion"},{"floor":31,"key":"PowerPotion"},{"floor":39,"key":"DuplicationPotion"},{"floor":42,"key":"Energy Potion"}],"is_trial":false,"path_per_floor":["M","?","?","$","M","E","R","M","T","?","E","$","R","M","R","B",null,"M","?","$","M","M","R","E","R","T","M","?","R","M","M","R","B",null,"M","?","M","M","M","E","M","M","T","R","$","M","M","$","R","B","B",null],"character_chosen":"Angela","items_purchased":["Lamp","Bottled Tornado","Strawberry","Bottled Flame"],"campfire_rested":0,"item_purchase_floors":[4,4,12,45],"current_hp_per_floor":[63,52,52,52,34,37,37,43,43,43,35,42,42,10,10,39,70,77,77,77,78,77,79,67,77,90,65,75,85,89,90,90,47,86,100,100,101,101,103,104,109,110,110,110,110,111,112,112,224,225,224],"gold":95,"neow_bonus":"HUNDRED_GOLD","is_daily":false,"chose_seed":false,"campfire_upgraded":0,"win_rate":0.0,"timestamp":1613461300,"path_taken":["M","?","?","$","M","E","R","M","T","?","E","?","R","?","R","BOSS","M","?","$","M","M","R","E","R","T","?","?","R","M","M","R","BOSS","M","?","M","M","?","E","M","M","T","R","?","M","M","$","R","BOSS","BOSS"],"items_purchased_type":["Card","Relic","Relic","Relic"],"build_version":"2020-11-29","purchased_purges":2,"victory":true,"max_hp_per_floor":[70,70,70,70,70,70,70,70,70,70,70,77,77,77,77,77,77,77,77,77,78,79,79,80,80,90,91,91,91,89,90,90,95,95,100,100,101,102,103,104,109,110,110,110,110,111,112,112,224,225,226],"card_choices":[{"not_picked":["Wingbeat"],"picked":"GreenStem","floor":1},{"not_picked":["CrimsonScar","Beak"],"picked":"SKIP","floor":5},{"not_picked":["Spore","Noise"],"picked":"SKIP","floor":6},{"not_picked":["BloodyDesire","Wingbeat"],"picked":"SKIP","floor":8},{"not_picked":["BlueScar","Pleasure","FourthMatchFlame"],"picked":"SKIP","floor":11},{"not_picked":["Scorched","UniverseFragment"],"picked":"OSAHOGD","floor":14},{"not_picked":["SomewhereSpear","InTheNameOfLoveAndHate"],"picked":"Diffraction","floor":14},{"not_picked":["BeautyBeast","BlackSwan"],"picked":"BigBird","floor":16},{"not_picked":["DaCapo","GoldRush"],"picked":"Twilight","floor":16},{"not_picked":["TodaysExpression","Penitence","Lantern"],"picked":"SKIP","floor":21},{"not_picked":["UniverseFragment","SnowQueen"],"picked":"MeltingLove","floor":22},{"not_picked":["SomewhereSpear","Penitence"],"picked":"Logging","floor":22},{"not_picked":["Loneliness","Tough","ParadiseLost"],"picked":"SKIP","floor":24},{"not_picked":["Spore","Beak"],"picked":"Moonlight","floor":27},{"not_picked":["FourthMatchFlame","Reverberation","Harmony"],"picked":"SKIP","floor":30},{"not_picked":["Hypocrisy","Reverberation","CUTE"],"picked":"SKIP","floor":31},{"not_picked":["Scorched","MHz"],"picked":"PunishingBird","floor":33},{"not_picked":["DaCapo","Justitia"],"picked":"Pinks","floor":33},{"not_picked":["Scorched","HeroicMonk"],"picked":"CENSORED","floor":35},{"not_picked":["ParadiseLost","Harvest","Lantern+1"],"picked":"SKIP","floor":35},{"not_picked":["FourthMatchFlame","Penitence"],"picked":"WristCuter+1","floor":37},{"not_picked":["Tough+1","Noise+1","ScreamingWedge"],"picked":"SKIP","floor":38},{"not_picked":["Lantern+1","Penitence","Laetitia_ego"],"picked":"SKIP","floor":39},{"not_picked":["Pleasure+1","CUTE","WristCuter"],"picked":"SKIP","floor":40},{"not_picked":["LittleHelper","Woodsman"],"picked":"BlueStar","floor":41},{"not_picked":["ScreamingWedge","TheSmile","Regret_ego+1"],"picked":"SKIP","floor":41},{"not_picked":["Penitence","Harvest","Regret_ego"],"picked":"SKIP","floor":42},{"not_picked":["BearPaw","TodaysExpression"],"picked":"ShedSkin","floor":46},{"not_picked":["CherryBlossom","Ecstasy","Spore+1"],"picked":"SKIP","floor":47}],"player_experience":29397,"relics_obtained":[{"floor":1,"key":"LetterFromLob"},{"floor":6,"key":"Vajra"},{"floor":9,"key":"Question Card"},{"floor":11,"key":"Whetstone"},{"floor":24,"key":"Pantograph"},{"floor":26,"key":"Pear"},{"floor":34,"key":"Nunchaku"},{"floor":34,"key":"Eternal Feather"},{"floor":34,"key":"TungstenRod"},{"floor":37,"key":"AtMidnight"},{"floor":40,"key":"Bronze Scales"},{"floor":43,"key":"Boot"}],"event_choices":[{"damage_healed":0,"gold_gain":75,"player_choice":"Gather Gold","damage_taken":11,"max_hp_gain":0,"max_hp_loss":0,"event_name":"World of Goop","floor":2,"gold_loss":0},{"damage_healed":0,"gold_gain":150,"player_choice":"AGREE","damage_taken":0,"max_hp_gain":0,"max_hp_loss":0,"event_name":"Liars Game","floor":3,"gold_loss":0,"cards_obtained":["Doubt"]},{"damage_healed":0,"gold_gain":0,"player_choice":"Grow","damage_taken":0,"max_hp_gain":0,"max_hp_loss":0,"event_name":"Living Wall","floor":10,"gold_loss":0,"cards_upgraded":["GreenStem"]},{"damage_healed":0,"gold_gain":0,"player_choice":"Trade","damage_taken":0,"relics_obtained":["FaceOfCleric"],"max_hp_gain":0,"max_hp_loss":0,"event_name":"FaceTrader","floor":19,"gold_loss":0},{"damage_healed":0,"gold_gain":0,"player_choice":"Inject Mutagens","damage_taken":0,"relics_obtained":["MutagenicStrength"],"max_hp_gain":0,"max_hp_loss":0,"event_name":"Drug Dealer","floor":28,"gold_loss":0},{"damage_healed":0,"gold_gain":0,"player_choice":"Full Heal","damage_taken":0,"max_hp_gain":0,"max_hp_loss":0,"event_name":"Wheel of Change","floor":36,"gold_loss":0}],"is_beta":false,"boss_relics":[{"not_picked":["Astrolabe","SacredBark"],"picked":"Cursed Key"},{"not_picked":["Empty Cage","Philosopher\u0027s Stone"],"picked":"Calling Bell"}],"items_purged_floors":[4,20],"is_endless":false,"potions_floor_spawned":[5,8,16,21,30,31,38,39,42,46],"ascension_level":20}}