{"host":"cw5mrddkw4tq3s8v","time":1613498911,"event":{"mods":["BaseMod","Block Reminder","Colored Map","Colored Powertips","DeckTracker","Highlight Path","Hubris","Infinite Spire","Minty Spire (QoL Compilation)","Permanent Neow","Quick Restart","Random Character Button","Relic Sorter","Relic Stats","Replay The Spire","StSLib","SuperFastMode","The Blue Laboratory","The Jungle"],"gold_per_floor":[110,120,136,149,160,191,205,205,205,225,240,240,271,284,284,284,284],"floor_reached":16,"language":"ENG","playtime":834,"items_purged":[],"score":118,"play_id":"d0d8516b-d98e-4e12-a03f-3b80919b69e6","local_time":"20210216200831","is_ascension_mode":false,"campfire_choices":[{"data":"Bash","floor":8,"key":"SMITH"},{"data":"Run Through","floor":12,"key":"SMITH"},{"data":"Carnage","floor":15,"key":"SMITH"}],"circlet_count":0,"master_deck":["Strike_R","Strike_R","Strike_R","Strike_R","Defend_R","Defend_R","Defend_R","Defend_R","Bash+1","Clothesline","Heavy Blade","hubris:CleavingFinish","Carnage+1","Run Through+1","Impervious","Headbutt","Flame Barrier","Heavy Blade"],"relics":["Burning Blood","Blue Doll","infinitespire:ShieldingShard","Another Sword"],"acts_visited":["Exordium"],"potions_floor_usage":[16,16],"damage_taken":[{"damage":1,"enemies":"Cultist","floor":1,"turns":3},{"damage":3,"enemies":"Jaw Worm","floor":2,"turns":3},{"damage":1,"enemies":"2 Louse","floor":3,"turns":2},{"damage":0,"enemies":"Large Slime","floor":4,"turns":5},{"damage":10,"enemies":"Looter","floor":5,"turns":3},{"damage":11,"enemies":"Gremlin Nob","floor":6,"turns":4},{"damage":2,"enemies":"2 Fungi Beasts","floor":7,"turns":3},{"damage":9,"enemies":"Blue Slaver","floor":10,"turns":3},{"damage":0,"enemies":"Large Slime","floor":11,"turns":4},{"damage":1,"enemies":"Replay:BlueRogue","floor":13,"turns":6},{"damage":14,"enemies":"Exordium Thugs","floor":14,"turns":4},{"damage":75,"enemies":"Hexaghost","floor":16,"turns":9}],"seed_played":"-796559454933344317","potions_obtained":[{"floor":2,"key":"Swift Potion"},{"floor":3,"key":"blueLaboratory:BottledHope"},{"floor":5,"key":"blueLaboratory:FrostheartPotion"},{"floor":6,"key":"Energy Potion"},{"floor":14,"key":"blueLaboratory:BottleOfRum"}],"is_trial":false,"path_per_floor":["M","M","M","M","M","E","M","R","T","M","M","R","E","M","R","B"],"character_chosen":"IRONCLAD","items_purchased":[],"campfire_rested":0,"item_purchase_floors":[],"current_hp_per_floor":[80,80,80,80,76,71,75,75,75,72,78,78,80,72,72,0,0],"gold":284,"neow_bonus":"REMOVE_CARD","is_daily":false,"chose_seed":false,"campfire_upgraded":3,"win_rate":0.0,"timestamp":1613498911,"path_taken":["M","M","M","M","M","E","M","R","T","M","M","R","E","M","R","BOSS"],"items_purchased_type":[],"build_version":"2020-12-13","purchased_purges":0,"victory":false,"max_hp_per_floor":[80,80,80,80,80,80,80,80,80,80,80,80,80,80,80,80,80],"relic_stats":{"counters":[12,49],"obtain_stats":[{"infinitespire:ShieldingShard":9,"Blue Doll":6,"Another Sword":13,"Burning Blood":0},{"infinitespire:ShieldingShard":7,"Blue Doll":6,"Another Sword":10,"Burning Blood":0},{"infinitespire:ShieldingShard":23,"Blue Doll":20,"Another Sword":36,"Burning Blood":0}],"Burning Blood":44},"card_choices":[{"not_picked":["Shockwave","Replay:Undeath\u0027s Touch"],"picked":"Clothesline","floor":1},{"not_picked":["Flex","Clash"],"picked":"Heavy Blade","floor":2},{"not_picked":["Combust","Perfected Strike"],"picked":"hubris:CleavingFinish","floor":3},{"not_picked":["Clothesline","Anger","Body Slam"],"picked":"SKIP","floor":4},{"not_picked":["Clothesline","Clash"],"picked":"Carnage","floor":5},{"not_picked":["Cleave","Seeing Red"],"picked":"Run Through","floor":6},{"not_picked":["Flex","Sentinel"],"picked":"Impervious","floor":7},{"not_picked":["Burning Pact","Thunderclap","Replay:Undeath\u0027s Touch"],"picked":"SKIP","floor":10},{"not_picked":["Iron Wave","Intimidate"],"picked":"Headbutt","floor":11},{"not_picked":["Sword Boomerang","Entrench"],"picked":"Flame Barrier","floor":13},{"not_picked":["Replay:Undeath\u0027s Touch","Shrug It Off"],"picked":"Heavy Blade","floor":14}],"player_experience":66222,"relics_obtained":[{"floor":6,"key":"Blue Doll"},{"floor":9,"key":"infinitespire:ShieldingShard"},{"floor":13,"key":"Another Sword"}],"event_choices":[],"is_beta":false,"boss_relics":[],"items_purged_floors":[],"is_endless":false,"potions_floor_spawned":[2,3,5,6,13,14],"killed_by":"Hexaghost","ascension_level":0}}