{"host":"0k7350af1t8odskw","time":1613505950,"event":{"mods":["AchievementEnabler","BaseMod","Better Vampires","BetterRewards","Colored Map","Downfall","Highlight Path","Hubris","Jorbs\u0027s Wanderer Trilogy","Lobotomy","Marisa£®ÏF”Í°°ƒß¿Ì…≥£©","Minty Spire (QoL Compilation)","Quick Restart","Replay The Spire","Shop Mod","StSLib","The Administrix","The Cursed","The Death Knight","The Runesmith","Youmu£®ªÍ∆«—˝√Œ£©"],"gold_per_floor":[112,89,164,339,354,354,370,370,420,420,437,447,447,447,447,548,548,564,582,594,509,509,509,528,528,528,528,528,555,567,592,604,711,723,748,760,788,231,244,244,244,244,244,244,259,287,287,297,297,297,297],"floor_reached":50,"language":"ZHS","playtime":1734,"items_purged":[],"score":807,"play_id":"53135f85-9b03-4da7-a6d8-7fe89b59f463","local_time":"20210216120550","is_ascension_mode":true,"campfire_choices":[{"data":"Catalyst","floor":6,"key":"SMITH"},{"data":"Noxious Fumes","floor":8,"key":"SMITH"},{"floor":10,"key":"REST"},{"data":"Corpse Explosion","floor":13,"key":"SMITH"},{"floor":15,"key":"REST"},{"data":"Atom Bomb","floor":23,"key":"SMITH"},{"data":"Toxin Wave","floor":25,"key":"SMITH"},{"data":"Deadly Poison","floor":27,"key":"SMITH"},{"data":"Poisoned Stab","floor":30,"key":"SMITH"},{"floor":32,"key":"REST"},{"floor":40,"key":"REST"},{"data":"Poison Darts","floor":44,"key":"SMITH"},{"floor":49,"key":"DIG"}],"circlet_count":0,"master_deck":["Strike_G","Strike_G+1","Strike_G","Strike_G","Strike_G+1","Defend_G","Defend_G","Defend_G","Defend_G","Defend_G+1","Survivor","Neutralize","Catalyst+1","Expertise","Prepared","Doubt","Bane","Noxious Fumes+1","Deadly Poison+1","Corpse Explosion+1","Atom Bomb+1","Outmaneuver","Poisoned Stab","Backflip+1","Metallicize","Toxin Wave+1","Poisoned Stab+1","Crippling Poison","Poison Darts+1","Backflip","Toxin Wave","Burst+1","Catalyst+1","PiercingWail+1","Flying Knee"],"relics":["Ring of the Snake","hubris:BottledRain","Bag of Marbles","Painkiller Herb","hubris:TinFlute","Letter Opener","hubris:Towel","MawBank","hubris:ScarierMask","hubris:MedicalManual","hubris:PeanutButter","Iron Hammer","Simple Rune","Bottled Flame"],"acts_visited":["Exordium","TheCity","TheBeyond"],"potions_floor_usage":[29,33,33,33,50],"damage_taken":[{"damage":1,"enemies":"Small Slimes","floor":1,"turns":4},{"damage":9,"enemies":"2 Louse","floor":5,"turns":2},{"damage":24,"enemies":"Cultist","floor":7,"turns":6},{"damage":6,"enemies":"2 Fungi Beasts","floor":11,"turns":4},{"damage":9,"enemies":"Blue Slaver","floor":12,"turns":3},{"damage":20,"enemies":"The Guardian","floor":16,"turns":7},{"damage":7,"enemies":"Shell Parasite","floor":18,"turns":4},{"damage":0,"enemies":"Spheric Guardian","floor":19,"turns":1},{"damage":0,"enemies":"3 Cultists","floor":20,"turns":2},{"damage":14,"enemies":"Centurion and Healer","floor":24,"turns":3},{"damage":16,"enemies":"Gremlin Leader","floor":29,"turns":3},{"damage":0,"enemies":"Snake Plant","floor":31,"turns":1},{"damage":50,"enemies":"Collector","floor":33,"turns":5},{"damage":9,"enemies":"Orb Walker","floor":35,"turns":3},{"damage":0,"enemies":"3 Darklings","floor":37,"turns":2},{"damage":44,"enemies":"Transient","floor":39,"turns":5},{"damage":0,"enemies":"Jaw Worm Horde","floor":45,"turns":3},{"damage":0,"enemies":"Giant Head","floor":46,"turns":5},{"damage":0,"enemies":"Sphere and 2 Shapes","floor":48,"turns":2},{"damage":39,"enemies":"Time Eater","floor":50,"turns":4}],"seed_played":"958033044406094833","potions_obtained":[{"floor":11,"key":"FearPotion"},{"floor":12,"key":"LiquidMemories"},{"floor":19,"key":"Weak Potion"},{"floor":29,"key":"Languid Potion"},{"floor":33,"key":"SmokeBomb"},{"floor":39,"key":"bronze:BurnAndBuffPotion"}],"is_trial":false,"path_per_floor":["M","$","?","?","M","R","M","R","T","R","M","M","R","?","R","B",null,"?","?","?","?","?","T","?","T","T","T","?","E","T","?","T","B",null,"?","?","?","T","?","T","?","T","T","T","?","E","?","?","T","B"],"character_chosen":"THE_SILENT","items_purchased":["Catalyst","hubris:BottledRain","Prepared","hubris:MedicalManual","hubris:PeanutButter"],"campfire_rested":4,"item_purchase_floors":[0,0,2,38,38],"current_hp_per_floor":[60,60,49,49,40,40,16,16,16,37,31,22,22,22,43,23,70,63,63,63,63,63,63,49,49,49,49,49,33,33,33,54,4,70,61,61,61,61,17,38,38,38,38,38,38,38,38,38,38,0,0],"gold":297,"neow_bonus":"","is_daily":false,"chose_seed":false,"campfire_upgraded":8,"win_rate":0.0,"timestamp":1613505950,"path_taken":["M","$","?","?","M","R","M","R","T","R","M","M","R","?","R","BOSS","?","?","?","?","?","T","?","T","T","T","?","E","T","?","T","BOSS","?","?","?","T","?","T","?","T","T","T","?","E","?","?","T","BOSS"],"items_purchased_type":["Card","Relic","Card","Relic","Relic"],"build_version":"2020-12-22","purchased_purges":0,"victory":false,"max_hp_per_floor":[70,70,70,70,70,70,70,70,70,70,70,70,70,70,70,70,70,70,70,70,70,70,70,70,70,70,70,70,70,70,70,70,70,70,70,70,70,70,70,70,70,70,70,70,70,70,70,70,70,70,70],"card_choices":[{"not_picked":["Footwork","Bane"],"picked":"Expertise","floor":1},{"not_picked":["Dodge and Roll","Cloak And Dagger"],"picked":"Bane","floor":5},{"not_picked":["Blade Dance","PiercingWail"],"picked":"Noxious Fumes","floor":7},{"not_picked":["Sucker Punch","Footwork"],"picked":"Deadly Poison","floor":11},{"not_picked":["Flying Knee","Dodge and Roll"],"picked":"Corpse Explosion","floor":12},{"not_picked":["Venomology","Die Die Die"],"picked":"Atom Bomb","floor":16},{"not_picked":["Finisher","hubris:SlightOfHand"],"picked":"Outmaneuver","floor":18},{"not_picked":["hubris:SlightOfHand","Endless Agony"],"picked":"Poisoned Stab","floor":19},{"not_picked":["Accuracy","Dagger Spray"],"picked":"Backflip+1","floor":20},{"not_picked":["Endless Agony+1","Replay:Poison Smokescreen"],"picked":"Toxin Wave","floor":24},{"not_picked":["Sucker Punch","ReplayTheSpireMod:Tripwire"],"picked":"Poisoned Stab","floor":29},{"not_picked":["Backflip","Slice"],"picked":"Crippling Poison","floor":31},{"not_picked":["Phantasmal Killer","After Image"],"picked":"Poison Darts","floor":33},{"not_picked":["Infinite Blades+1","Slice+1"],"picked":"Backflip","floor":35},{"not_picked":["Flying Knee","hubris:TrickCloak"],"picked":"Toxin Wave","floor":37},{"not_picked":["Deadly Poison","Dodge and Roll"],"picked":"Burst","floor":39},{"not_picked":["Poisoned Stab","Slice+1"],"picked":"Catalyst+1","floor":45},{"not_picked":["hubris:SlightOfHand","Blade Dance+1"],"picked":"PiercingWail+1","floor":46},{"not_picked":["Fluid Movement","Setup+1"],"picked":"Flying Knee","floor":48}],"player_experience":169217,"relics_obtained":[{"floor":9,"key":"Bag of Marbles"},{"floor":26,"key":"Letter Opener"},{"floor":29,"key":"MawBank"},{"floor":43,"key":"Iron Hammer"},{"floor":46,"key":"Simple Rune"},{"floor":49,"key":"Bottled Flame"}],"event_choices":[{"damage_healed":0,"gold_gain":75,"player_choice":"Gather Gold","damage_taken":11,"max_hp_gain":0,"max_hp_loss":0,"event_name":"World of Goop","floor":3,"gold_loss":0},{"damage_healed":0,"gold_gain":175,"player_choice":"AGREE","damage_taken":0,"max_hp_gain":0,"max_hp_loss":0,"event_name":"Liars Game","floor":4,"gold_loss":0,"cards_obtained":["Doubt"]},{"damage_healed":0,"gold_gain":0,"player_choice":"Obtained Relic","damage_taken":0,"relics_obtained":["hubris:TinFlute"],"max_hp_gain":0,"max_hp_loss":0,"event_name":"Addict","floor":21,"gold_loss":85},{"damage_healed":0,"gold_gain":0,"player_choice":"Read","damage_taken":0,"max_hp_gain":0,"max_hp_loss":0,"event_name":"The Library","floor":22,"gold_loss":0,"cards_obtained":["Metallicize"]},{"damage_healed":0,"gold_gain":0,"player_choice":"Upgraded","damage_taken":0,"max_hp_gain":0,"max_hp_loss":0,"event_name":"Upgrade Shrine","floor":41,"gold_loss":0,"cards_upgraded":["Burst"]}],"is_beta":false,"boss_relics":[{"not_picked":["Busted Crown","Fusion Hammer"],"picked":"Painkiller Herb"},{"not_picked":["hubris:TerracottaHorce","Tiny House"],"picked":"hubris:ScarierMask"}],"items_purged_floors":[],"is_endless":false,"potions_floor_spawned":[11,12,19,24,29,33,39],"killed_by":"Time Eater","ascension_level":3}}