{"host":"jq8d8epkoknfq6em","time":1613518063,"event":{"mods":["AchievementEnabler","BaseMod","Colored Map","Colored Powertips","Highlight Path","Minty Spire (QoL Compilation)","Quick Restart","Relic Stats","StSLib"],"gold_per_floor":[111,129,140,215,215,215,243,243,243,277,277,35,0,19,19,121,121,133,146,156,156,172,172,199,212,212,212,246,246,15,40,40,143,143,162,178,178,194,194,194,194,206,258,287,303,338,40,51,51,51],"floor_reached":51,"language":"ENG","playtime":4651,"items_purged":["Parasite","Strike_G"],"score":1118,"play_id":"2a872704-b38b-47e0-83c7-c88dbad3b4a5","local_time":"20210217002743","is_ascension_mode":true,"campfire_choices":[{"data":"Riddle With Holes","floor":6,"key":"SMITH"},{"data":"Envenom","floor":8,"key":"SMITH"},{"data":"Sadistic Nature","floor":15,"key":"SMITH"},{"data":"Trip","floor":23,"key":"SMITH"},{"floor":29,"key":"REST"},{"data":"Calculated Gamble","floor":32,"key":"SMITH"},{"floor":40,"key":"REST"},{"floor":49,"key":"REST"}],"circlet_count":0,"master_deck":["AscendersBane","Strike_G","Defend_G","Defend_G","Defend_G","Defend_G","Defend_G","Survivor","Neutralize","Trip+1","Cloak And Dagger","Riddle With Holes+1","Sucker Punch","Envenom+1","Dagger Spray","Sadistic Nature+1","Crippling Poison","Adrenaline+1","Slice","Blade Dance+1","Setup+1","Tools of the Trade","Cloak And Dagger","Calculated Gamble+1","Calculated Gamble+1","Storm of Steel","Leg Sweep","Cloak And Dagger","Expertise+1","Bouncing Flask+1","Dagger Spray","Dodge and Roll+1","PiercingWail+1","Adrenaline"],"relics":["Ring of the Snake","Eternal Feather","Matryoshka","Sundial","Empty Cage","Regal Pillow","Bronze Scales","Gremlin Horn","Art of War","Blood Vial","Ornamental Fan","Anchor","Red Mask","Fusion Hammer","Blue Candle","Bag of Marbles","MealTicket","Ice Cream"],"acts_visited":["Exordium","TheCity","TheBeyond"],"potions_floor_usage":[7,14,20,24,28,33,36,50,50],"damage_taken":[{"damage":1,"enemies":"Jaw Worm","floor":1,"turns":5},{"damage":0,"enemies":"Small Slimes","floor":2,"turns":3},{"damage":2,"enemies":"Cultist","floor":3,"turns":4},{"damage":22,"enemies":"3 Sentries","floor":7,"turns":9},{"damage":26,"enemies":"Gremlin Nob","floor":10,"turns":4},{"damage":14,"enemies":"Exordium Thugs","floor":14,"turns":4},{"damage":2,"enemies":"Slime Boss","floor":16,"turns":7},{"damage":0,"enemies":"Chosen","floor":18,"turns":2},{"damage":3,"enemies":"Shell Parasite","floor":19,"turns":3},{"damage":9,"enemies":"Snecko","floor":20,"turns":6},{"damage":13,"enemies":"Cultist and Chosen","floor":22,"turns":6},{"damage":17,"enemies":"Slavers","floor":24,"turns":4},{"damage":5,"enemies":"Chosen and Byrds","floor":25,"turns":4},{"damage":19,"enemies":"Book of Stabbing","floor":28,"turns":4},{"damage":12,"enemies":"Masked Bandits","floor":31,"turns":3},{"damage":30,"enemies":"Champ","floor":33,"turns":7},{"damage":0,"enemies":"Orb Walker","floor":35,"turns":3},{"damage":0,"enemies":"3 Shapes","floor":36,"turns":8},{"damage":10,"enemies":"3 Darklings","floor":38,"turns":5},{"damage":0,"enemies":"Transient","floor":42,"turns":5},{"damage":28,"enemies":"Nemesis","floor":44,"turns":7},{"damage":13,"enemies":"Sphere and 2 Shapes","floor":45,"turns":6},{"damage":6,"enemies":"Reptomancer","floor":46,"turns":4},{"damage":1,"enemies":"Spire Growth","floor":48,"turns":3},{"damage":30,"enemies":"Donu and Deca","floor":50,"turns":8}],"seed_played":"200896446919830252","potions_obtained":[{"floor":1,"key":"PowerPotion"},{"floor":10,"key":"Fruit Juice"},{"floor":14,"key":"Dexterity Potion"},{"floor":18,"key":"DistilledChaos"},{"floor":24,"key":"Strength Potion"},{"floor":31,"key":"LiquidMemories"},{"floor":35,"key":"BlessingOfTheForge"},{"floor":46,"key":"Block Potion"}],"is_trial":false,"path_per_floor":["M","M","M","?","?","R","E","R","T","E","?","$","?","M","R","B",null,"M","M","M","?","M","R","E","M","T","T","E","R","$","?","R","B",null,"M","M","?","M","T","R","?","M","T","E","M","E","$","M","R","B",null],"character_chosen":"THE_SILENT","items_purchased":["Sadistic Nature","Anchor","Calculated Gamble","Adrenaline","PowerPotion"],"campfire_rested":3,"item_purchase_floors":[12,30,30,47,47],"current_hp_per_floor":[62,62,60,49,54,54,32,41,41,15,33,33,51,42,54,52,71,71,68,59,59,46,58,41,36,36,36,19,72,72,62,77,47,70,72,74,74,66,66,77,77,77,77,49,38,34,49,50,77,47],"gold":51,"neow_bonus":"RANDOM_COLORLESS","is_daily":false,"chose_seed":false,"campfire_upgraded":5,"win_rate":0.0,"timestamp":1613518063,"path_taken":["M","M","M","?","?","R","E","R","T","E","?","?","?","M","R","BOSS","M","M","M","?","?","R","E","M","T","?","E","R","?","?","R","BOSS","M","M","?","?","?","R","?","?","T","E","M","E","$","M","R","BOSS"],"items_purchased_type":["Card","Relic","Card","Card","Potion"],"build_version":"2020-12-22","purchased_purges":2,"victory":true,"max_hp_per_floor":[70,70,70,70,75,75,75,75,75,75,75,72,72,77,77,77,77,77,77,77,77,77,77,77,77,77,77,77,77,77,77,77,77,77,77,77,77,77,77,77,77,77,77,77,77,77,77,77,77,77],"relic_stats":{"Regal Pillow":15,"Gremlin Horn":[13,13],"counters":[25,124],"Blue Candle":[0],"Eternal Feather":92,"Blood Vial":16,"Sundial":[10],"Ornamental Fan":[160],"Bronze Scales":[167],"MealTicket":15,"Art of War":[9],"obtain_stats":[{"Ice Cream":46,"Regal Pillow":24,"Gremlin Horn":26,"Blue Candle":39,"Eternal Feather":7,"Empty Cage":17,"Blood Vial":27,"Anchor":30,"Matryoshka":9,"Sundial":10,"Ornamental Fan":28,"Bronze Scales":26,"MealTicket":44,"Fusion Hammer":34,"Art of War":27,"Red Mask":31,"Bag of Marbles":43,"Ring of the Snake":0},{"Ice Cream":23,"Regal Pillow":12,"Gremlin Horn":13,"Blue Candle":19,"Eternal Feather":4,"Empty Cage":7,"Blood Vial":13,"Anchor":14,"Matryoshka":4,"Sundial":5,"Ornamental Fan":14,"Bronze Scales":13,"MealTicket":21,"Fusion Hammer":16,"Art of War":13,"Red Mask":15,"Bag of Marbles":20,"Ring of the Snake":0},{"Ice Cream":113,"Regal Pillow":57,"Gremlin Horn":61,"Blue Candle":91,"Eternal Feather":21,"Empty Cage":36,"Blood Vial":61,"Anchor":65,"Matryoshka":21,"Sundial":25,"Ornamental Fan":65,"Bronze Scales":61,"MealTicket":103,"Fusion Hammer":75,"Art of War":61,"Red Mask":68,"Bag of Marbles":96,"Ring of the Snake":0}],"Ring of the Snake":[50]},"card_choices":[{"not_picked":["Panacea","Bandage Up"],"picked":"Trip","floor":0},{"not_picked":["Bane","Backflip"],"picked":"Cloak And Dagger","floor":1},{"not_picked":["Underhanded Strike","Masterful Stab"],"picked":"Riddle With Holes","floor":2},{"not_picked":["Expertise","Poisoned Stab"],"picked":"Sucker Punch","floor":3},{"not_picked":["Bouncing Flask","Sucker Punch"],"picked":"Envenom","floor":7},{"not_picked":["Calculated Gamble","Riddle With Holes"],"picked":"Dagger Spray","floor":10},{"not_picked":["Backflip","Poisoned Stab"],"picked":"Crippling Poison","floor":14},{"not_picked":["Burst","Venomology"],"picked":"Adrenaline","floor":16},{"not_picked":["Outmaneuver","Dodge and Roll","Eviscerate+1"],"picked":"SKIP","floor":18},{"not_picked":["Deflect","Flying Knee","Sucker Punch"],"picked":"SKIP","floor":19},{"not_picked":["Tactician+1","Acrobatics+1"],"picked":"Slice","floor":20},{"not_picked":["Expertise","Cloak And Dagger"],"picked":"Blade Dance+1","floor":22},{"not_picked":["Predator","Sucker Punch"],"picked":"Setup+1","floor":24},{"not_picked":["Footwork","Backflip"],"picked":"Tools of the Trade","floor":25},{"not_picked":["Choke","Poisoned Stab"],"picked":"Cloak And Dagger","floor":28},{"not_picked":["Poisoned Stab","Backstab"],"picked":"Calculated Gamble","floor":31},{"not_picked":["Grand Finale","Unload"],"picked":"Storm of Steel","floor":33},{"not_picked":["Blade Dance","Tactician","Deflect+1"],"picked":"SKIP","floor":35},{"not_picked":["Sucker Punch+1","Setup"],"picked":"Leg Sweep","floor":36},{"not_picked":["Predator+1","Masterful Stab"],"picked":"Expertise+1","floor":38},{"not_picked":["Underhanded Strike","Tactician"],"picked":"Bouncing Flask+1","floor":42},{"not_picked":["Quick Slash","Masterful Stab+1"],"picked":"Dagger Spray","floor":44},{"not_picked":["Choke","Dagger Spray"],"picked":"Dodge and Roll+1","floor":45},{"not_picked":["Backflip+1","Acrobatics"],"picked":"PiercingWail+1","floor":46},{"not_picked":["Tactician","Deadly Poison+1","Catalyst+1"],"picked":"SKIP","floor":48}],"player_experience":1051506,"relics_obtained":[{"floor":7,"key":"Eternal Feather"},{"floor":9,"key":"Matryoshka"},{"floor":10,"key":"Sundial"},{"floor":24,"key":"Regal Pillow"},{"floor":26,"key":"Bronze Scales"},{"floor":26,"key":"Gremlin Horn"},{"floor":27,"key":"Art of War"},{"floor":27,"key":"Blood Vial"},{"floor":28,"key":"Ornamental Fan"},{"floor":31,"key":"Red Mask"},{"floor":39,"key":"Blue Candle"},{"floor":43,"key":"Bag of Marbles"},{"floor":44,"key":"MealTicket"},{"floor":46,"key":"Ice Cream"}],"event_choices":[{"damage_healed":0,"gold_gain":75,"player_choice":"Gather Gold","damage_taken":11,"max_hp_gain":0,"max_hp_loss":0,"event_name":"World of Goop","floor":4,"gold_loss":0},{"damage_healed":0,"gold_gain":0,"player_choice":"Donut","damage_taken":0,"max_hp_gain":5,"max_hp_loss":0,"event_name":"Big Fish","floor":5,"gold_loss":0},{"damage_healed":18,"gold_gain":0,"player_choice":"Healed and dodged fight","damage_taken":0,"max_hp_gain":0,"max_hp_loss":0,"event_name":"Mushrooms","floor":11,"gold_loss":0,"cards_obtained":["Parasite"]},{"damage_healed":18,"gold_gain":0,"player_choice":"Healed","damage_taken":0,"max_hp_gain":0,"max_hp_loss":0,"event_name":"The Cleric","floor":13,"gold_loss":35},{"damage_healed":0,"gold_gain":0,"player_choice":"Upgraded","damage_taken":0,"max_hp_gain":0,"max_hp_loss":0,"event_name":"Upgrade Shrine","floor":21,"gold_loss":0,"cards_upgraded":["Adrenaline"]},{"damage_healed":0,"gold_gain":0,"player_choice":"Fought Bandits","damage_taken":0,"max_hp_gain":0,"max_hp_loss":0,"event_name":"Masked Bandits","floor":31,"gold_loss":0},{"damage_healed":0,"gold_gain":0,"cards_transformed":["Strike_G"],"player_choice":"Transformed","damage_taken":0,"max_hp_gain":0,"max_hp_loss":0,"event_name":"Transmorgrifier","floor":37,"gold_loss":0,"cards_obtained":["Cloak And Dagger"]},{"damage_healed":0,"gold_gain":0,"player_choice":"Forge","damage_taken":0,"max_hp_gain":0,"max_hp_loss":0,"event_name":"Accursed Blacksmith","floor":41,"gold_loss":0,"cards_upgraded":["Calculated Gamble"]}],"is_beta":false,"boss_relics":[{"not_picked":["Astrolabe","Philosopher\u0027s Stone"],"picked":"Empty Cage"},{"not_picked":["WristBlade","SacredBark"],"picked":"Fusion Hammer"}],"items_purged_floors":[12,47],"is_endless":false,"potions_floor_spawned":[1,10,14,18,19,24,31,33,35,46,48],"ascension_level":11}}