{"host":"k5dhp0bkccqfauyu","time":1613445106,"event":{"mods":["BaseMod","Better Note","Better Skull","Better Vampires","Colored Map","Colored Powertips","DeckTracker","Minty Spire (QoL Compilation)","Permanent Neow","StSLib","SuperFastMode"],"gold_per_floor":[114,126,142,142,158,192,192,192,192],"floor_reached":8,"language":"ENG","playtime":157,"items_purged":[],"score":61,"play_id":"92b0b8f9-b607-4d03-857e-8c1e177d4619","local_time":"20210216141146","is_ascension_mode":true,"campfire_choices":[{"data":"Defragment","floor":7,"key":"SMITH"}],"circlet_count":0,"master_deck":["Strike_B","Strike_B","Strike_B","Strike_B","Defend_B","Defend_B","Defend_B","Defend_B","Zap","Dualcast","Defragment","Turbo","Doom and Gloom","Regret","Defragment+1"],"relics":["Cracked Core","NeowsBlessing","Omamori","InkBottle"],"acts_visited":[],"potions_floor_usage":[],"damage_taken":[{"damage":0,"enemies":"2 Louse","floor":1,"turns":1},{"damage":0,"enemies":"Jaw Worm","floor":2,"turns":1},{"damage":0,"enemies":"Cultist","floor":3,"turns":1},{"damage":14,"enemies":"3 Louse","floor":5,"turns":3},{"damage":22,"enemies":"Lagavulin","floor":6,"turns":6},{"damage":42,"enemies":"3 Sentries","floor":8,"turns":4}],"seed_played":"6372491213047645791","potions_obtained":[{"floor":2,"key":"SteroidPotion"}],"is_trial":false,"path_per_floor":["M","M","M","?","M","E","R","E"],"character_chosen":"DEFECT","items_purchased":[],"campfire_rested":0,"item_purchase_floors":[],"current_hp_per_floor":[75,75,75,75,61,39,39,0,0],"gold":192,"neow_bonus":"THREE_ENEMY_KILL","is_daily":false,"chose_seed":false,"campfire_upgraded":1,"win_rate":0.0,"timestamp":1613445106,"path_taken":["M","M","M","?","M","E","R","E"],"items_purchased_type":[],"build_version":"2020-12-22","purchased_purges":0,"victory":false,"max_hp_per_floor":[75,75,75,75,75,75,75,75,75],"card_choices":[{"not_picked":["Turbo","Hologram"],"picked":"Defragment","floor":1},{"not_picked":["Rebound","Chaos"],"picked":"Turbo","floor":2},{"not_picked":["Conserve Battery","Stack"],"picked":"Doom and Gloom","floor":3},{"not_picked":["Steam Power","Stack"],"picked":"Defragment","floor":5},{"not_picked":["Thunder Strike","Scrape","Beam Cell"],"picked":"SKIP","floor":6}],"player_experience":1872229,"relics_obtained":[{"floor":6,"key":"InkBottle"}],"event_choices":[{"damage_healed":0,"gold_gain":0,"player_choice":"Box","damage_taken":0,"relics_obtained":["Omamori"],"max_hp_gain":0,"max_hp_loss":0,"event_name":"Big Fish","floor":4,"gold_loss":0,"cards_obtained":["Regret"]}],"is_beta":false,"boss_relics":[],"items_purged_floors":[],"is_endless":false,"potions_floor_spawned":[2],"killed_by":"3 Sentries","ascension_level":1}}