{"host":"0k7350af1t8odskw","time":1613504211,"event":{"mods":["AchievementEnabler","BaseMod","Better Vampires","BetterRewards","Colored Map","Downfall","Highlight Path","Hubris","Jorbs\u0027s Wanderer Trilogy","Lobotomy","Marisa£®ÏF”Í°°ƒß¿Ì…≥£©","Minty Spire (QoL Compilation)","Quick Restart","Replay The Spire","Shop Mod","StSLib","The Administrix","The Cursed","The Death Knight","The Runesmith","Youmu£®ªÍ∆«—˝√Œ£©"],"gold_per_floor":[110,130,146,157,11,11,26,26,50,50,50,68,68,83,83,183,183,193,43,43,60,2,2,29,29,78,78,78,90,106,152,152,152,152],"floor_reached":33,"language":"ZHS","playtime":1313,"items_purged":[],"score":324,"play_id":"02d6278b-76c8-4856-8261-3c5c80b91316","local_time":"20210216113651","is_ascension_mode":true,"campfire_choices":[{"data":"Catalyst","floor":6,"key":"SMITH"},{"data":"Bouncing Flask","floor":8,"key":"SMITH"},{"data":"Catalyst","floor":10,"key":"SMITH"},{"floor":15,"key":"REST"},{"data":"Catalyst","floor":23,"key":"SMITH"},{"data":"Poison Darts","floor":25,"key":"SMITH"},{"floor":27,"key":"REST"},{"floor":32,"key":"REST"}],"circlet_count":0,"master_deck":["Strike_G","Strike_G","Strike_G","Strike_G","Defend_G","Defend_G","Defend_G+1","Defend_G","Defend_G","Survivor","Neutralize","Catalyst+1","Flying Knee","Well Laid Plans","Replay:Poison Smokescreen+1","Catalyst+1","Bouncing Flask+1","Crippling Poison","Dagger Spray","Poison Darts+1","Flying Knee","Deadly Poison","Catalyst+1","Poisoned Stab","hubris:Sniper+1","Bane+1","Poisoned Stab+1"],"relics":["Ring of the Snake","Membership Card","Bag of Marbles","Replay:Bronze Core","Bird Faced Urn","Paper Crane","Gremlin Food","Omamori"],"acts_visited":["Exordium","TheCity"],"potions_floor_usage":[21,33],"damage_taken":[{"damage":0,"enemies":"Cultist","floor":1,"turns":4},{"damage":10,"enemies":"Jaw Worm","floor":2,"turns":5},{"damage":17,"enemies":"Small Slimes","floor":3,"turns":4},{"damage":2,"enemies":"2 Fungi Beasts","floor":4,"turns":4},{"damage":7,"enemies":"Exordium Thugs","floor":7,"turns":5},{"damage":7,"enemies":"Exordium Wildlife","floor":12,"turns":3},{"damage":16,"enemies":"3 Louse","floor":14,"turns":3},{"damage":20,"enemies":"Hexaghost","floor":16,"turns":7},{"damage":13,"enemies":"Shell Parasite","floor":18,"turns":3},{"damage":4,"enemies":"2 Thieves","floor":21,"turns":3},{"damage":37,"enemies":"Book of Stabbing","floor":24,"turns":4},{"damage":28,"enemies":"Centurion and Healer","floor":29,"turns":4},{"damage":7,"enemies":"Chosen and Byrds","floor":30,"turns":4},{"damage":32,"enemies":"Automaton","floor":33,"turns":6}],"seed_played":"-8956076653894515682","potions_obtained":[{"floor":4,"key":"Swift Potion"},{"floor":7,"key":"Elixir"},{"floor":16,"key":"LifebloodPotion"},{"floor":21,"key":"Elixir"}],"is_trial":false,"path_per_floor":["M","M","M","M","$","R","M","R","T","R","?","M","?","M","R","B",null,"M","$","?","M","$","R","E","R","T","R","$","M","M","T","R","B"],"character_chosen":"THE_SILENT","items_purchased":["Catalyst","Membership Card","Bird Faced Urn","Catalyst","Poisoned Stab"],"campfire_rested":3,"item_purchase_floors":[0,5,19,22,22],"current_hp_per_floor":[70,60,43,41,41,41,34,34,34,34,34,27,27,11,32,12,70,57,57,70,66,66,66,31,31,31,52,52,26,19,19,40,10,10],"gold":152,"neow_bonus":"","is_daily":false,"chose_seed":false,"campfire_upgraded":5,"win_rate":0.0,"timestamp":1613504211,"path_taken":["M","M","M","?","$","R","?","R","T","R","?","M","?","M","R","BOSS","M","$","?","M","?","R","E","R","T","R","$","M","M","?","R","BOSS"],"items_purchased_type":["Card","Relic","Relic","Card","Card"],"build_version":"2020-12-22","purchased_purges":0,"victory":false,"max_hp_per_floor":[70,70,70,70,70,70,70,70,70,70,70,70,70,70,70,70,70,70,70,70,70,70,70,70,70,70,70,70,70,70,70,70,70,70],"card_choices":[{"not_picked":["Caltrops","Endless Agony"],"picked":"Flying Knee","floor":1},{"not_picked":["Blade Dance","Dagger Spray"],"picked":"Well Laid Plans","floor":2},{"not_picked":["Slice","Deadly Poison"],"picked":"Replay:Poison Smokescreen","floor":3},{"not_picked":["Draining Mist","All Out Attack"],"picked":"Catalyst","floor":4},{"not_picked":["Acrobatics","Underhanded Strike"],"picked":"Bouncing Flask","floor":7},{"not_picked":["Poisoned Stab","hubris:Sniper"],"picked":"Crippling Poison","floor":12},{"not_picked":["Underhanded Strike","Bane"],"picked":"Dagger Spray","floor":14},{"not_picked":["Doppelganger","After Image"],"picked":"Poison Darts","floor":16},{"not_picked":["All Out Attack","Dagger Spray"],"picked":"Flying Knee","floor":18},{"not_picked":["Outmaneuver","Heel Hook+1"],"picked":"Deadly Poison","floor":21},{"not_picked":["Hidden Blade","A Thousand Cuts"],"picked":"hubris:Sniper+1","floor":24},{"not_picked":["Cloak And Dagger","hubris:TrickCloak"],"picked":"Bane+1","floor":29},{"not_picked":["Cloak And Dagger","Tactician"],"picked":"Poisoned Stab+1","floor":30}],"player_experience":169217,"relics_obtained":[{"floor":9,"key":"Bag of Marbles"},{"floor":24,"key":"Paper Crane"},{"floor":26,"key":"Gremlin Food"},{"floor":31,"key":"Omamori"}],"event_choices":[{"damage_healed":0,"gold_gain":0,"player_choice":"Ignored","damage_taken":0,"max_hp_gain":0,"max_hp_loss":0,"event_name":"Golden Idol","floor":13,"gold_loss":0},{"cards_removed":["ReplayTheSpireMod:Shiv Toss"],"damage_healed":13,"gold_gain":0,"player_choice":"Offered Uncommon","damage_taken":0,"max_hp_gain":0,"max_hp_loss":0,"event_name":"Bonfire Elementals","floor":20,"gold_loss":0}],"is_beta":false,"boss_relics":[{"not_picked":["Philosopher\u0027s Stone","bronze:MakeshiftBattery"],"picked":"Replay:Bronze Core"}],"items_purged_floors":[],"is_endless":false,"potions_floor_spawned":[4,7,16,18,21,30],"killed_by":"Automaton","ascension_level":3}}