{"host":"3498uni0c31c9bdm","time":1613455401,"event":{"mods":["BaseMod","Better Match","Better Note","Better Sensory Stone","Better Skull","Better Third Choice","Colored Map","Minty Spire (QoL Compilation)","Quick Restart","RNG Fix","Random Character Button","Replay The Spire","Shop Mod","Smile Girya","StSLib","Unceasing Turn Reminder"],"gold_per_floor":[116,130,130,145,145,145,172,183,206,224,243,253,271,289,289,289,289],"floor_reached":16,"language":"ENG","playtime":529,"items_purged":[],"score":167,"play_id":"2e7bd5be-9591-4500-95a8-68e9e6d2cacc","local_time":"20210216170321","is_ascension_mode":true,"campfire_choices":[{"data":"Neutralize","floor":6,"key":"SMITH"},{"floor":15,"key":"REST"}],"circlet_count":0,"master_deck":["AscendersBane","Strike_G","Strike_G","Strike_G","Strike_G","Strike_G","Defend_G","Defend_G","Defend_G","Defend_G","Defend_G","Survivor","Neutralize+1","Dagger Throw","Flying Knee","Burn","Dagger Spray+1","Footwork","Masterful Stab","Backflip","Poisoned Stab","Deflect","Caltrops","Flechettes"],"relics":["SacredBark","Byrd Skull","Oddly Smooth Stone"],"acts_visited":["Exordium"],"potions_floor_usage":[7,7,16],"damage_taken":[{"damage":10,"enemies":"Cultist","floor":1,"turns":5},{"damage":4,"enemies":"Jaw Worm","floor":2,"turns":5},{"damage":13,"enemies":"Small Slimes","floor":4,"turns":4},{"damage":30,"enemies":"Lagavulin","floor":7,"turns":9},{"damage":1,"enemies":"Exordium Wildlife","floor":8,"turns":3},{"damage":0,"enemies":"3 Louse","floor":10,"turns":2},{"damage":0,"enemies":"Red Slaver","floor":11,"turns":4},{"damage":0,"enemies":"2 Fungi Beasts","floor":12,"turns":3},{"damage":4,"enemies":"Large Slime","floor":13,"turns":6},{"damage":0,"enemies":"Looter","floor":14,"turns":4},{"damage":25,"enemies":"Slime Boss","floor":16,"turns":6}],"seed_played":"-8495317919214134173","potions_obtained":[{"floor":2,"key":"CunningPotion"},{"floor":4,"key":"Adrenaline Potion"},{"floor":10,"key":"GhostInAJar"}],"is_trial":false,"path_per_floor":["M","M","?","M","?","R","E","M","T","M","M","M","M","M","R","B"],"character_chosen":"THE_SILENT","items_purchased":[],"campfire_rested":1,"item_purchase_floors":[],"current_hp_per_floor":[53,49,49,36,36,36,6,5,5,5,5,5,1,1,22,0,0],"gold":289,"neow_bonus":"BOSS_RELIC","is_daily":false,"chose_seed":false,"campfire_upgraded":1,"win_rate":0.0,"timestamp":1613455401,"path_taken":["M","?","?","M","?","R","E","M","T","M","M","?","M","M","R","BOSS"],"items_purchased_type":[],"build_version":"2020-12-22","purchased_purges":0,"victory":false,"max_hp_per_floor":[70,70,70,70,70,70,70,70,70,70,70,70,70,70,70,70,70],"card_choices":[{"not_picked":["Sucker Punch","Tactician"],"picked":"Dagger Throw","floor":1},{"not_picked":["Slice","Dagger Spray"],"picked":"Flying Knee","floor":2},{"not_picked":["ReplayTheSpireMod:The Works","Eviscerate"],"picked":"Dagger Spray","floor":4},{"not_picked":["Flying Knee","Quick Slash"],"picked":"Footwork","floor":7},{"not_picked":["ReplayTheSpireMod:Shiv Toss","Doppelganger"],"picked":"Masterful Stab","floor":8},{"not_picked":["Setup","Outmaneuver"],"picked":"Backflip","floor":10},{"not_picked":["Acrobatics","Bane"],"picked":"Poisoned Stab","floor":11},{"not_picked":["Masterful Stab","Slice"],"picked":"Deflect","floor":12},{"not_picked":["Eviscerate","Underhanded Strike"],"picked":"Caltrops","floor":13},{"not_picked":["Sneak Up","ReplayTheSpireMod:Tripwire"],"picked":"Flechettes","floor":14}],"player_experience":919348,"relics_obtained":[{"floor":7,"key":"Byrd Skull"},{"floor":9,"key":"Oddly Smooth Stone"}],"event_choices":[{"damage_healed":49,"gold_gain":0,"player_choice":"Embrace Burn","damage_taken":0,"max_hp_gain":0,"max_hp_loss":70,"event_name":"betterThird:BetterShining","floor":3,"gold_loss":0}],"is_beta":false,"boss_relics":[],"items_purged_floors":[],"is_endless":false,"potions_floor_spawned":[2,4,10],"killed_by":"Slime Boss","ascension_level":11}}