{"host":"l2lylj0omvglf5x0","time":1613471895,"event":{"mods":["2.2 Compatiblity","BaseMod","Bestiary","Block Reminder","Colored Map","Colored Powertips","Curses Come First","Highlight Path","Keyboard Shortcuts","Minty Spire (QoL Compilation)","Relic Sorter","Relic Stats","Slay the Relics Exporter","StSLib","SuperFastMode"],"gold_per_floor":[116,18,30,30,205,205,244,244,244,244,244],"floor_reached":10,"language":"ENG","playtime":160,"items_purged":[],"score":93,"play_id":"87c4db44-5056-4276-9358-cea0fb385d6b","local_time":"20210216113815","is_ascension_mode":true,"campfire_choices":[{"data":"Eruption","floor":6,"key":"SMITH"},{"data":"Omniscience","floor":8,"key":"SMITH"}],"circlet_count":0,"master_deck":["Strike_P","Strike_P","Strike_P","Strike_P","Defend_P","Defend_P","Defend_P","Defend_P","Eruption+1","Vigilance","Protect","Evaluate","Prostrate","EmptyFist","Doubt","Omniscience+1"],"relics":["PureWater","NeowsBlessing","Golden Idol","MealTicket","The Courier"],"acts_visited":["Exordium"],"potions_floor_usage":[],"damage_taken":[{"damage":0,"enemies":"Jaw Worm","floor":1,"turns":1},{"damage":0,"enemies":"Small Slimes","floor":3,"turns":1},{"damage":0,"enemies":"3 Sentries","floor":7,"turns":1},{"damage":62,"enemies":"Gremlin Nob","floor":10,"turns":4}],"seed_played":"-1564308562285553690","potions_obtained":[],"is_trial":false,"path_per_floor":["M","$","M","?","?","R","E","R","T","E"],"character_chosen":"WATCHER","items_purchased":["Evaluate","Prostrate"],"campfire_rested":0,"item_purchase_floors":[2,2],"current_hp_per_floor":[72,72,72,54,54,54,54,54,54,0,0],"gold":244,"neow_bonus":"THREE_ENEMY_KILL","is_daily":false,"chose_seed":false,"campfire_upgraded":2,"win_rate":0.0,"timestamp":1613471895,"path_taken":["M","$","M","?","?","R","E","R","T","E"],"items_purchased_type":["Card","Card"],"build_version":"2020-12-22","purchased_purges":0,"victory":false,"max_hp_per_floor":[72,72,72,72,72,72,72,72,72,72,72],"relic_stats":{"counters":[4,7],"Golden Idol":8,"MealTicket":0,"obtain_stats":[{"NeowsBlessing":0,"Golden Idol":4,"MealTicket":7,"The Courier":9,"PureWater":0},{"NeowsBlessing":0,"Golden Idol":2,"MealTicket":3,"The Courier":3,"PureWater":0},{"NeowsBlessing":0,"Golden Idol":2,"MealTicket":3,"The Courier":3,"PureWater":0}]},"card_choices":[{"not_picked":["Prostrate","Evaluate"],"picked":"Protect","floor":1},{"not_picked":["Nirvana","FollowUp"],"picked":"EmptyFist","floor":3},{"not_picked":["Crescendo","PathToVictory"],"picked":"Omniscience","floor":7}],"player_experience":949094,"relics_obtained":[{"floor":7,"key":"MealTicket"},{"floor":9,"key":"The Courier"}],"event_choices":[{"damage_healed":0,"gold_gain":0,"player_choice":"Take Damage","damage_taken":18,"relics_obtained":["Golden Idol"],"max_hp_gain":0,"max_hp_loss":0,"event_name":"Golden Idol","floor":4,"gold_loss":0},{"damage_healed":0,"gold_gain":175,"player_choice":"AGREE","damage_taken":0,"max_hp_gain":0,"max_hp_loss":0,"event_name":"Liars Game","floor":5,"gold_loss":0,"cards_obtained":["Doubt"]}],"is_beta":false,"boss_relics":[],"items_purged_floors":[],"is_endless":false,"potions_floor_spawned":[],"killed_by":"Gremlin Nob","ascension_level":1}}