{"host":"v9yiptmoyyuggqjj","time":1613517185,"event":{"mods":["AchievementEnabler","BaseMod","BetterRewards","Card Forge","Colored Map","Colored Powertips","DeckTracker","Highlight Path","Infinite Spire","Minty Spire (QoL Compilation)","Quick Restart","Shop Mod","StSLib","Swap Starting Deck Mod"],"gold_per_floor":[119,129,146,146,146,146,146,146,146,176,176,176,176,192,192,295,295,311,311,322,333,333,366,366,398,398,398,431,448,468,468,468,568,568,579,591,591,286,306,336,336,185,209,209,221,221,251,265,265,265],"floor_reached":51,"language":"ENG","playtime":3188,"items_purged":["Infinite Blades+1","Slice"],"score":1176,"play_id":"cdebdc06-454a-4be7-b499-0780bf173cce","local_time":"20210216161305","is_ascension_mode":true,"campfire_choices":[{"data":"Blade Dance","floor":6,"key":"SMITH"},{"data":"Cloak And Dagger","floor":8,"key":"SMITH"},{"data":"Infinite Blades","floor":11,"key":"SMITH"},{"data":"Cloak And Dagger","floor":13,"key":"SMITH"},{"data":"Finisher","floor":15,"key":"SMITH"},{"data":"Blade Dance","floor":24,"key":"SMITH"},{"data":"Accuracy","floor":32,"key":"SMITH"},{"data":"Footwork","floor":41,"key":"SMITH"},{"data":"RitualDagger","floor":44,"key":"SMITH"},{"data":"Slice","floor":46,"key":"SMITH"},{"floor":49,"key":"REST"}],"circlet_count":0,"master_deck":["Slice+1","Finisher+1","Cloak And Dagger+1","Cloak And Dagger+1","Cloak And Dagger+1","Blade Dance+1","infinitespire:SevenWalls+1","RitualDagger+1","Accuracy+1","Blade Dance+1","Adrenaline+1","Footwork+1","Backstab+1","Cloak And Dagger+1"],"relics":["Ring of the Snake","Hammer of Thor","Seething Fire","Anvil of the Gods","swapstartingdeckmod:Bellows","Mummified Hand","Regal Pillow","Empty Cage","Lantern","infinitespire:Satchel","Bottled Flame","Molten Egg 2","Busted Crown","Ice Cream","WristBlade","War Paint","Strawberry","Toy Ornithopter","Singing Bowl"],"acts_visited":["Exordium","TheCity","TheBeyond"],"potions_floor_usage":[50,50,50],"damage_taken":[{"damage":0,"enemies":"2 Louse","floor":1,"turns":2},{"damage":0,"enemies":"Small Slimes","floor":2,"turns":1},{"damage":0,"enemies":"Cultist","floor":3,"turns":1},{"damage":0,"enemies":"Gremlin Nob","floor":10,"turns":2},{"damage":0,"enemies":"3 Louse","floor":14,"turns":2},{"damage":0,"enemies":"Slime Boss","floor":16,"turns":5},{"damage":0,"enemies":"Shell Parasite","floor":18,"turns":2},{"damage":0,"enemies":"Spheric Guardian","floor":20,"turns":1},{"damage":0,"enemies":"3 Cultists","floor":21,"turns":3},{"damage":0,"enemies":"Gremlin Leader","floor":23,"turns":3},{"damage":3,"enemies":"Slavers","floor":25,"turns":2},{"damage":12,"enemies":"Gremlin Leader","floor":28,"turns":2},{"damage":0,"enemies":"Snake Plant","floor":29,"turns":1},{"damage":0,"enemies":"Sentry and Sphere","floor":30,"turns":2},{"damage":12,"enemies":"Champ","floor":33,"turns":4},{"damage":0,"enemies":"3 Darklings","floor":35,"turns":1},{"damage":8,"enemies":"3 Shapes","floor":36,"turns":1},{"damage":0,"enemies":"Spire Growth","floor":39,"turns":1},{"damage":0,"enemies":"Giant Head","floor":40,"turns":1},{"damage":0,"enemies":"Sphere and 2 Shapes","floor":45,"turns":1},{"damage":0,"enemies":"Reptomancer","floor":47,"turns":2},{"damage":0,"enemies":"Jaw Worm Horde","floor":48,"turns":1},{"damage":0,"enemies":"Awakened One","floor":50,"turns":4}],"seed_played":"6470572486967717874","potions_obtained":[{"floor":14,"key":"Strength Potion"},{"floor":16,"key":"BlessingOfTheForge"},{"floor":18,"key":"Block Potion"},{"floor":23,"key":"PowerPotion"},{"floor":33,"key":"DuplicationPotion"}],"is_trial":false,"path_per_floor":["M","M","M","?","?","R","?","R","T","E","R","$","R","M","R","B",null,"M","?","M","M","?","E","R","E","T","?","E","M","M","AVR","R","B",null,"M","M","?","$","M","E","R","$","T","R","M","R","E","M","R","B",null],"character_chosen":"THE_SILENT","items_purchased":["Adrenaline","Footwork","Strawberry"],"campfire_rested":1,"item_purchase_floors":[38,38,42],"current_hp_per_floor":[70,70,70,52,38,38,43,43,43,43,43,43,43,43,43,43,70,70,64,64,64,64,64,64,61,61,48,36,36,36,36,36,24,75,75,67,67,67,67,67,67,74,74,74,74,74,74,74,82,82],"gold":265,"neow_bonus":"","is_daily":false,"chose_seed":false,"campfire_upgraded":10,"win_rate":0.0,"timestamp":1613517185,"path_taken":["M","M","M","?","?","R","?","R","T","E","R","$","R","M","R","BOSS","M","?","M","M","?","E","R","E","T","?","E","?","M","AVR","R","BOSS","M","M","?","?","M","E","R","$","T","R","?","R","E","M","R","BOSS"],"items_purchased_type":["Card","Card","Relic"],"build_version":"2020-12-22","purchased_purges":2,"victory":true,"max_hp_per_floor":[70,70,70,70,70,70,70,70,70,70,70,70,70,70,70,70,70,70,70,70,70,70,70,70,70,70,75,75,75,75,75,75,75,75,75,75,75,75,75,75,75,82,82,82,82,82,82,82,82,82],"card_choices":[{"not_picked":["Dagger Spray","PiercingWail","Sucker Punch"],"picked":"SKIP","floor":1},{"not_picked":["Underhanded Strike","Sucker Punch","Dagger Spray"],"picked":"SKIP","floor":2},{"not_picked":["Outmaneuver","Bane","Dagger Throw"],"picked":"SKIP","floor":3},{"not_picked":["infinitespire:Collect","infinitespire:UltimateForm"],"picked":"infinitespire:SevenWalls","floor":4},{"not_picked":["Leg Sweep","Prepared"],"picked":"Infinite Blades","floor":10},{"not_picked":["Underhanded Strike","PiercingWail","Dodge and Roll"],"picked":"SKIP","floor":14},{"not_picked":["Setup+1","Acrobatics","Dagger Spray"],"picked":"SKIP","floor":18},{"not_picked":["Dagger Spray","Cloak And Dagger"],"picked":"Accuracy","floor":20},{"not_picked":["Acrobatics","Underhanded Strike","Quick Slash+1"],"picked":"SKIP","floor":21},{"not_picked":["Terror","Dagger Throw+1"],"picked":"Blade Dance","floor":23},{"not_picked":["Concentrate","Infinite Blades","Prepared"],"picked":"SKIP","floor":25},{"not_picked":["Predator+1","Slice+1","Dagger Spray+1"],"picked":"SKIP","floor":28},{"not_picked":["Deadly Poison","Riddle With Holes+1","Slice+1"],"picked":"SKIP","floor":29},{"not_picked":["Infinite Blades+1","Acrobatics+1","A Thousand Cuts"],"picked":"SKIP","floor":30},{"not_picked":["Slice+1"],"picked":"SKIP","floor":35},{"not_picked":["Riddle With Holes+1"],"picked":"SKIP","floor":36},{"not_picked":["Eviscerate+1"],"picked":"SKIP","floor":39},{"not_picked":["Wraith Form v2"],"picked":"SKIP","floor":40},{"not_picked":["Cloak And Dagger"],"picked":"SKIP","floor":45},{"not_picked":[],"picked":"Backstab+1","floor":47},{"not_picked":[],"picked":"Cloak And Dagger+1","floor":48}],"player_experience":612879,"relics_obtained":[{"floor":9,"key":"Mummified Hand"},{"floor":10,"key":"Regal Pillow"},{"floor":23,"key":"Lantern"},{"floor":25,"key":"infinitespire:Satchel"},{"floor":26,"key":"Bottled Flame"},{"floor":28,"key":"Molten Egg 2"},{"floor":40,"key":"War Paint"},{"floor":43,"key":"Toy Ornithopter"},{"floor":47,"key":"Singing Bowl"}],"event_choices":[{"damage_healed":0,"gold_gain":0,"player_choice":"Entered Light","damage_taken":14,"max_hp_gain":0,"max_hp_loss":0,"event_name":"Shining Light","floor":5,"gold_loss":0,"cards_upgraded":["infinitespire:SevenWalls","Cloak And Dagger"]},{"cards_removed":["Cloak And Dagger"],"damage_healed":5,"gold_gain":0,"player_choice":"Offered Common","damage_taken":0,"max_hp_gain":0,"max_hp_loss":0,"event_name":"Bonfire Elementals","floor":7,"gold_loss":0},{"cards_removed":["Cloak And Dagger"],"damage_healed":5,"gold_gain":0,"player_choice":"Offered Special","damage_taken":0,"max_hp_gain":0,"max_hp_loss":0,"event_name":"Bonfire Elementals","floor":7,"gold_loss":0},{"damage_healed":0,"gold_gain":0,"player_choice":"Joined the Cult","damage_taken":6,"max_hp_gain":0,"max_hp_loss":0,"event_name":"Nest","floor":19,"gold_loss":0,"cards_obtained":["RitualDagger"]},{"damage_healed":0,"gold_gain":0,"player_choice":"Ignored","damage_taken":0,"max_hp_gain":0,"max_hp_loss":0,"event_name":"Ghosts","floor":22,"gold_loss":0},{"damage_healed":0,"gold_gain":0,"player_choice":"Shed Blood","damage_taken":18,"max_hp_gain":5,"max_hp_loss":0,"event_name":"Forgotten Altar","floor":27,"gold_loss":0},{"damage_healed":0,"gold_gain":0,"player_choice":"Ignored","damage_taken":0,"max_hp_gain":0,"max_hp_loss":0,"event_name":"Transmorgrifier","floor":37,"gold_loss":0}],"is_beta":false,"boss_relics":[{"not_picked":["SacredBark","Pandora\u0027s Box"],"picked":"Empty Cage"},{"not_picked":["Philosopher\u0027s Stone","Sozu"],"picked":"WristBlade"}],"items_purged_floors":[31,38],"is_endless":false,"potions_floor_spawned":[14,16,18,23,29,33,47],"ascension_level":4}}