{"host":"soyfmymeou4emntr","time":1613449611,"event":{"mods":["BaseMod","Minty Spire (QoL Compilation)","Permanent Neow","Relic Sorter","Relic Stats","StSLib"],"gold_per_floor":[113,113,32,50,62,62,82,113,113,113,138,138,163,179,179,253,253,268,268,240,240,253,253,279,279,279,313,323,196,230,249,249,324,324,335,335,347,78,130,130,161,100,100,135,153,167,192,205,205,205,205,205,205,11,37,37],"floor_reached":57,"language":"ENG","playtime":14018,"items_purged":[],"score":2751,"play_id":"f728638d-a8a4-4f10-9549-d04cde73e8aa","local_time":"20210215212650","is_ascension_mode":true,"campfire_choices":[{"data":"Combust","floor":6.0,"key":"SMITH"},{"data":"Bash","floor":10.0,"key":"SMITH"},{"data":"Immolate","floor":12.0,"key":"SMITH"},{"data":"Battle Trance","floor":15.0,"key":"SMITH"},{"data":"Rupture","floor":23.0,"key":"SMITH"},{"data":"Berserk","floor":25.0,"key":"SMITH"},{"floor":32.0,"key":"REST"},{"floor":40.0,"key":"REST"},{"floor":49.0,"key":"RECALL"},{"data":"Barricade","floor":53.0,"key":"SMITH"}],"circlet_count":0,"master_deck":["AscendersBane","Bash+1","Feel No Pain","Combust+1","Power Through","Twin Strike+1","Hemokinesis+1","Immolate+1","Battle Trance+1","Spot Weakness","Thunderclap+1","Offering","Pommel Strike+1","Entrench","Entrench","Rupture+1","Body Slam+1","Reaper+1","Armaments","Berserk+1","Clothesline+1","Pommel Strike+1","Sword Boomerang+1","Havoc+1","Bloodletting","Dark Embrace","Evolve+1","Barricade+1","Pummel+1","Good Instincts","Sadistic Nature","Flash of Steel+1","Ghostly Armor+1","Ghostly Armor","Double Tap+1","Shockwave+1","True Grit+1","Flame Barrier+1","Flex+1","Apotheosis+1","Fiend Fire+1"],"relics":["Burning Blood","Champion Belt","Blood Vial","StrikeDummy","Molten Egg 2","Lizard Tail","Pandora\u0027s Box","Gremlin Horn","Matryoshka","Lantern","InkBottle","Bag of Marbles","Runic Pyramid","Red Skull","CaptainsWheel","Ancient Tea Set","Toxic Egg 2","Vajra","Nunchaku","Self Forming Clay","Peace Pipe","Whetstone"],"acts_visited":["Exordium","TheCity","TheBeyond","TheEnding"],"potions_floor_usage":[55,55,56,56],"damage_taken":[{"damage":1.0,"enemies":"Cultist","floor":1.0,"turns":3.0},{"damage":16.0,"enemies":"2 Louse","floor":4.0,"turns":2.0},{"damage":10.0,"enemies":"Jaw Worm","floor":5.0,"turns":4.0},{"damage":11.0,"enemies":"Large Slime","floor":7.0,"turns":6.0},{"damage":17.0,"enemies":"3 Sentries","floor":8.0,"turns":5.0},{"damage":8.0,"enemies":"Gremlin Nob","floor":11.0,"turns":3.0},{"damage":14.0,"enemies":"3 Sentries","floor":13.0,"turns":3.0},{"damage":0.0,"enemies":"Lots of Slimes","floor":14.0,"turns":1.0},{"damage":44.0,"enemies":"The Guardian","floor":16.0,"turns":10.0},{"damage":6.0,"enemies":"Chosen","floor":18.0,"turns":3.0},{"damage":4.0,"enemies":"3 Byrds","floor":22.0,"turns":4.0},{"damage":43.0,"enemies":"Slavers","floor":24.0,"turns":4.0},{"damage":24.0,"enemies":"Gremlin Leader","floor":27.0,"turns":4.0},{"damage":28.0,"enemies":"Snake Plant","floor":28.0,"turns":3.0},{"damage":20.0,"enemies":"Slavers","floor":30.0,"turns":2.0},{"damage":19.0,"enemies":"Centurion and Healer","floor":31.0,"turns":3.0},{"damage":36.0,"enemies":"Champ","floor":33.0,"turns":7.0},{"damage":16.0,"enemies":"3 Darklings","floor":35.0,"turns":2.0},{"damage":8.0,"enemies":"Orb Walker","floor":37.0,"turns":2.0},{"damage":64.0,"enemies":"2 Orb Walkers","floor":39.0,"turns":4.0},{"damage":16.0,"enemies":"Giant Head","floor":41.0,"turns":6.0},{"damage":34.0,"enemies":"Nemesis","floor":44.0,"turns":5.0},{"damage":12.0,"enemies":"Maw","floor":45.0,"turns":7.0},{"damage":21.0,"enemies":"Transient","floor":46.0,"turns":6.0},{"damage":0.0,"enemies":"Mind Bloom Boss Battle","floor":47.0,"turns":6.0},{"damage":15.0,"enemies":"4 Shapes","floor":48.0,"turns":5.0},{"damage":30.0,"enemies":"Time Eater","floor":50.0,"turns":6.0},{"damage":47.0,"enemies":"Awakened One","floor":51.0,"turns":11.0},{"damage":66,"enemies":"Shield and Spear","floor":55,"turns":6},{"damage":89,"enemies":"The Heart","floor":56,"turns":10}],"seed_played":"1291790250976712390","potions_obtained":[{"floor":5.0,"key":"BloodPotion"},{"floor":7.0,"key":"AttackPotion"},{"floor":13.0,"key":"ColorlessPotion"},{"floor":14.0,"key":"AttackPotion"},{"floor":16.0,"key":"Block Potion"},{"floor":24.0,"key":"Explosive Potion"},{"floor":27.0,"key":"SneckoOil"},{"floor":31.0,"key":"LiquidBronze"},{"floor":33.0,"key":"Fire Potion"},{"floor":41.0,"key":"EntropicBrew"},{"floor":44.0,"key":"ColorlessPotion"},{"floor":46.0,"key":"AttackPotion"},{"floor":55,"key":"Weak Potion"}],"is_trial":false,"path_per_floor":["M","T","$","M","M","R","M","E","T","R","E","R","E","M","R","B",null,"M","T","$","?","M","R","E","R","T","E","M","$","E","M","R","B",null,"M","?","M","$","?","R","E","?","T","E","M","M","?","M","R","B","B",null,"R","$","E","B",null],"character_chosen":"IRONCLAD","items_purchased":["Combust","Pommel Strike+1","Bloodletting","Dark Embrace","Red Skull","Flash of Steel+1","Apotheosis+1"],"campfire_rested":2,"item_purchase_floors":[3,20,29,29,38,38,54],"current_hp_per_floor":[69,69,69,59,55,55,50,39,39,39,39,39,33,41,41,22,72,74,74,74,74,86,86,69,69,69,58,43,43,43,41,67,39,77,85,75,75,75,53,79,89,89,89,83,89,89,89,89,89,89,89,89,89,89,79,13],"gold":37,"neow_bonus":"TWENTY_PERCENT_HP_BONUS","is_daily":false,"chose_seed":false,"campfire_upgraded":7,"win_rate":0.0,"timestamp":1613449610,"path_taken":["M","?","$","M","M","R","M","E","T","R","E","R","E","M","R","BOSS","M","?","$","?","M","R","E","R","T","E","M","$","E","M","R","BOSS","M","?","M","$","?","R","E","?","T","E","M","?","?","M","R","BOSS","BOSS","R","$","E","BOSS"],"items_purchased_type":["Card","Card","Card","Card","Relic","Card","Card"],"build_version":"2020-12-22","purchased_purges":0,"victory":true,"max_hp_per_floor":[89,89,89,89,89,89,89,89,89,89,89,89,89,89,89,89,89,89,89,89,89,89,89,89,89,89,89,89,89,89,89,89,89,89,89,89,89,89,89,89,89,89,89,89,89,89,89,89,89,89,89,89,89,89,89,89],"relic_stats":{"Gremlin Horn":[17,19],"counters":[30,143],"Self Forming Clay":[234],"Whetstone":["Hemokinesis","Twin Strike"],"Burning Blood":142,"Blood Vial":36,"Peace Pipe":0,"Lizard Tail":0,"Nunchaku":[11],"Pandora\u0027s Box":["Pommel Strike","Entrench","Entrench","Rupture","Body Slam","Reaper","Armaments","Berserk","Clothesline"],"Champion Belt":[79],"obtain_stats":[{"Lantern":26,"Gremlin Horn":19,"Self Forming Clay":44,"Vajra":43,"Whetstone":55,"Ancient Tea Set":41,"Burning Blood":0,"Blood Vial":8,"Peace Pipe":47,"Lizard Tail":13,"CaptainsWheel":39,"Nunchaku":43,"Matryoshka":24,"Molten Egg 2":11,"Pandora\u0027s Box":17,"Bag of Marbles":30,"Champion Belt":2,"Toxic Egg 2":42,"StrikeDummy":9,"InkBottle":27,"Red Skull":38,"Runic Pyramid":34},{"Lantern":12,"Gremlin Horn":10,"Self Forming Clay":22,"Vajra":21,"Whetstone":29,"Ancient Tea Set":21,"Burning Blood":0,"Blood Vial":5,"Peace Pipe":25,"Lizard Tail":7,"CaptainsWheel":20,"Nunchaku":21,"Matryoshka":12,"Molten Egg 2":6,"Pandora\u0027s Box":9,"Bag of Marbles":15,"Champion Belt":1,"Toxic Egg 2":21,"StrikeDummy":5,"InkBottle":13,"Red Skull":19,"Runic Pyramid":17},{"Lantern":48,"Gremlin Horn":40,"Self Forming Clay":86,"Vajra":81,"Whetstone":133,"Ancient Tea Set":81,"Burning Blood":0,"Blood Vial":20,"Peace Pipe":105,"Lizard Tail":26,"CaptainsWheel":75,"Nunchaku":81,"Matryoshka":48,"Molten Egg 2":23,"Pandora\u0027s Box":37,"Bag of Marbles":57,"Champion Belt":3,"Toxic Egg 2":81,"StrikeDummy":20,"InkBottle":52,"Red Skull":71,"Runic Pyramid":67}],"InkBottle":[35]},"card_choices":[{"not_picked":["Heavy Blade","Headbutt"],"picked":"Feel No Pain","floor":1.0},{"not_picked":["Clash","Headbutt"],"picked":"Power Through","floor":4.0},{"not_picked":["Dual Wield","Burning Pact"],"picked":"Twin Strike","floor":5.0},{"not_picked":["Dark Embrace","Searing Blow"],"picked":"Hemokinesis","floor":7.0},{"not_picked":["Bloodletting","Shrug It Off"],"picked":"Immolate","floor":8.0},{"not_picked":["Wild Strike+1","Flex"],"picked":"Battle Trance","floor":11.0},{"not_picked":["Clash+1","Shrug It Off"],"picked":"Spot Weakness","floor":13.0},{"not_picked":["Wild Strike+1","Ghostly Armor"],"picked":"Thunderclap+1","floor":14.0},{"not_picked":["Double Tap","Immolate+1"],"picked":"Offering","floor":16.0},{"not_picked":["Body Slam+1","Anger+1","True Grit"],"picked":"SKIP","floor":18.0},{"not_picked":["Uppercut+1","Anger+1"],"picked":"Havoc+1","floor":22.0},{"not_picked":["Wild Strike+1","Armaments","Metallicize"],"picked":"SKIP","floor":24.0},{"not_picked":["Bludgeon+1","Anger+1","Infernal Blade"],"picked":"SKIP","floor":27.0},{"not_picked":["Flex","Intimidate","Infernal Blade"],"picked":"SKIP","floor":28.0},{"not_picked":["Pommel Strike+1","Headbutt+1"],"picked":"Evolve+1","floor":30.0},{"not_picked":["Armaments","Intimidate","Shrug It Off"],"picked":"SKIP","floor":31.0},{"not_picked":["Immolate+1","Demon Form"],"picked":"Barricade","floor":33.0},{"not_picked":["Heavy Blade+1","Dropkick+1"],"picked":"Pummel+1","floor":35.0},{"not_picked":["Thinking Ahead","Mind Blast+1"],"picked":"Good Instincts","floor":36.0},{"not_picked":["Chrysalis","Trip"],"picked":"Sadistic Nature","floor":36.0},{"not_picked":["Pommel Strike+1","Clothesline+1","Clash+1"],"picked":"SKIP","floor":37.0},{"not_picked":["Wild Strike+1","Iron Wave+1"],"picked":"Ghostly Armor+1","floor":39.0},{"not_picked":["Thunderclap+1","Anger+1"],"picked":"Ghostly Armor","floor":41.0},{"not_picked":["Ghostly Armor+1","Dropkick+1"],"picked":"Double Tap+1","floor":44.0},{"not_picked":["Thunderclap+1","Metallicize"],"picked":"Shockwave+1","floor":45.0},{"not_picked":["Body Slam+1","Anger+1"],"picked":"True Grit+1","floor":46.0},{"not_picked":["Pommel Strike+1","Shockwave+1"],"picked":"Flame Barrier+1","floor":47.0},{"not_picked":["Carnage+1","Evolve"],"picked":"Flex+1","floor":48.0},{"not_picked":["Metallicize+1","Shrug It Off+1"],"picked":"Fiend Fire+1","floor":55}],"player_experience":3347749,"relics_obtained":[{"floor":2.0,"key":"Champion Belt"},{"floor":8.0,"key":"Blood Vial"},{"floor":9.0,"key":"StrikeDummy"},{"floor":11.0,"key":"Molten Egg 2"},{"floor":13.0,"key":"Lizard Tail"},{"floor":19.0,"key":"Gremlin Horn"},{"floor":24.0,"key":"Matryoshka"},{"floor":26.0,"key":"Lantern"},{"floor":27.0,"key":"InkBottle"},{"floor":30.0,"key":"Bag of Marbles"},{"floor":39.0,"key":"CaptainsWheel"},{"floor":41.0,"key":"Ancient Tea Set"},{"floor":43.0,"key":"Vajra"},{"floor":43.0,"key":"Nunchaku"},{"floor":44.0,"key":"Self Forming Clay"},{"floor":47.0,"key":"Peace Pipe"},{"floor":55,"key":"Whetstone"}],"event_choices":[{"damage_healed":0.0,"max_hp_gain":0.0,"max_hp_loss":0.0,"gold_gain":0.0,"event_name":"The Library","player_choice":"Read","floor":21.0,"gold_loss":0.0,"damage_taken":0.0,"cards_obtained":["Sword Boomerang"]},{"damage_healed":0.0,"max_hp_gain":0.0,"max_hp_loss":0.0,"gold_gain":0.0,"event_name":"SensoryStone","player_choice":"Memory 3","floor":36.0,"gold_loss":0.0,"damage_taken":10.0},{"damage_healed":0.0,"max_hp_gain":0.0,"max_hp_loss":0.0,"gold_gain":0.0,"event_name":"Mysterious Sphere","player_choice":"Fight","floor":39.0,"gold_loss":0.0,"damage_taken":0.0},{"damage_healed":0.0,"max_hp_gain":0.0,"max_hp_loss":0.0,"gold_gain":0.0,"event_name":"WeMeetAgain","player_choice":"Paid Gold","floor":42.0,"gold_loss":61.0,"damage_taken":0.0,"relics_obtained":["Toxic Egg 2"]},{"damage_healed":0.0,"max_hp_gain":0.0,"max_hp_loss":0.0,"gold_gain":0.0,"event_name":"MindBloom","player_choice":"Fight","floor":47.0,"gold_loss":0.0,"damage_taken":0.0}],"is_beta":false,"boss_relics":[{"not_picked":["Snecko Eye","Ectoplasm"],"picked":"Pandora\u0027s Box"},{"not_picked":["Black Blood","Astrolabe"],"picked":"Runic Pyramid"}],"items_purged_floors":[],"is_endless":false,"potions_floor_spawned":[5,7,13,14,16,24,27,31,33,35,41,44,46,47,55],"ascension_level":20}}