{"host":"np9ouipdmi0bkas5","time":1613452595,"event":{"mods":["AchievementEnabler","Aspiration","BaseMod","Better Altar","Better Match","Better Skull","Better Third Choice","Colored Map","Downfall","Highlight Path","Hubris","Infinite Spire","Minty Spire (QoL Compilation)","Replay The Spire","StSLib"],"gold_per_floor":[116,126,51,126,145,170,170,199,199,234,251,329,343,343,343,446,446,464,464,414,11,27,27,62,74,100,100,25,62,77,3,3,102,102,122,138,148,148,166,200,11,11,35,46,78,78,88,88,88,88],"floor_reached":51,"language":"ENG","playtime":2393,"items_purged":["Defend_G"],"score":903,"play_id":"efcb3135-5e51-472d-8dad-1a8f758f8597","local_time":"20210215211635","is_ascension_mode":true,"campfire_choices":[{"floor":7,"key":"REST"},{"floor":15,"key":"REST"},{"floor":23,"key":"REST"},{"floor":32,"key":"REST"},{"floor":42,"key":"REST"},{"floor":49,"key":"REST"}],"circlet_count":0,"master_deck":["Strike_G","Strike_G","Strike_G","Defend_G","Defend_G","Defend_G","Survivor","Neutralize","Blade Dance","Hidden Blade","Draining Mist","Backstab","Blade Dance","Terror+1","Blade Dance","Dodge and Roll","Infinite Blades","After Image","Blade Dance","Catalyst+1","Infinite Blades+1","Slice","Distraction+1","Accuracy","Storm of Steel+1","hubris:Wrath","Phantasmal Killer","infinitespire:UltimateForm","Corpse Explosion","Blade Dance","Catalyst","Hidden Blade","Finisher","Poisoned Stab","Poisoned Stab","Blade Dance+1","Backflip"],"relics":["Ring of the Snake","NeowsBlessing","Tiny Chest","hubris:MobiusCoin","ReplayTheSpireMod:TigerMarble","Basket Of Snakes","Empty Cage","hubris:Towel","Gremlin Horn","Strange Spoon","aspiration:FetidBarrel","PreservedInsect","infinitespire:EmpoweringShard","Orichalcum","ReplayTheSpireMod:SealedPack","TungstenRod","infinitespire:BottledMercury","hubris:EmptyBottle","Replay:Baseball","hubris:TinFlute","War Paint"],"acts_visited":["Exordium","TheCity","TheBeyond"],"potions_floor_usage":[8,13,14,16,16,16,24,30,30,33,33,37,45,47,50,50,50],"damage_taken":[{"damage":0,"enemies":"infinitespire:Voidling","floor":1,"turns":1},{"damage":0,"enemies":"Jaw Worm","floor":2,"turns":1},{"damage":0,"enemies":"Small Slimes","floor":5,"turns":1},{"damage":17,"enemies":"Replay:BlueRogue","floor":6,"turns":7},{"damage":28,"enemies":"3 Sentries","floor":8,"turns":7},{"damage":7,"enemies":"Replay:BlueRogue","floor":10,"turns":4},{"damage":0,"enemies":"Red Slaver","floor":11,"turns":1},{"damage":8,"enemies":"Gremlin Nob","floor":12,"turns":3},{"damage":4,"enemies":"Large Slime","floor":13,"turns":3},{"damage":7,"enemies":"Hexaghost","floor":16,"turns":6},{"damage":6,"enemies":"Chosen","floor":18,"turns":3},{"damage":28,"enemies":"2 Thieves","floor":22,"turns":3},{"damage":9,"enemies":"Replay:Snechameleon","floor":24,"turns":6},{"damage":19,"enemies":"Shelled Parasite and Fungi","floor":25,"turns":3},{"damage":4,"enemies":"Centurion and Healer","floor":30,"turns":3},{"damage":22,"enemies":"Automaton","floor":33,"turns":6},{"damage":8,"enemies":"Orb Walker","floor":35,"turns":3},{"damage":20,"enemies":"3 Shapes","floor":36,"turns":2},{"damage":20,"enemies":"Maw","floor":37,"turns":4},{"damage":7,"enemies":"Spire Growth","floor":39,"turns":3},{"damage":0,"enemies":"Reptomancer","floor":40,"turns":2},{"damage":0,"enemies":"Writhing Mass","floor":44,"turns":2},{"damage":8,"enemies":"Giant Head","floor":45,"turns":4},{"damage":0,"enemies":"Maw","floor":47,"turns":4},{"damage":50,"enemies":"infinitespire:MassOfShapes","floor":50,"turns":7}],"seed_played":"-2243751687206980889","potions_obtained":[{"floor":6,"key":"Fire Potion"},{"floor":12,"key":"BlessingOfTheForge"},{"floor":13,"key":"FearPotion"},{"floor":14,"key":"Fruit Juice"},{"floor":14,"key":"Energy Potion"},{"floor":14,"key":"Doom Potion"},{"floor":16,"key":"Venom Potion"},{"floor":22,"key":"sneckomod:MuddlingPotion"},{"floor":25,"key":"PowerPotion"},{"floor":29,"key":"Elixir"},{"floor":30,"key":"LiquidBronze"},{"floor":36,"key":"FearPotion"},{"floor":39,"key":"Swift Potion"},{"floor":44,"key":"Guardian:BlockOnCardUsePotion"},{"floor":47,"key":"LiquidBronze"}],"is_trial":false,"path_per_floor":["M","M","$","?","M","E","R","E","T","E","M","E","M","?","R","B",null,"M","?","?","$","M","R","E","M","T","T","?","?","M","$","R","B",null,"M","M","M","T","M","E","$","R","T","M","E","?","M","?","R","B",null],"character_chosen":"THE_SILENT","items_purchased":["Gremlin Horn","Strange Spoon","Accuracy","Poisoned Stab","hubris:EmptyBottle"],"campfire_rested":6,"item_purchase_floors":[21,21,31,41,41],"current_hp_per_floor":[70,70,70,59,59,42,63,35,35,28,28,20,16,21,43,36,75,69,69,69,69,41,63,54,35,35,35,35,17,13,13,35,13,75,67,47,27,27,20,20,20,42,42,42,34,34,34,34,56,6],"gold":88,"neow_bonus":"THREE_ENEMY_KILL","is_daily":false,"chose_seed":false,"campfire_upgraded":0,"win_rate":0.0,"timestamp":1613452595,"path_taken":["M","?","$","?","M","E","R","E","T","E","M","E","M","?","R","BOSS","M","?","?","$","M","R","E","M","T","?","?","?","M","$","R","BOSS","M","?","M","?","M","E","$","R","T","M","E","?","M","?","R","BOSS"],"items_purchased_type":["Relic","Relic","Card","Card","Relic"],"build_version":"2020-12-22","purchased_purges":1,"victory":true,"max_hp_per_floor":[70,70,70,70,70,70,70,70,70,70,70,70,70,75,75,75,75,75,75,75,75,75,75,75,75,75,75,75,75,75,75,75,75,75,75,75,75,75,75,75,75,75,75,75,75,75,75,75,75,75],"card_choices":[{"not_picked":["Dagger Throw","Poisoned Stab"],"picked":"Blade Dance","floor":1},{"not_picked":["Dodge and Roll","Underhanded Strike"],"picked":"Hidden Blade","floor":2},{"not_picked":["Tools of the Trade","Outmaneuver"],"picked":"Draining Mist","floor":5},{"not_picked":["Concentrate","Bane"],"picked":"Backstab","floor":6},{"not_picked":["Dash","Endless Agony"],"picked":"Blade Dance","floor":8},{"not_picked":["Well Laid Plans","Deflect"],"picked":"Terror","floor":10},{"not_picked":["Flying Knee","Dagger Throw"],"picked":"Blade Dance","floor":11},{"not_picked":["Caltrops","Underhanded Strike"],"picked":"Dodge and Roll","floor":12},{"not_picked":["Masterful Stab","Flying Knee"],"picked":"Infinite Blades","floor":13},{"not_picked":["Atom Bomb","Night Terror"],"picked":"After Image","floor":16},{"not_picked":["Poisoned Stab+1","Prepared+1"],"picked":"Blade Dance","floor":18},{"not_picked":["Prepared","Underhanded Strike","Reflex+1"],"picked":"SKIP","floor":22},{"not_picked":["Deadly Poison","Slice"],"picked":"Catalyst+1","floor":24},{"not_picked":["Dagger Throw","Sneak Up","Blur"],"picked":"SKIP","floor":25},{"not_picked":["hubris:SlightOfHand","Well Laid Plans"],"picked":"Infinite Blades+1","floor":29},{"not_picked":["Concentrate","Predator"],"picked":"Slice","floor":29},{"not_picked":["Dagger Spray","hubris:TrickCloak"],"picked":"Distraction+1","floor":30},{"not_picked":["Phantasmal Killer","Doppelganger"],"picked":"Storm of Steel","floor":33},{"not_picked":["Glass Knife","aspiration:Lunge"],"picked":"Phantasmal Killer","floor":34},{"not_picked":["ReplayTheSpireMod:Chaos Vortex","infinitespire:FinalStrike"],"picked":"infinitespire:UltimateForm","floor":34},{"not_picked":["Flying Knee","Leg Sweep+1"],"picked":"Corpse Explosion","floor":35},{"not_picked":["Quick Slash","All Out Attack+1"],"picked":"Blade Dance","floor":36},{"not_picked":["Choke+1","Dagger Throw+1"],"picked":"Catalyst","floor":37},{"not_picked":["Prepared","Reflex"],"picked":"Hidden Blade","floor":39},{"not_picked":["Masterful Stab+1","Quick Slash"],"picked":"Finisher","floor":40},{"not_picked":["Noxious Fumes+1","Dodge and Roll+1"],"picked":"Blade Dance+1","floor":44},{"not_picked":["Phantasmal Killer","Quick Slash+1","Bane"],"picked":"SKIP","floor":45},{"not_picked":["Dodge and Roll","Acrobatics+1"],"picked":"Backflip","floor":47}],"player_experience":129362,"relics_obtained":[{"floor":6,"key":"Tiny Chest"},{"floor":8,"key":"hubris:MobiusCoin"},{"floor":10,"key":"ReplayTheSpireMod:TigerMarble"},{"floor":12,"key":"Basket Of Snakes"},{"floor":24,"key":"aspiration:FetidBarrel"},{"floor":26,"key":"PreservedInsect"},{"floor":27,"key":"infinitespire:EmpoweringShard"},{"floor":29,"key":"Orichalcum"},{"floor":38,"key":"TungstenRod"},{"floor":40,"key":"infinitespire:BottledMercury"},{"floor":43,"key":"Replay:Baseball"},{"floor":45,"key":"hubris:TinFlute"}],"event_choices":[{"damage_healed":0,"gold_gain":75,"player_choice":"Gold","damage_taken":11,"max_hp_gain":0,"max_hp_loss":0,"event_name":"betterThird:BetterGoop","floor":4,"gold_loss":0},{"damage_healed":0,"gold_gain":0,"player_choice":"Got Potions","damage_taken":0,"max_hp_gain":0,"max_hp_loss":0,"event_name":"Lab","floor":14,"gold_loss":0},{"damage_healed":0,"gold_gain":0,"player_choice":"Bet on Murderer","damage_taken":0,"max_hp_gain":0,"max_hp_loss":0,"event_name":"The Joust","floor":20,"gold_loss":50},{"cards_removed":["Strike_G"],"damage_healed":0,"gold_gain":0,"player_choice":"Gave Gold","damage_taken":0,"max_hp_gain":0,"max_hp_loss":0,"event_name":"Beggar","floor":28,"gold_loss":75},{"damage_healed":0,"gold_gain":0,"player_choice":"Gave Potion","damage_taken":0,"relics_obtained":["War Paint"],"max_hp_gain":0,"max_hp_loss":0,"event_name":"WeMeetAgain","floor":48,"gold_loss":0}],"is_beta":false,"boss_relics":[{"not_picked":["Fusion Hammer","SacredBark"],"picked":"Empty Cage"},{"not_picked":["aspiration:IroncladSkillbook","Velvet Choker"],"picked":"ReplayTheSpireMod:SealedPack"}],"items_purged_floors":[3],"is_endless":false,"potions_floor_spawned":[6,12,13,16,22,25,30,36,39,44,47],"ascension_level":2}}