{"host":"mo324zvkdr1xwprd","time":1613475679,"event":{"mods":["A Penny For Your Troubles","BaseMod","Better Note","Better Third Choice","BetterRewards","Hermit","Highlight Path","Hubris","Minty Spire (QoL Compilation)","Quick Restart","Rare Cards Sparkle","Shop Mod","StSLib","The Cursed","The Hierophant","The Servant 0.9.4","Transform Curses"],"gold_per_floor":[114,127,127,188,224,282,337,337,364,364,408,484,484,523,523,647,647,666,351,371,371,371,432,432,470,545,589,629,629,685,723,723,847,847,872,355,355,355,373,408,741,774,774,804,814,829,1104,638,638,639,639,639,35,67,67],"floor_reached":56,"language":"ENG","playtime":4060,"items_purged":["Regret"],"score":2179,"play_id":"9f46ac9d-e195-4867-bbc9-bd9b2fbf30d2","local_time":"20210216114119","is_ascension_mode":true,"campfire_choices":[{"floor":8.0,"key":"REST"},{"floor":10.0,"key":"RECALL"},{"data":"Feed","floor":15.0,"key":"SMITH"},{"data":"Shockwave","floor":29.0,"key":"SMITH"},{"data":"Barricade","floor":32.0,"key":"SMITH"},{"data":"Demon Form","floor":49.0,"key":"SMITH"},{"data":"Inflame","floor":52,"key":"SMITH"}],"circlet_count":0,"master_deck":["Strike_R","Strike_R","Strike_R","Strike_R","Strike_R","Defend_R","Defend_R","Defend_R","Defend_R","Bash","Limit Break","Bludgeon","HandOfGreed","Shrug It Off","Violence+1","Iron Wave","Shockwave+1","Ghostly Armor","Shrug It Off","Injury","Seeing Red","Power Through","Barricade+1","Anger","Pommel Strike","Warcry+1","Sword Boomerang","Shrug It Off","Headbutt","Feed+1","Rage","Reaper","Twin Strike+1","Cleave","Inflame+1","Cleave","Dropkick","Clash","Uppercut","hubris:StunningStrike","TheCursedMod:RapidMovement","Cleave","Pommel Strike+1","Thunderclap","Cleave+1","Heavy Blade","Carnage","Immolate","Demon Form+1","Intimidate","Dark Shackles","Heavy Blade","Impatience","Transmutation","Rage+1","Shrug It Off","Limit Break","Seeing Red+1","Shrug It Off","Seeing Red","Inflame","Feel No Pain+1","Headbutt+1","Good Instincts","Spot Weakness","Warcry","Master of Strategy","Dramatic Entrance","Thinking Ahead","Entrench+1"],"relics":["Burning Blood","Happy Flower","Prayer Wheel","Bag of Preparation","Strawberry","hubris:GlazedTorus","Vajra","War Paint","hubris:Zylophone","Bag of Marbles","hubris:RunicObelisk","Oddly Smooth Stone","PreservedInsect","Gremlin Horn","HornCleat","hubris:PeanutButter","Red Mask","Bottled Tornado","hubris:Backtick","Ice Cream","Pen Nib","Chemical X","Darkstone Periapt","Bronze Scales","Anchor","Toy Ornithopter","Nunchaku","hubris:BottledRain"],"acts_visited":["Exordium","TheCity","TheBeyond","TheEnding"],"potions_floor_usage":[50,50,50,55,55],"damage_taken":[{"damage":0.0,"enemies":"Jaw Worm","floor":1.0,"turns":3.0},{"damage":0.0,"enemies":"Small Slimes","floor":2.0,"turns":2.0},{"damage":2.0,"enemies":"2 Louse","floor":4.0,"turns":4.0},{"damage":0.0,"enemies":"2 Fungi Beasts","floor":5.0,"turns":3.0},{"damage":0.0,"enemies":"Exordium Wildlife","floor":6.0,"turns":6.0},{"damage":15.0,"enemies":"Lagavulin","floor":7.0,"turns":4.0},{"damage":0.0,"enemies":"Gremlin Gang","floor":11.0,"turns":7.0},{"damage":9.0,"enemies":"3 Sentries","floor":12.0,"turns":6.0},{"damage":7.0,"enemies":"Lagavulin","floor":14.0,"turns":4.0},{"damage":23.0,"enemies":"Hexaghost","floor":16.0,"turns":7.0},{"damage":12.0,"enemies":"2 Thieves","floor":18.0,"turns":4.0},{"damage":1.0,"enemies":"3 Byrds","floor":20.0,"turns":3.0},{"damage":10.0,"enemies":"Slavers","floor":23.0,"turns":5.0},{"damage":0.0,"enemies":"3 Cultists","floor":25.0,"turns":5.0},{"damage":3.0,"enemies":"Cultist and Chosen","floor":27.0,"turns":7.0},{"damage":0.0,"enemies":"Book of Stabbing","floor":28.0,"turns":3.0},{"damage":0.0,"enemies":"Masked Bandits","floor":30.0,"turns":6.0},{"damage":0.0,"enemies":"Gremlin Leader","floor":31.0,"turns":3.0},{"damage":20.0,"enemies":"Collector","floor":33.0,"turns":8.0},{"damage":0.0,"enemies":"3 Shapes","floor":35.0,"turns":6.0},{"damage":0.0,"enemies":"3 Darklings","floor":39.0,"turns":3.0},{"damage":1.0,"enemies":"Giant Head","floor":40.0,"turns":7.0},{"damage":10.0,"enemies":"Nemesis","floor":42.0,"turns":5.0},{"damage":0.0,"enemies":"Reptomancer","floor":44.0,"turns":4.0},{"damage":0.0,"enemies":"Transient","floor":45.0,"turns":5.0},{"damage":0.0,"enemies":"Sphere and 2 Shapes","floor":46.0,"turns":3.0},{"damage":9,"enemies":"Donu and Deca","floor":50,"turns":7},{"damage":0,"enemies":"Shield and Spear","floor":54,"turns":4},{"damage":106,"enemies":"The Heart","floor":55,"turns":6}],"seed_played":"3629155066659448741","potions_obtained":[{"floor":1.0,"key":"CultistPotion"},{"floor":2.0,"key":"SteroidPotion"},{"floor":7.0,"key":"Strength Potion"},{"floor":11.0,"key":"PowerPotion"},{"floor":14.0,"key":"FearPotion"},{"floor":20.0,"key":"Swift Potion"},{"floor":23.0,"key":"Ancient Potion"},{"floor":25.0,"key":"DuplicationPotion"},{"floor":27.0,"key":"DuplicationPotion"},{"floor":39.0,"key":"Dexterity Potion"},{"floor":40.0,"key":"FearPotion"},{"floor":42.0,"key":"Regen Potion"},{"floor":44.0,"key":"Swift Potion"},{"floor":54,"key":"FairyPotion"}],"is_trial":false,"path_per_floor":["M","M","?","M","M","M","E","R","T","R","M","E","T","E","R","B",null,"M","$","M","?","?","E","?","M","T","M","E","R","?","E","R","B",null,"M","$","?","?","M","E","?","E","T","E","M","M","?","$","R","B",null,"R","$","E","B",null],"character_chosen":"IRONCLAD","items_purchased":["Happy Flower","Limit Break","Bludgeon","HandOfGreed","Bag of Preparation","Strawberry","Shrug It Off","Violence","Inflame","Oddly Smooth Stone","Cleave","Dropkick","Pen Nib","Chemical X","Intimidate","Dark Shackles","Heavy Blade","Swift Potion","Good Instincts","Spot Weakness","Warcry","Master of Strategy","Nunchaku","Dexterity Potion","Strength Potion","EssenceOfSteel","Dramatic Entrance","Thinking Ahead"],"campfire_rested":1,"item_purchase_floors":[0,0,0,0,0,0,0,0,19,19,19,19,36,36,36,36,36,36,48,48,48,48,53,53,53,53,53,53],"current_hp_per_floor":[45,51,51,55,61,67,58,84,84,84,87,84,84,83,83,66,82,91,91,91,91,91,91,91,99,99,99,103,103,107,111,111,101,112,119,119,109,109,115,123,123,119,119,123,123,123,129,129,129,126,128,128,128,129,29],"gold":67,"neow_bonus":"","is_daily":false,"chose_seed":false,"campfire_upgraded":5,"win_rate":0.0,"timestamp":1613475679,"path_taken":["M","M","?","M","M","M","E","R","T","R","M","E","?","E","R","BOSS","M","$","M","?","?","E","?","M","T","?","E","R","?","E","R","BOSS","M","$","?","?","M","E","?","E","T","E","M","M","?","$","R","BOSS","R","$","E","BOSS"],"items_purchased_type":["Relic","Card","Card","Card","Relic","Relic","Card","Card","Card","Relic","Card","Card","Relic","Relic","Card","Card","Card","Potion","Card","Card","Card","Card","Relic","Potion","Potion","Potion","Card","Card"],"build_version":"2020-12-22","purchased_purges":1,"victory":true,"max_hp_per_floor":[87,87,87,87,87,87,87,87,87,87,87,87,87,87,87,87,87,91,91,91,91,91,95,95,99,99,99,103,103,107,111,111,115,115,119,119,119,119,119,123,123,123,123,123,123,123,129,129,129,129,129,129,129,129,129],"card_choices":[{"not_picked":["Dual Wield","Rupture"],"picked":"Iron Wave","floor":1.0},{"not_picked":["Seeing Red","Clothesline"],"picked":"Shockwave","floor":1.0},{"not_picked":["Warcry","Reckless Charge"],"picked":"Ghostly Armor","floor":2.0},{"not_picked":["Pummel","hubris:ReadiedAction"],"picked":"Shrug It Off","floor":2.0},{"not_picked":["Spot Weakness","Armaments"],"picked":"Seeing Red","floor":4.0},{"not_picked":["Dark Embrace","Feel No Pain"],"picked":"Power Through","floor":4.0},{"not_picked":["True Grit","Rupture"],"picked":"Barricade","floor":5.0},{"not_picked":["Clothesline","Twin Strike"],"picked":"Anger","floor":5.0},{"not_picked":["Flex","Feel No Pain"],"picked":"Pommel Strike","floor":6.0},{"not_picked":["Bloodletting","Pummel"],"picked":"Warcry","floor":6.0},{"not_picked":["Limit Break","Headbutt"],"picked":"Sword Boomerang","floor":7.0},{"not_picked":["Blood for Blood","Battle Trance"],"picked":"Shrug It Off","floor":11.0},{"not_picked":["hubris:SharpeningStone","Perfected Strike"],"picked":"Headbutt","floor":11.0},{"not_picked":["hubris:CleavingFinish","Burning Pact"],"picked":"Feed","floor":12.0},{"not_picked":["Pommel Strike","Flame Barrier"],"picked":"Rage","floor":14.0},{"not_picked":["Fiend Fire","Barricade"],"picked":"Reaper","floor":16.0},{"not_picked":["Perfected Strike","Dark Embrace"],"picked":"Twin Strike+1","floor":18.0},{"not_picked":["hubris:SharpeningStone+1","Perfected Strike+1"],"picked":"Cleave","floor":18.0},{"not_picked":["Perfected Strike+1","Rampage"],"picked":"Clash","floor":20.0},{"not_picked":["Pummel","Sword Boomerang"],"picked":"Uppercut","floor":20.0},{"not_picked":["Warcry","Evolve"],"picked":"hubris:StunningStrike","floor":23.0},{"not_picked":["Iron Wave","Twin Strike"],"picked":"Cleave","floor":25.0},{"not_picked":["Wild Strike","Clash"],"picked":"Pommel Strike+1","floor":25.0},{"not_picked":["Cleave","Havoc"],"picked":"Thunderclap","floor":27.0},{"not_picked":["Wild Strike","Iron Wave+1"],"picked":"Cleave+1","floor":27.0},{"not_picked":["Body Slam","Rampage"],"picked":"Heavy Blade","floor":28.0},{"not_picked":["Hemokinesis","Havoc+1"],"picked":"Carnage","floor":30.0},{"not_picked":["Dark Embrace","Thunderclap"],"picked":"Immolate","floor":31.0},{"not_picked":["Double Tap","Exhume"],"picked":"Demon Form","floor":33.0},{"not_picked":["Dual Wield","hubris:SharpeningStone","Perfected Strike+1"],"picked":"SKIP","floor":35.0},{"not_picked":["hubris:ReadiedAction+1","Dual Wield+1","True Grit"],"picked":"SKIP","floor":35.0},{"not_picked":["PanicButton","Finesse"],"picked":"Madness","floor":37.0},{"not_picked":["hubris:Ssssneak","Enlightenment"],"picked":"Impatience","floor":37.0},{"not_picked":["Swift Strike","Thinking Ahead"],"picked":"Transmutation","floor":37.0},{"not_picked":["Wild Strike+1","Twin Strike+1"],"picked":"Rage+1","floor":39.0},{"not_picked":["Rupture+1","Second Wind+1"],"picked":"Shrug It Off","floor":39.0},{"not_picked":["Battle Trance","Fire Breathing+1"],"picked":"Limit Break","floor":40.0},{"not_picked":["Burning Pact","Blood for Blood"],"picked":"Seeing Red+1","floor":42.0},{"not_picked":["Anger","hubris:ReadiedAction"],"picked":"Shrug It Off","floor":44.0},{"not_picked":["Searing Blow+1","Perfected Strike"],"picked":"Seeing Red","floor":45.0},{"not_picked":["Rampage+1","True Grit+1"],"picked":"Inflame","floor":45.0},{"not_picked":["Clothesline","Body Slam+1"],"picked":"Feel No Pain+1","floor":46.0},{"not_picked":["Reckless Charge","Havoc+1"],"picked":"Headbutt+1","floor":46.0},{"not_picked":["hubris:ReadiedAction+1","Body Slam"],"picked":"Entrench+1","floor":54}],"player_experience":692726,"relics_obtained":[{"floor":7.0,"key":"Vajra"},{"floor":9.0,"key":"War Paint"},{"floor":12.0,"key":"hubris:Zylophone"},{"floor":14.0,"key":"Bag of Marbles"},{"floor":23.0,"key":"Gremlin Horn"},{"floor":26.0,"key":"HornCleat"},{"floor":28.0,"key":"hubris:PeanutButter"},{"floor":30.0,"key":"Red Mask"},{"floor":31.0,"key":"Bottled Tornado"},{"floor":40.0,"key":"Darkstone Periapt"},{"floor":42.0,"key":"Bronze Scales"},{"floor":43.0,"key":"Anchor"},{"floor":44.0,"key":"Toy Ornithopter"},{"floor":54,"key":"hubris:BottledRain"}],"event_choices":[{"damage_healed":0.0,"max_hp_gain":0.0,"max_hp_loss":0.0,"gold_gain":0.0,"event_name":"Golden Idol","player_choice":"Take Wound","floor":3.0,"gold_loss":0.0,"damage_taken":0.0,"relics_obtained":["Golden Idol"],"cards_obtained":["Injury"]},{"damage_healed":0.0,"max_hp_gain":0.0,"max_hp_loss":0.0,"gold_gain":0.0,"event_name":"The Mausoleum","player_choice":"Opened","floor":21.0,"gold_loss":0.0,"damage_taken":0.0,"relics_obtained":["PreservedInsect"]},{"damage_healed":0.0,"max_hp_gain":0.0,"max_hp_loss":0.0,"gold_gain":0.0,"event_name":"Ghosts","player_choice":"Ignored","floor":22.0,"gold_loss":0.0,"damage_taken":0.0},{"damage_healed":0.0,"max_hp_gain":0.0,"max_hp_loss":0.0,"gold_gain":0.0,"event_name":"The Library","player_choice":"Read","floor":24.0,"gold_loss":0.0,"damage_taken":0.0,"cards_obtained":["TheCursedMod:RapidMovement"]},{"damage_healed":0.0,"max_hp_gain":0.0,"max_hp_loss":0.0,"gold_gain":0.0,"event_name":"Masked Bandits","player_choice":"Fought Bandits","floor":30.0,"gold_loss":0.0,"damage_taken":0.0},{"damage_healed":0.0,"max_hp_gain":0.0,"max_hp_loss":0.0,"gold_gain":0.0,"event_name":"SensoryStone","player_choice":"Memory 3","floor":37.0,"gold_loss":0.0,"damage_taken":10.0},{"cards_removed":["Madness"],"damage_healed":0.0,"max_hp_gain":0.0,"max_hp_loss":0.0,"gold_gain":0.0,"event_name":"Falling","player_choice":"Removed Skill","floor":38.0,"gold_loss":0.0,"damage_taken":0.0},{"damage_healed":0.0,"max_hp_gain":0.0,"max_hp_loss":0.0,"gold_gain":333.0,"event_name":"The Moai Head","player_choice":"Gave Idol","floor":41.0,"relics_lost":["Golden Idol"],"gold_loss":0.0,"damage_taken":0.0},{"damage_healed":0.0,"max_hp_gain":0.0,"max_hp_loss":0.0,"gold_gain":275.0,"event_name":"Golden Shrine","player_choice":"Desecrate","floor":47.0,"gold_loss":0.0,"damage_taken":0.0,"cards_obtained":["Regret"]}],"is_beta":false,"boss_relics":[{"not_picked":["Snecko Eye","Ectoplasm"],"picked":"hubris:RunicObelisk"},{"not_picked":["Coffee Dripper","Velvet Choker"],"picked":"hubris:Backtick"}],"items_purged_floors":[48],"is_endless":false,"potions_floor_spawned":[1,2,7,11,14,20,23,25,27,39,40,42,44,54],"ascension_level":5}}