{"host":"nlbr7nnijupf3yfg","time":1613439133,"event":{"mods":["AchievementEnabler","BaseMod","BetterRewards","Colored Powertips","DeckTracker","Downfall","Hermit","Hubris","Infinite Spire","Minty Spire (QoL Compilation)","Quick Restart","Replay The Spire","StSLib","SuperFastMode","The Servant 0.9.4"],"gold_per_floor":[112,112,112,130,130,160,160,189,215,229,229,248,248,262,262,361,361,376,394,394,394,412,412,412],"floor_reached":23,"language":"ENG","playtime":372,"items_purged":[],"score":237,"play_id":"0e24ab04-e149-4fdb-a64c-d36f685b332d","local_time":"20210215203213","is_ascension_mode":true,"campfire_choices":[{"data":"Crystallizer","floor":7,"key":"SMITH"},{"floor":11,"key":"REST"},{"floor":13,"key":"REST"},{"data":"Rip and Tear","floor":15,"key":"SMITH"}],"circlet_count":0,"master_deck":["Strike_B","Strike_B","Strike_B+1","Defend_B","Defend_B","Defend_B","Defend_B+1","Zap","Dualcast","Crystallizer+1","Go for the Eyes","Sunder","Rip and Tear","Melter","Barrage","Rip and Tear+1","ReplayTheSpireMod:Omega Cannon","Rebound+1","Gash+1","Necronomicurse","Crystallizer+1","Barrage"],"relics":["Cracked Core","NeowsBlessing","Orichalcum","Pen Nib","hubris:BallOfYels","Potion Belt","Runic Dome","Necronomicon","DollysMirror"],"acts_visited":["Exordium","TheCity"],"potions_floor_usage":[16],"damage_taken":[{"damage":0,"enemies":"2 Louse","floor":1,"turns":1},{"damage":0,"enemies":"Small Slimes","floor":4,"turns":1},{"damage":0,"enemies":"Lagavulin","floor":6,"turns":1},{"damage":16,"enemies":"3 Sentries","floor":8,"turns":6},{"damage":6,"enemies":"Jaw Worm","floor":10,"turns":2},{"damage":0,"enemies":"Large Slime","floor":12,"turns":3},{"damage":0,"enemies":"2 Fungi Beasts","floor":14,"turns":2},{"damage":32,"enemies":"The Guardian","floor":16,"turns":8},{"damage":16,"enemies":"2 Thieves","floor":18,"turns":3},{"damage":5,"enemies":"Chosen","floor":19,"turns":3},{"damage":11,"enemies":"Shelled Parasite and Fungi","floor":22,"turns":2},{"damage":30,"enemies":"Nightmare","floor":23,"turns":4}],"seed_played":"4144774173578993812","potions_obtained":[{"floor":1,"key":"Regen Potion"},{"floor":8,"key":"Energy Potion"},{"floor":10,"key":"ColorlessPotion"},{"floor":19,"key":"Venom Potion"}],"is_trial":false,"path_per_floor":["M","?","?","M","?","E","R","E","T","M","R","M","R","M","R","B",null,"M","M","?","AVR","M","NM"],"character_chosen":"DEFECT","items_purchased":[],"campfire_rested":2,"item_purchase_floors":[],"current_hp_per_floor":[75,60,53,53,46,46,46,30,30,24,46,46,68,68,68,36,75,59,54,38,38,27,0,0],"gold":412,"neow_bonus":"THREE_ENEMY_KILL","is_daily":false,"chose_seed":false,"campfire_upgraded":2,"win_rate":0.0,"timestamp":1613439133,"path_taken":["M","?","?","M","?","E","R","E","T","M","R","M","R","M","R","BOSS","M","M","?","AVR","M","NM"],"items_purchased_type":[],"build_version":"2020-12-22","purchased_purges":0,"victory":false,"max_hp_per_floor":[75,75,75,75,75,75,75,75,75,75,75,75,75,75,75,75,75,75,75,75,75,75,75,75],"card_choices":[{"not_picked":["Force Field","Fusion"],"picked":"Crystallizer","floor":1},{"not_picked":["ReplayTheSpireMod:Calculation Training","BootSequence"],"picked":"Go for the Eyes","floor":4},{"not_picked":["Go for the Eyes","Fusion"],"picked":"Sunder","floor":6},{"not_picked":["Leap","Steam Power"],"picked":"Rip and Tear","floor":8},{"not_picked":["Recycle","Leap"],"picked":"Melter","floor":10},{"not_picked":["ReplayGash","Leap"],"picked":"Barrage","floor":12},{"not_picked":["Time Bomb","Barrage"],"picked":"Rip and Tear","floor":14},{"not_picked":["Amplify","ReplayTheSpireMod:Fabricate Wheel"],"picked":"ReplayTheSpireMod:Omega Cannon","floor":16},{"not_picked":["Go for the Eyes","Darkness"],"picked":"Rebound+1","floor":18},{"not_picked":["Ball Lightning","Turbo"],"picked":"Gash+1","floor":19},{"not_picked":["Aggregate+1","Rebound"],"picked":"Barrage","floor":22}],"player_experience":82021,"relics_obtained":[{"floor":6,"key":"Pen Nib"},{"floor":8,"key":"hubris:BallOfYels"},{"floor":9,"key":"Potion Belt"},{"floor":20,"key":"Necronomicon"}],"event_choices":[{"damage_healed":0,"gold_gain":0,"player_choice":"Entered Light","damage_taken":15,"max_hp_gain":0,"max_hp_loss":0,"event_name":"Shining Light","floor":2,"gold_loss":0,"cards_upgraded":["Strike_B","Defend_B"]},{"cards_removed":["Strike_B"],"damage_healed":0,"gold_gain":0,"player_choice":"Card Removal","damage_taken":7,"max_hp_gain":0,"max_hp_loss":0,"event_name":"Golden Wing","floor":3,"gold_loss":0},{"damage_healed":0,"gold_gain":0,"player_choice":"Success","damage_taken":7,"relics_obtained":["Orichalcum"],"max_hp_gain":0,"max_hp_loss":0,"event_name":"Scrap Ooze","floor":5,"gold_loss":0},{"damage_healed":0,"gold_gain":0,"player_choice":"Obtained Book","damage_taken":16,"max_hp_gain":0,"max_hp_loss":0,"event_name":"Cursed Tome","floor":20,"gold_loss":0}],"is_beta":false,"boss_relics":[{"not_picked":["ReplayTheSpireMod:DimensionalGlitch","FrozenCore"],"picked":"Runic Dome"}],"items_purged_floors":[],"is_endless":false,"potions_floor_spawned":[1,8,10,19],"killed_by":"Nightmare","ascension_level":1}}