{"host":"enpah696raxjhbxd","time":1613453072,"event":{"mods":["BaseMod","Challenge The Spire","Chen","Colored Powertips","Friendly Minions","Minty Spire (QoL Compilation)","Replay The Spire","StSLib","TestMod","The Bladedancer","The Poker Player","UnlockEverythingMod"],"gold_per_floor":[112,124,141,141,216,241,255,275,302,302,332,332,348,383,383,515,515,543,552,561,579,579,633,655,694,694,737,737,737,209,236,236,347,347,364,390,789,789,789,995,995,1029,1081,1107,1007,1021,1083,1083,1083,1083,1083,1083,504,504,504],"floor_reached":54,"language":"ZHS","playtime":1650,"items_purged":["Amnesia","blademaster:Quickstep+1"],"score":1156,"play_id":"baa227ec-1a36-41b0-beaa-a2a26a4cee4c","local_time":"20210216132432","is_ascension_mode":true,"campfire_choices":[{"data":"blademaster:BladeMastery","floor":10.0,"key":"SMITH"},{"data":"blademaster:DaggerAndCloak","floor":12.0,"key":"SMITH"},{"data":"blademaster:RagingBlow","floor":15.0,"key":"SMITH"},{"data":"blademaster:Quickstep","floor":29.0,"key":"SMITH"},{"data":"blademaster:AncestralHealing","floor":29.0,"key":"SMITH"},{"data":"blademaster:LeechingStrike","floor":32.0,"key":"SMITH"},{"data":"blademaster:LeechingStrike","floor":32.0,"key":"SMITH"},{"data":"blademaster:BladeDance","floor":41.0,"key":"SMITH"},{"data":"blademaster:EyeOfTheStorm","floor":41.0,"key":"SMITH"},{"floor":49.0,"key":"RECALL"},{"data":"blademaster:Breeze","floor":52.0,"key":"SMITH"},{"data":"blademaster:RollingTyphoon","floor":52.0,"key":"SMITH"}],"circlet_count":0,"master_deck":["blademaster:Strike+1","blademaster:Strike+1","blademaster:Strike+1","blademaster:Strike+1","blademaster:Defend","blademaster:Defend","blademaster:Defend","blademaster:Defend","blademaster:RagingBlow+1","blademaster:HighVoltage","blademaster:LeechingStrike+1","blademaster:Havoc","blademaster:DaggerAndCloak+1","blademaster:BladeMastery+1","blademaster:RollingTyphoon+1","blademaster:DragonStrike+1","Necronomicurse","blademaster:Breeze+1","blademaster:AncestralHealing+1","blademaster:LeechingStrike+1","blademaster:LeechingStrike","blademaster:BladeDance+1","blademaster:EyeOfTheStorm+1","blademaster:AspectOfLightning","Languid","Hallucinations","Parasite","blademaster:Vortex+1","testmod-Librarian"],"relics":["blademaster:DancersAmulet","testmod-EqualTreatment","NeowsBlessing","Ring of Hypnosis","Ring of Fury","testmod-TheFather","CeramicFish","Bag of Marbles","Sozu","Necronomicon","Strawberry","Chameleon Ring","Iron Hammer","Replay:Arrowhead","NlothsMask","testmod-Charity","testmod-BouquetWithThorns","testmod-NegativeEmotionEnhancer","Replay:Bottled Eggs","Bottled Flame","testmod-Laevatain","Pantograph","ReplayTheSpireMod:TigerMarble","Kunai"],"acts_visited":["Exordium","TheCity","TheBeyond","TheEnding"],"potions_floor_usage":[],"damage_taken":[{"damage":0.0,"enemies":"Small Slimes","floor":1.0,"turns":1.0},{"damage":0.0,"enemies":"2 Louse","floor":2.0,"turns":1.0},{"damage":0.0,"enemies":"Cultist","floor":3.0,"turns":1.0},{"damage":6.0,"enemies":"3 Sentries","floor":6.0,"turns":3.0},{"damage":0.0,"enemies":"Blue Slaver","floor":7.0,"turns":2.0},{"damage":6.0,"enemies":"3 Louse","floor":8.0,"turns":3.0},{"damage":0.0,"enemies":"Lagavulin","floor":11.0,"turns":2.0},{"damage":3.0,"enemies":"Looter","floor":13.0,"turns":2.0},{"damage":31.0,"enemies":"Gremlin Nob","floor":14.0,"turns":4.0},{"damage":0.0,"enemies":"Slime Boss","floor":16.0,"turns":4.0},{"damage":0.0,"enemies":"3 Byrds","floor":18.0,"turns":2.0},{"damage":2.0,"enemies":"2 Thieves","floor":21.0,"turns":2.0},{"damage":30.0,"enemies":"Slavers","floor":23.0,"turns":3.0},{"damage":0.0,"enemies":"Cultist and Chosen","floor":24.0,"turns":2.0},{"damage":39.0,"enemies":"Replay:Snechameleon","floor":25.0,"turns":5.0},{"damage":0.0,"enemies":"Slavers","floor":27.0,"turns":1.0},{"damage":0.0,"enemies":"3 Cultists","floor":31.0,"turns":1.0},{"damage":6.0,"enemies":"Automaton","floor":33.0,"turns":4.0},{"damage":0.0,"enemies":"3 Darklings","floor":35.0,"turns":1.0},{"damage":14.0,"enemies":"3 Shapes","floor":36.0,"turns":2.0},{"damage":0.0,"enemies":"Reptomancer","floor":42.0,"turns":1.0},{"damage":79.0,"enemies":"Nemesis","floor":44.0,"turns":5.0},{"damage":0.0,"enemies":"Jaw Worm Horde","floor":46.0,"turns":1.0},{"damage":15.0,"enemies":"Giant Head","floor":47.0,"turns":5.0},{"damage":32.0,"enemies":"Donu and Deca","floor":50.0,"turns":3.0},{"damage":0,"enemies":"Shield and Spear","floor":54,"turns":1}],"seed_played":"-4965931445342522852","potions_obtained":[{"floor":6.0,"key":"ColorlessPotion"},{"floor":7.0,"key":"Toxic Potion"},{"floor":11.0,"key":"EssenceOfSteel"},{"floor":14.0,"key":"DistilledChaos"},{"floor":16.0,"key":"PowerPotion"}],"is_trial":false,"path_per_floor":["M","M","M","?","?","E","M","M","T","R","E","R","M","E","R","B",null,"M","?","?","M","?","E","M","E","T","E","?","R","$","M","R","B",null,"M","M","?","?","?","?","R","E","T","E","$","M","E","T","R","B",null,"R","$","E"],"character_chosen":"THE_BLADEMASTER","items_purchased":["testmod-Charity","testmod-BouquetWithThorns","ReplayTheSpireMod:TigerMarble","Kunai","testmod-Librarian"],"campfire_rested":0,"item_purchase_floors":[30,30,53,53,53],"current_hp_per_floor":[75,75,75,75,64,58,58,55,55,55,55,55,55,27,27,27,75,75,75,59,60,60,37,40,16,16,22,22,22,22,33,33,75,113,119,128,129,129,129,99,99,120,121,91,91,100,110,110,110,138,186,186,187,187,187],"gold":504,"neow_bonus":"THREE_ENEMY_KILL","is_daily":false,"chose_seed":false,"campfire_upgraded":11,"win_rate":0.0,"timestamp":1613453072,"path_taken":["M","M","M","?","?","E","M","M","T","R","E","R","M","E","R","BOSS","M","?","?","M","?","E","M","E","T","E","?","R","$","M","R","BOSS","M","?","?","?","?","?","R","E","T","E","$","?","E","?","R","BOSS","R","$","E"],"items_purchased_type":["Relic","Relic","Relic","Relic","Card"],"build_version":"2020-12-22","purchased_purges":2,"victory":false,"max_hp_per_floor":[75,75,75,75,75,75,75,75,75,75,75,75,75,75,75,75,75,75,75,75,75,75,82,82,82,82,82,82,82,82,87,87,113,113,119,129,130,130,130,132,132,144,145,148,148,154,167,167,167,186,186,186,187,187,187],"card_choices":[{"not_picked":["blademaster:AwakeningStrike","blademaster:AspectOfLightning"],"picked":"blademaster:LeechingStrike","floor":1.0},{"not_picked":["blademaster:Slice","blademaster:AspectOfLightning"],"picked":"blademaster:Havoc","floor":2.0},{"not_picked":["blademaster:Momentum","blademaster:SlyStabs","blademaster:Stability"],"picked":"SKIP","floor":3.0},{"not_picked":["blademaster:Cut","blademaster:CombatPrep"],"picked":"blademaster:DaggerAndCloak","floor":6.0},{"not_picked":["blademaster:Hailwind","blademaster:ChargingUp"],"picked":"blademaster:BladeMastery","floor":7.0},{"not_picked":["blademaster:Stability","blademaster:Hailwind","blademaster:Rupture"],"picked":"SKIP","floor":8.0},{"not_picked":["blademaster:IcyWind","blademaster:EyeOfTheStorm","blademaster:FuryOfTheElements"],"picked":"SKIP","floor":11.0},{"not_picked":["blademaster:FuriousStrike","blademaster:ChargingUp","blademaster:Stormstrike"],"picked":"SKIP","floor":13.0},{"not_picked":["blademaster:Frontflip","blademaster:Stability","blademaster:Stormstrike"],"picked":"SKIP","floor":14.0},{"not_picked":["blademaster:FlockOfBlades","blademaster:BladeDance"],"picked":"blademaster:RollingTyphoon","floor":16.0},{"not_picked":["blademaster:Quickness+1","blademaster:AwakeningDefend"],"picked":"blademaster:DragonStrike+1","floor":18.0},{"not_picked":["blademaster:IcyWind+1","blademaster:Frontflip","blademaster:Safeguard+1"],"picked":"SKIP","floor":21.0},{"not_picked":["blademaster:UnrelentingWind","blademaster:Quickness"],"picked":"blademaster:Breeze","floor":23.0},{"not_picked":["blademaster:Slice","blademaster:Sunder+1","blademaster:Sharpen"],"picked":"SKIP","floor":24.0},{"not_picked":["blademaster:Sunder","blademaster:Safeguard"],"picked":"blademaster:AncestralHealing","floor":25.0},{"not_picked":["blademaster:WindSlash+1","blademaster:Cut+1"],"picked":"blademaster:LeechingStrike","floor":27.0},{"not_picked":["blademaster:Sharpen","blademaster:ThunderingOpener"],"picked":"blademaster:LeechingStrike","floor":31.0},{"not_picked":["blademaster:FuryOfTheElements","blademaster:RagingBlow"],"picked":"blademaster:BladeDance","floor":33.0},{"not_picked":["blademaster:SlyStabs","blademaster:ThunderSlash","blademaster:ParryingStrike+1"],"picked":"SKIP","floor":35.0},{"not_picked":["blademaster:ThunderSlash+1","blademaster:AirSlash+1"],"picked":"blademaster:EyeOfTheStorm","floor":36.0},{"not_picked":["blademaster:CombatPrep+1","blademaster:Stability"],"picked":"blademaster:AspectOfLightning","floor":40.0},{"not_picked":["blademaster:WindSlash","blademaster:DeadlyDance","blademaster:Gust+1"],"picked":"SKIP","floor":42.0},{"not_picked":["blademaster:Reversal+1","blademaster:CombatPrep","blademaster:AspectOfWind+1"],"picked":"SKIP","floor":44.0},{"not_picked":["blademaster:Discharge","blademaster:Rupture","blademaster:AirSlash+1"],"picked":"SKIP","floor":46.0},{"not_picked":["blademaster:Gust","blademaster:Meditate+1"],"picked":"blademaster:Vortex+1","floor":47.0}],"player_experience":226828,"relics_obtained":[{"floor":4.0,"key":"Ring of Hypnosis"},{"floor":4.0,"key":"Ring of Fury"},{"floor":6.0,"key":"testmod-TheFather"},{"floor":6.0,"key":"blademaster:StanceHealPerk"},{"floor":11.0,"key":"CeramicFish"},{"floor":11.0,"key":"blademaster:BleedingLaceratePerk"},{"floor":14.0,"key":"Bag of Marbles"},{"floor":14.0,"key":"blademaster:ComboEveryTurnPerk"},{"floor":20.0,"key":"Necronomicon"},{"floor":23.0,"key":"Strawberry"},{"floor":23.0,"key":"blademaster:DextrousPerk"},{"floor":25.0,"key":"Chameleon Ring"},{"floor":25.0,"key":"blademaster:FinisherDrawCardPerk"},{"floor":26.0,"key":"Iron Hammer"},{"floor":27.0,"key":"Replay:Arrowhead"},{"floor":27.0,"key":"blademaster:StrongPerk"},{"floor":42.0,"key":"Replay:Bottled Eggs"},{"floor":42.0,"key":"blademaster:FuryEveryTurnPerk"},{"floor":44.0,"key":"Bottled Flame"},{"floor":44.0,"key":"blademaster:LightningChargePerk"},{"floor":47.0,"key":"testmod-Laevatain"},{"floor":47.0,"key":"blademaster:BonusComboPerk"},{"floor":48.0,"key":"Pantograph"}],"event_choices":[{"damage_healed":0.0,"max_hp_gain":0.0,"max_hp_loss":0.0,"gold_gain":75.0,"event_name":"World of Goop","player_choice":"Gather Gold","floor":5.0,"gold_loss":0.0,"damage_taken":11.0},{"damage_healed":0.0,"max_hp_gain":0.0,"max_hp_loss":0.0,"gold_gain":0.0,"event_name":"The Library","player_choice":"Read","floor":19.0,"gold_loss":0.0,"damage_taken":0.0,"cards_obtained":["blademaster:Quickstep"]},{"damage_healed":0.0,"max_hp_gain":0.0,"max_hp_loss":0.0,"gold_gain":0.0,"event_name":"Cursed Tome","player_choice":"Obtained Book","floor":20.0,"gold_loss":0.0,"damage_taken":16.0},{"damage_healed":0.0,"max_hp_gain":0.0,"max_hp_loss":0.0,"gold_gain":0.0,"event_name":"Vampires","player_choice":"Ignored","floor":22.0,"gold_loss":0.0,"damage_taken":0.0},{"damage_healed":0.0,"max_hp_gain":0.0,"max_hp_loss":0.0,"gold_gain":0.0,"event_name":"FaceTrader","player_choice":"Trade","floor":28.0,"gold_loss":0.0,"damage_taken":0.0,"relics_obtained":["NlothsMask"]},{"damage_healed":0.0,"max_hp_gain":0.0,"max_hp_loss":0.0,"gold_gain":400.0,"event_name":"恩洛斯的盘子","player_choice":"Sell","floor":37.0,"relics_lost":["testmod-TestBox"],"gold_loss":0.0,"damage_taken":0.0},{"damage_healed":0.0,"max_hp_gain":0.0,"max_hp_loss":0.0,"gold_gain":0.0,"event_name":"Tomb of Lord Red Mask","player_choice":"Ignored","floor":38.0,"gold_loss":0.0,"damage_taken":0.0},{"damage_healed":0.0,"max_hp_gain":0.0,"max_hp_loss":0.0,"gold_gain":0.0,"event_name":"给自己的盒子","player_choice":"Ignored","floor":39.0,"gold_loss":0.0,"damage_taken":0.0}],"is_beta":false,"boss_relics":[{"not_picked":["testmod-Prudence","Runic Pyramid"],"picked":"Sozu"},{"not_picked":["Fusion Hammer","testmod-BatchProcessingSystem"],"picked":"testmod-NegativeEmotionEnhancer"}],"items_purged_floors":[30,45],"is_endless":false,"potions_floor_spawned":[6,7,11,14,16,23,24,33,36,42],"killed_by":"Shield and Spear","ascension_level":4}}