{"host":"bq4pt811tk9yrmjl","time":1613490506,"event":{"mods":["AchievementEnabler","BaseMod","Colored Map","Colored Powertips","Defuse TimeMaze Blight","Hermit","Minty Spire (QoL Compilation)","Smile Girya","StSLib","SuperFastMode"],"gold_per_floor":[114,68,87,87,52,86,86,86,86,86,86,118,132,150,150,255,255,269,269,269,368,378,378,389,389,415,426,426,426],"floor_reached":28,"language":"ENG","playtime":553,"items_purged":[],"score":290,"play_id":"1e1e9d6d-919c-45c2-aa00-f2a6da5c9b25","local_time":"20210216134826","is_ascension_mode":true,"campfire_choices":[{"data":"Prostrate","floor":8.0,"key":"SMITH"},{"data":"Vigilance","floor":10.0,"key":"SMITH"},{"data":"Study","floor":15,"key":"SMITH"},{"data":"MasterReality","floor":23,"key":"SMITH"}],"circlet_count":0,"master_deck":["Strike_P","Strike_P","Strike_P","Strike_P","Defend_P","Defend_P","Defend_P","Defend_P","Eruption+1","Vigilance+1","Prostrate+1","CarveReality","Study+1","Consecrate","MasterReality+1","BowlingBash+1"],"relics":["PureWater","NeowsBlessing","Gremlin Horn","Pantograph","Darkstone Periapt","Busted Crown","Blood Vial"],"acts_visited":["Exordium","TheCity"],"potions_floor_usage":[14,27,28],"damage_taken":[{"damage":0.0,"enemies":"Small Slimes","floor":1.0,"turns":1.0},{"damage":0.0,"enemies":"2 Louse","floor":3.0,"turns":1.0},{"damage":0.0,"enemies":"3 Sentries","floor":6.0,"turns":1.0},{"damage":0.0,"enemies":"Lagavulin","floor":12.0,"turns":1.0},{"damage":0.0,"enemies":"Cultist","floor":13.0,"turns":5.0},{"damage":0,"enemies":"3 Louse","floor":14,"turns":3},{"damage":19,"enemies":"Slime Boss","floor":16,"turns":7},{"damage":14,"enemies":"3 Byrds","floor":18,"turns":7},{"damage":16,"enemies":"Shell Parasite","floor":22,"turns":9},{"damage":10,"enemies":"Centurion and Healer","floor":24,"turns":5},{"damage":13,"enemies":"Snecko","floor":27,"turns":5},{"damage":17,"enemies":"Cultist and Chosen","floor":28,"turns":8}],"seed_played":"-8319288233454816780","potions_obtained":[{"floor":3.0,"key":"AttackPotion"},{"floor":6.0,"key":"BlessingOfTheForge"},{"floor":12.0,"key":"ColorlessPotion"},{"floor":14,"key":"FairyPotion"},{"floor":24,"key":"Ancient Potion"},{"floor":27,"key":"Dexterity Potion"}],"is_trial":false,"path_per_floor":["M","$","M","?","?","E","$","R","T","R","?","E","M","M","R","B",null,"M","?","$","?","M","R","M","?","T","M","M"],"character_chosen":"WATCHER","items_purchased":["Prostrate"],"campfire_rested":0,"item_purchase_floors":[2],"current_hp_per_floor":[72,72,72,39,57,57,57,57,57,57,57,57,57,57,57,53,72,58,58,58,58,42,42,32,19,19,8,23,23],"gold":426,"neow_bonus":"THREE_ENEMY_KILL","is_daily":false,"chose_seed":false,"campfire_upgraded":4,"win_rate":0.0,"timestamp":1613490506,"path_taken":["M","$","M","?","?","E","$","R","T","R","?","E","?","M","R","BOSS","M","?","$","?","M","R","M","?","T","M","M"],"items_purchased_type":["Card"],"build_version":"2020-12-22","purchased_purges":0,"victory":false,"max_hp_per_floor":[72,72,72,72,72,72,72,72,72,72,72,72,72,72,72,72,72,72,72,72,72,72,72,72,77,77,77,77,77],"card_choices":[{"not_picked":["Crescendo","Indignation","EmptyFist"],"picked":"SKIP","floor":1.0},{"not_picked":["Prostrate","Halt"],"picked":"CarveReality","floor":3.0},{"not_picked":["ThirdEye","Meditate","EmptyFist"],"picked":"SKIP","floor":6.0},{"not_picked":["InnerPeace","Protect"],"picked":"Study","floor":12.0},{"not_picked":["CutThroughFate","Swivel","FlyingSleeves"],"picked":"SKIP","floor":13.0},{"not_picked":["Prostrate","FlurryOfBlows"],"picked":"Consecrate","floor":14},{"not_picked":["Brilliance","Judgement"],"picked":"MasterReality","floor":16},{"not_picked":[],"picked":"BowlingBash+1","floor":18},{"not_picked":["FlyingSleeves"],"picked":"SKIP","floor":22},{"not_picked":["EmptyMind"],"picked":"SKIP","floor":24},{"not_picked":["EmptyBody"],"picked":"SKIP","floor":27}],"player_experience":312234,"relics_obtained":[{"floor":6.0,"key":"Pantograph"},{"floor":12.0,"key":"Darkstone Periapt"},{"floor":26,"key":"Blood Vial"}],"event_choices":[{"damage_healed":0.0,"max_hp_gain":0.0,"max_hp_loss":0.0,"gold_gain":0.0,"event_name":"Scrap Ooze","player_choice":"Success","floor":4.0,"gold_loss":0.0,"damage_taken":33.0,"relics_obtained":["Gremlin Horn"]},{"damage_healed":18.0,"max_hp_gain":0.0,"max_hp_loss":0.0,"gold_gain":0.0,"event_name":"The Cleric","player_choice":"Healed","floor":5.0,"gold_loss":35.0,"damage_taken":0.0},{"damage_healed":0.0,"max_hp_gain":0.0,"max_hp_loss":0.0,"gold_gain":0.0,"event_name":"Upgrade Shrine","player_choice":"Upgraded","floor":11.0,"gold_loss":0.0,"damage_taken":0.0,"cards_upgraded":["Eruption"]},{"damage_healed":0,"gold_gain":0,"player_choice":"Ignored","damage_taken":0,"max_hp_gain":0,"max_hp_loss":0,"event_name":"Vampires","floor":19,"gold_loss":0},{"damage_healed":0,"gold_gain":99,"player_choice":"Stole From Cult","damage_taken":0,"max_hp_gain":0,"max_hp_loss":0,"event_name":"Nest","floor":21,"gold_loss":0},{"damage_healed":0,"gold_gain":0,"player_choice":"Shed Blood","damage_taken":18,"max_hp_gain":5,"max_hp_loss":0,"event_name":"Forgotten Altar","floor":25,"gold_loss":0}],"is_beta":false,"boss_relics":[{"not_picked":["Astrolabe","SlaversCollar"],"picked":"Busted Crown"}],"items_purged_floors":[],"is_endless":false,"potions_floor_spawned":[3,6,12,14,24,27],"killed_by":"Cultist and Chosen","ascension_level":1}}