{"host":"0mk07bycsqo1qk03","time":1613511590,"event":{"mods":["BaseMod","Downfall","Hermit","Hubris","Minty Spire (QoL Compilation)","Reliquary","Replay The Spire","StSLib"],"gold_per_floor":[113,113,124,142,157,157,184,184,184,204,204,169,192,212,212,305,305,305,305],"floor_reached":18,"language":"ENG","playtime":638,"items_purged":[],"score":295,"play_id":"328354c8-a0b8-459b-800a-5f05bce64caf","local_time":"20210216223950","is_ascension_mode":true,"campfire_choices":[{"data":"Replay:Poison Smokescreen","floor":6,"key":"SMITH"},{"floor":11,"key":"REST"},{"floor":15,"key":"DIG"}],"circlet_count":0,"master_deck":["AscendersBane","Strike_G","Strike_G","Strike_G","Strike_G","Strike_G","Defend_G","Defend_G","Defend_G","Defend_G","Defend_G","Survivor","Neutralize","Noxious Fumes+1","Backflip","Replay:Poison Smokescreen+1","Footwork","Prepared","Quick Slash","Venomology"],"relics":["Ring of the Snake","Ancient Tea Set","hubris:TinFlute","Golden Idol","Mirror","reliquary:Vitrine","Black Star"],"acts_visited":["Exordium","TheCity"],"potions_floor_usage":[18,18],"damage_taken":[{"damage":0.0,"enemies":"Jaw Worm","floor":1.0,"turns":5.0},{"damage":3.0,"enemies":"Cultist","floor":3.0,"turns":4.0},{"damage":0.0,"enemies":"Small Slimes","floor":4.0,"turns":4.0},{"damage":6,"enemies":"Looter","floor":5,"turns":4},{"damage":15,"enemies":"3 Sentries","floor":7,"turns":8},{"damage":1,"enemies":"Blue Slaver","floor":10,"turns":5},{"damage":7,"enemies":"3 Louse","floor":13,"turns":4},{"damage":2,"enemies":"Exordium Thugs","floor":14,"turns":5},{"damage":32,"enemies":"Hexaghost","floor":16,"turns":10},{"damage":51,"enemies":"3 Byrds","floor":18,"turns":4}],"seed_played":"5707208761328224185","potions_obtained":[{"floor":3.0,"key":"Milkshake"},{"floor":4,"key":"SpeedPotion"},{"floor":16,"key":"Elixir"}],"is_trial":false,"path_per_floor":["M","?","M","M","M","R","E","?","T","M","R","?","M","M","R","B",null,"M"],"character_chosen":"THE_SILENT","items_purchased":[],"campfire_rested":1,"item_purchase_floors":[],"current_hp_per_floor":[59,59,56,56,50,50,35,12,12,11,30,46,39,37,37,5,51,0,0],"gold":305,"neow_bonus":"RANDOM_COMMON_RELIC","is_daily":false,"chose_seed":false,"campfire_upgraded":1,"win_rate":0.0,"timestamp":1613511590,"path_taken":["M","?","?","M","M","R","E","?","T","M","R","?","M","M","R","BOSS","M"],"items_purchased_type":[],"build_version":"2020-12-22","purchased_purges":0,"victory":false,"max_hp_per_floor":[66,66,66,66,66,66,66,66,66,66,66,66,66,66,66,66,66,66,66],"card_choices":[{"not_picked":["Dagger Spray","Dodge and Roll"],"picked":"Noxious Fumes","floor":1.0},{"not_picked":["Blade Dance","Cloak And Dagger"],"picked":"Backflip","floor":3.0},{"not_picked":["Flying Knee","hubris:Counter"],"picked":"Calculated Gamble","floor":4},{"not_picked":["hubris:Counter","Masterful Stab"],"picked":"Replay:Poison Smokescreen","floor":5},{"not_picked":["Outmaneuver","Caltrops"],"picked":"Footwork","floor":7},{"not_picked":["Blade Dance","Infinite Blades","Calculated Gamble"],"picked":"SKIP","floor":10},{"not_picked":["Infinite Blades","Acrobatics"],"picked":"Prepared","floor":13},{"not_picked":["Hidden Blade","Calculated Gamble"],"picked":"Quick Slash","floor":14},{"not_picked":["Grand Finale","Bullet Time"],"picked":"Venomology","floor":16}],"player_experience":1045006,"relics_obtained":[{"floor":7,"key":"hubris:TinFlute"},{"floor":9,"key":"Mirror"},{"floor":15,"key":"reliquary:Vitrine"}],"event_choices":[{"damage_healed":0.0,"max_hp_gain":0.0,"max_hp_loss":0.0,"gold_gain":0.0,"event_name":"Accursed Blacksmith","player_choice":"Forge","floor":2.0,"gold_loss":0.0,"damage_taken":0.0,"cards_upgraded":["Noxious Fumes"]},{"damage_healed":0,"gold_gain":0,"player_choice":"Take Damage","damage_taken":23,"relics_obtained":["Golden Idol"],"max_hp_gain":0,"max_hp_loss":0,"event_name":"Golden Idol","floor":8,"gold_loss":0},{"damage_healed":16,"gold_gain":0,"player_choice":"Healed","damage_taken":0,"max_hp_gain":0,"max_hp_loss":0,"event_name":"The Cleric","floor":12,"gold_loss":35}],"is_beta":false,"boss_relics":[{"not_picked":["ChewingGum","Painkiller Herb"],"picked":"Black Star"}],"items_purged_floors":[],"is_endless":false,"potions_floor_spawned":[3,4,16],"killed_by":"3 Byrds","ascension_level":16}}