{"host":"p0hktren06injwdf","time":1613439421,"event":{"mods":["AchievementEnabler","BaseMod","Colored Map","DeckTracker","Minty Spire (QoL Compilation)","Permanent Neow","StSLib","SuperFastMode"],"gold_per_floor":[361,361,371,255,67,67,79,123,148,160,197,209,221,233,265,277,362,374,402,428,440,452,464,476,518,530,542,582,608,240,155,189,189,262,262,273,285,285,302,252,268,279,304,304,323,323,323],"floor_reached":46,"language":"KOR","playtime":966,"items_purged":["Defend_P","Defend_P","PathToVictory","Consecrate+1"],"score":1267,"play_id":"234c801e-740a-4a8e-9789-2b556e7776b7","local_time":"20210216103701","is_ascension_mode":true,"campfire_choices":[{"data":"Consecrate","floor":7.0,"key":"SMITH"},{"data":"SignatureMove","floor":12.0,"key":"SMITH"},{"data":"MentalFortress","floor":14.0,"key":"SMITH"},{"data":"Halt","floor":16.0,"key":"SMITH"},{"data":"Scrawl","floor":24.0,"key":"SMITH"},{"data":"Devotion","floor":26.0,"key":"SMITH"},{"data":"Evaluate","floor":33.0,"key":"SMITH"}],"circlet_count":0,"master_deck":["AscendersBane","Eruption+1","Vigilance","MentalFortress+1","Tantrum+1","SignatureMove+1","Evaluate+1","Halt+1","Scrawl+1","DeceiveReality","Establishment","InnerPeace","Devotion+1","Devotion","Regret"],"relics":["PureWater","MawBank","Mummified Hand","Anchor","Bronze Scales","Pandora\u0027s Box","TeardropLocket","Whetstone","Smiling Mask","Torii","Yang","Red Mask","Cursed Key","HornCleat"],"acts_visited":["Exordium","TheCity","TheBeyond"],"potions_floor_usage":[],"damage_taken":[{"damage":0.0,"enemies":"Small Slimes","floor":1.0,"turns":3.0},{"damage":0.0,"enemies":"Cultist","floor":3.0,"turns":4.0},{"damage":12.0,"enemies":"Gremlin Nob","floor":8.0,"turns":3.0},{"damage":12.0,"enemies":"Jaw Worm","floor":9.0,"turns":3.0},{"damage":4.0,"enemies":"3 Sentries","floor":11.0,"turns":4.0},{"damage":0.0,"enemies":"Blue Slaver","floor":15.0,"turns":1.0},{"damage":24.0,"enemies":"Hexaghost","floor":17.0,"turns":5.0},{"damage":0.0,"enemies":"3 Byrds","floor":19.0,"turns":4.0},{"damage":0.0,"enemies":"Spheric Guardian","floor":20.0,"turns":1.0},{"damage":0.0,"enemies":"Gremlin Leader","floor":25.0,"turns":3.0},{"damage":6.0,"enemies":"Slavers","floor":28.0,"turns":4.0},{"damage":0.0,"enemies":"Centurion and Healer","floor":29.0,"turns":2.0},{"damage":0.0,"enemies":"Masked Bandits","floor":32.0,"turns":1.0},{"damage":0.0,"enemies":"Collector","floor":34.0,"turns":7.0},{"damage":0.0,"enemies":"3 Shapes","floor":36.0,"turns":3.0},{"damage":0.0,"enemies":"Orb Walker","floor":37.0,"turns":2.0},{"damage":1.0,"enemies":"4 Shapes","floor":39.0,"turns":6.0},{"damage":0,"enemies":"Transient","floor":41,"turns":6},{"damage":0,"enemies":"Writhing Mass","floor":42,"turns":4},{"damage":0,"enemies":"Giant Head","floor":43,"turns":6},{"damage":5,"enemies":"3 Darklings","floor":45,"turns":3},{"damage":89,"enemies":"Reptomancer","floor":46,"turns":6}],"seed_played":"-509226114948724489","potions_obtained":[{"floor":8.0,"key":"SmokeBomb"},{"floor":11.0,"key":"Block Potion"},{"floor":17.0,"key":"Strength Potion"},{"floor":19.0,"key":"Swift Potion"},{"floor":37.0,"key":"SmokeBomb"},{"floor":38.0,"key":"FairyPotion"}],"is_trial":false,"path_per_floor":["M","?","M","$","$","T","R","E","M","T","E","R","?","R","M","R","B",null,"M","M","?","?","$","R","E","R","T","E","M","$","?","?","R","B",null,"M","M","?","M","$","M","M","E","T","M","E"],"character_chosen":"WATCHER","items_purchased":["MentalFortress","Tantrum","Torii"],"campfire_rested":0,"item_purchase_floors":[4,5,30],"current_hp_per_floor":[61,61,61,61,61,61,61,49,37,37,33,33,33,33,33,33,9,49,49,49,49,49,49,49,49,49,49,43,43,43,43,43,43,43,57,57,57,57,56,56,56,56,56,56,51,0,0],"gold":323,"neow_bonus":"TWO_FIFTY_GOLD","is_daily":false,"chose_seed":false,"campfire_upgraded":7,"win_rate":0.0,"timestamp":1613439421,"path_taken":["M","?","M","$","$","?","R","E","M","T","E","R","?","R","M","R","BOSS","M","M","?","?","$","R","E","R","T","E","M","?","?","?","R","BOSS","M","M","?","M","$","M","M","E","T","?","E"],"items_purchased_type":["Card","Card","Relic"],"build_version":"2020-12-22","purchased_purges":4,"victory":false,"max_hp_per_floor":[62,62,62,62,62,62,62,62,62,62,62,62,62,62,62,62,62,62,62,62,62,62,62,62,62,62,62,62,62,62,62,62,62,62,62,62,62,62,62,62,62,62,62,62,62,62,62],"card_choices":[{"not_picked":["ThirdEye","Perseverance","FlyingSleeves"],"picked":"SKIP","floor":1.0},{"not_picked":["CrushJoints","WaveOfTheHand"],"picked":"Consecrate","floor":3.0},{"not_picked":["FollowUp","EmptyBody"],"picked":"SignatureMove","floor":8.0},{"not_picked":["SignatureMove","FlurryOfBlows"],"picked":"Evaluate","floor":9.0},{"not_picked":["Meditate","BattleHymn","Brilliance"],"picked":"SKIP","floor":11.0},{"not_picked":["PathToVictory","ClearTheMind","Prostrate"],"picked":"SKIP","floor":15.0},{"not_picked":["LessonLearned","DevaForm"],"picked":"Scrawl","floor":17.0},{"not_picked":["CrushJoints+1","ClearTheMind+1","Prostrate"],"picked":"SKIP","floor":19.0},{"not_picked":["Study","Nirvana","Collect"],"picked":"SKIP","floor":20.0},{"not_picked":["FlurryOfBlows","Vengeance+1","Wireheading"],"picked":"SKIP","floor":25.0},{"not_picked":["ThirdEye","Vengeance","EmptyMind"],"picked":"SKIP","floor":28.0},{"not_picked":["ThirdEye","Vengeance","EmptyMind"],"picked":"SKIP","floor":28.0},{"not_picked":["InnerPeace","Prostrate","WaveOfTheHand"],"picked":"SKIP","floor":29.0},{"not_picked":["Establishment","ConjureBlade"],"picked":"Devotion","floor":34.0},{"not_picked":["Halt","ReachHeaven","ThirdEye"],"picked":"SKIP","floor":36.0},{"not_picked":["Consecrate","EmptyFist+1","EmptyBody"],"picked":"SKIP","floor":37.0},{"not_picked":["FollowUp","LikeWater+1","BowlingBash+1"],"picked":"SKIP","floor":39.0},{"not_picked":["Wallop+1","Worship+1","Protect"],"picked":"SKIP","floor":41},{"not_picked":["Protect","ClearTheMind+1","Evaluate"],"picked":"SKIP","floor":42},{"not_picked":["Protect","ClearTheMind+1","Evaluate"],"picked":"SKIP","floor":42},{"not_picked":["Weave+1","Conclude","FlyingSleeves+1"],"picked":"SKIP","floor":43},{"not_picked":["Wish","DeceiveReality+1","PathToVictory+1"],"picked":"SKIP","floor":45}],"player_experience":1065113,"relics_obtained":[{"floor":6.0,"key":"MawBank"},{"floor":8.0,"key":"Mummified Hand"},{"floor":10.0,"key":"Anchor"},{"floor":11.0,"key":"Bronze Scales"},{"floor":25.0,"key":"TeardropLocket"},{"floor":27.0,"key":"Whetstone"},{"floor":28.0,"key":"Smiling Mask"},{"floor":32.0,"key":"Red Mask"},{"floor":43,"key":"HornCleat"}],"event_choices":[{"damage_healed":0.0,"max_hp_gain":0.0,"max_hp_loss":0.0,"gold_gain":0.0,"event_name":"Upgrade Shrine","player_choice":"Upgraded","floor":2.0,"gold_loss":0.0,"damage_taken":0.0,"cards_upgraded":["Eruption"]},{"damage_healed":0.0,"max_hp_gain":0.0,"max_hp_loss":0.0,"gold_gain":0.0,"cards_transformed":["Strike_P"],"event_name":"Living Wall","player_choice":"Change","floor":13.0,"gold_loss":0.0,"damage_taken":0.0,"cards_obtained":["Halt"]},{"damage_healed":0.0,"max_hp_gain":0.0,"max_hp_loss":0.0,"gold_gain":0.0,"event_name":"Ghosts","player_choice":"Ignored","floor":21.0,"gold_loss":0.0,"damage_taken":0.0},{"damage_healed":0.0,"max_hp_gain":0.0,"max_hp_loss":0.0,"gold_gain":0.0,"cards_transformed":["BattleHymn","FlyingSleeves"],"event_name":"Drug Dealer","player_choice":"Became Test Subject","floor":22.0,"gold_loss":0.0,"damage_taken":0.0,"cards_obtained":["PathToVictory","Devotion"]},{"damage_healed":0.0,"max_hp_gain":0.0,"max_hp_loss":0.0,"gold_gain":0.0,"event_name":"Addict","player_choice":"Obtained Relic","floor":31.0,"gold_loss":85.0,"damage_taken":0.0,"relics_obtained":["Yang"]},{"damage_healed":0.0,"max_hp_gain":0.0,"max_hp_loss":0.0,"gold_gain":0.0,"event_name":"Masked Bandits","player_choice":"Fought Bandits","floor":32.0,"gold_loss":0.0,"damage_taken":0.0},{"damage_healed":0.0,"max_hp_gain":0.0,"max_hp_loss":0.0,"gold_gain":0.0,"event_name":"Lab","player_choice":"Got Potions","floor":38.0,"gold_loss":0.0,"damage_taken":0.0}],"is_beta":false,"boss_relics":[{"not_picked":["SlaversCollar","Tiny House"],"picked":"Pandora\u0027s Box"},{"not_picked":["Snecko Eye","Velvet Choker"],"picked":"Cursed Key"}],"items_purged_floors":[4,5,30,40],"is_endless":false,"potions_floor_spawned":[8,11,15,17,19,20,28,37,42,43],"killed_by":"Reptomancer","ascension_level":20}}