{"host":"e3zuhorjxi9w14q4","time":1613505982,"event":{"mods":["AchievementEnabler","Aspiration","BaseMod","Defuse TimeMaze Blight","Downfall","Energized Spire","GifTheSpireLib","Hubris","Infinite Spire","Jorbs\u0027s Wanderer Trilogy","Minty Spire (QoL Compilation)","Reliquary","Replay The Spire","Spicy Shops","Spikes Relics","StSLib","Stuff the Spire","The Bug Knight","The Marked","The Poker Player","The Servant 0.9.4"],"gold_per_floor":[190,201,214,199,199,209,262,277,277,277,277,295,321,334,349,449,449,449,467,46,56,69,89,89,89,104,134,134,165,165,178,189,189,189,189],"floor_reached":33,"language":"ENG","playtime":2072,"items_purged":["PokerPlayerMod:Diamond1"],"score":293,"play_id":"308a2ff0-d9bf-4fc7-8afc-9a0378455717","local_time":"20210216210622","is_ascension_mode":false,"metric_token":1362,"campfire_choices":[{"data":"PokerPlayerMod:Mulligan","floor":9,"key":"SMITH"},{"data":"PokerPlayerMod:TrumpStrike","floor":18,"key":"SMITH"}],"circlet_count":0,"master_deck":["PokerPlayerMod:Diamond2","PokerPlayerMod:Diamond3","PokerPlayerMod:Diamond4","PokerPlayerMod:Diamond5","PokerPlayerMod:Spade1","PokerPlayerMod:Spade2","PokerPlayerMod:Spade3","PokerPlayerMod:Spade4","PokerPlayerMod:Club1","PokerPlayerMod:Club2","PokerPlayerMod:Heart2","PokerPlayerMod:TrumpStrike+1","PokerPlayerMod:BadJoker","PokerPlayerMod:Mulligan+1","PokerPlayerMod:Club2","PokerPlayerMod:Heart2","PokerPlayerMod:Club3","PokerPlayerMod:Club9","PokerPlayerMod:Diamond8","PokerPlayerMod:Club5","PokerPlayerMod:Club8","hubris:DuctTapeCard","PokerPlayerMod:Club5"],"relics":["PokerPlayerMod:DeckCase","hubris:Towel","Ancient Tea Set","Orichalcum","CosmicIsotope","aspiration:SeaSaltIceCream","StuffTheSpire:Barrel","Whetstone","Meat on the Bone","MiniBlackHole","Smiling Mask","hubris:DuctTape","reliquary:RedCape"],"acts_visited":["Exordium","TheCity"],"potions_floor_usage":[],"damage_taken":[{"damage":0,"enemies":"2 Louse","floor":2,"turns":2},{"damage":0,"enemies":"Small Slimes","floor":3,"turns":2},{"damage":0,"enemies":"downfall:FleeingMerchant","floor":4,"turns":4},{"damage":0,"enemies":"Cultist","floor":6,"turns":2},{"damage":1,"enemies":"Gremlin Gang","floor":8,"turns":3},{"damage":0,"enemies":"3 Louse","floor":12,"turns":2},{"damage":2,"enemies":"Replay:BlueRogue","floor":13,"turns":4},{"damage":4,"enemies":"downfall:LooterAlt","floor":14,"turns":3},{"damage":2,"enemies":"Red Slaver","floor":15,"turns":3},{"damage":14,"enemies":"IC_STATUS_ARCHETYPE","floor":16,"turns":5},{"damage":2,"enemies":"Shell Parasite","floor":19,"turns":5},{"damage":0,"enemies":"downfall:FleeingMerchant","floor":20,"turns":4},{"damage":0,"enemies":"3 Byrds","floor":21,"turns":2},{"damage":15,"enemies":"Snake Plant","floor":22,"turns":2},{"damage":4,"enemies":"Chosen and Byrds","floor":23,"turns":2},{"damage":0,"enemies":"Sentry and Sphere","floor":26,"turns":2},{"damage":13,"enemies":"Nightmare","floor":27,"turns":5},{"damage":33,"enemies":"Book of Stabbing","floor":29,"turns":5},{"damage":2,"enemies":"Cultist and Chosen","floor":31,"turns":3},{"damage":15,"enemies":"Snake Plant","floor":32,"turns":3},{"damage":14,"enemies":"SI_MIRROR_ARCHETYPE","floor":33,"turns":6}],"seed_played":"-1204480955468106555","potions_obtained":[{"floor":3,"key":"Strength Potion"},{"floor":8,"key":"Milkshake"},{"floor":14,"key":"Energy Potion"}],"is_trial":false,"path_per_floor":["R","M","M","$","?","M","T","M","R","?","?","M","E","M","M","B",null,"R","M","$","M","M","M","T","?","M","NM","?","E","AVR","M","M","B"],"character_chosen":"THE_POKER_PLAYER","items_purchased":["aspiration:SeaSaltIceCream","Whetstone","PokerPlayerMod:Club8"],"campfire_rested":0,"item_purchase_floors":[20,20,20],"current_hp_per_floor":[57,57,57,57,57,57,57,57,57,57,57,57,57,53,51,46,57,57,57,57,57,46,42,42,42,42,39,39,28,28,38,29,21,21,21],"gold":189,"neow_bonus":"TEN_PERCENT_HP_BONUS","is_daily":false,"chose_seed":false,"campfire_upgraded":2,"win_rate":0.0,"timestamp":1613505982,"path_taken":["R","M","M","$","?","M","T","M","R","?","?","?","E","?","M","BOSS","R","M","$","M","M","M","T","?","M","NM","?","E","AVR","M","M","BOSS"],"items_purchased_type":["Relic","Relic","Card"],"build_version":"2020-12-22","purchased_purges":1,"victory":false,"max_hp_per_floor":[57,57,57,57,57,57,57,57,57,57,57,57,57,57,57,57,57,57,57,57,57,57,57,57,57,57,57,57,57,57,57,57,57,57,57],"card_choices":[{"not_picked":["PokerPlayerMod:Spade4","PokerPlayerMod:CardBurn"],"picked":"PokerPlayerMod:Club2","floor":2},{"not_picked":["PokerPlayerMod:Configure","PokerPlayerMod:Diamond4"],"picked":"PokerPlayerMod:Heart2","floor":3},{"not_picked":["PokerPlayerMod:JackOfSpades","PokerPlayerMod:ClubsClub","PokerPlayerMod:DiamondStrike"],"picked":"SKIP","floor":4},{"not_picked":["PokerPlayerMod:Spade2","PokerPlayerMod:SecondChance"],"picked":"PokerPlayerMod:Club3","floor":6},{"not_picked":["PokerPlayerMod:FlyingCard","PokerPlayerMod:Diamond3","PokerPlayerMod:Raise"],"picked":"SKIP","floor":8},{"not_picked":["PokerPlayerMod:Diamond3","PokerPlayerMod:Spade4","PokerPlayerMod:HotShotCut"],"picked":"SKIP","floor":12},{"not_picked":["PokerPlayerMod:Harden","PokerPlayerMod:HotShotCut"],"picked":"PokerPlayerMod:Club9","floor":13},{"not_picked":["PokerPlayerMod:Extraction","PokerPlayerMod:SpadeStrike","PokerPlayerMod:ClubsClub"],"picked":"SKIP","floor":14},{"not_picked":["PokerPlayerMod:Raise","PokerPlayerMod:Trickery","PokerPlayerMod:SpadeStrike"],"picked":"SKIP","floor":15},{"not_picked":["PokerPlayerMod:ChangeRules","PokerPlayerMod:Spade10+"],"picked":"PokerPlayerMod:Diamond8","floor":16},{"not_picked":["PokerPlayerMod:Configure","PokerPlayerMod:CardBurn","PokerPlayerMod:Trickery+1"],"picked":"SKIP","floor":19},{"not_picked":["PokerPlayerMod:CloakAndDiamond","PokerPlayerMod:Diamond1"],"picked":"PokerPlayerMod:Club5","floor":20},{"not_picked":["PokerPlayerMod:SecondChance","PokerPlayerMod:Spade3","PokerPlayerMod:Diamond4"],"picked":"SKIP","floor":21},{"not_picked":["PokerPlayerMod:Diamond1","PokerPlayerMod:Diamond6","PokerPlayerMod:CardPrinter"],"picked":"SKIP","floor":22},{"not_picked":["PokerPlayerMod:Spade2","PokerPlayerMod:Diamond4","PokerPlayerMod:PoorCopy"],"picked":"SKIP","floor":23},{"not_picked":["PokerPlayerMod:Diamond1","PokerPlayerMod:Spade4","PokerPlayerMod:Configure+1"],"picked":"SKIP","floor":26},{"not_picked":["PokerPlayerMod:Diamond1","PokerPlayerMod:Diamond3","PokerPlayerMod:Diamond2"],"picked":"SKIP","floor":27},{"not_picked":["PokerPlayerMod:Diamond9","PokerPlayerMod:Spade1"],"picked":"PokerPlayerMod:Club8","floor":29},{"not_picked":["PokerPlayerMod:DartThrow","PokerPlayerMod:CardBurn","PokerPlayerMod:Diamond4"],"picked":"SKIP","floor":31},{"not_picked":["PokerPlayerMod:Spade1","PokerPlayerMod:FlyingCard+1"],"picked":"PokerPlayerMod:Club5","floor":32}],"player_experience":309354,"relics_obtained":[{"floor":7,"key":"Ancient Tea Set"},{"floor":13,"key":"Orichalcum"},{"floor":24,"key":"Meat on the Bone"},{"floor":27,"key":"MiniBlackHole"},{"floor":29,"key":"Smiling Mask"}],"event_choices":[{"damage_healed":0,"gold_gain":0,"player_choice":"Ignored","damage_taken":0,"max_hp_gain":0,"max_hp_loss":0,"event_name":"NoteForYourself","floor":28,"gold_loss":0}],"is_beta":false,"boss_relics":[{"not_picked":["hubris:BlackHole","reliquary:RedPaperclip"],"picked":"CosmicIsotope"}],"items_purged_floors":[30],"is_endless":true,"potions_floor_spawned":[3,8,14,16,19,21,23,29,31],"killed_by":"SI_MIRROR_ARCHETYPE","ascension_level":0}}