{"host":"0ucmu30xnqs1j0i5","time":1613478446,"event":{"mods":["AchievementEnabler","BaseMod","Colored Map","Colored Powertips","Minty Spire (QoL Compilation)","Quick Restart"],"gold_per_floor":[113,131,143,160,110,110,127,137,137,137,149,174,174,187,187,288,288,308,233,233,245,261,261,275,275,301,319,319,319,337,356,356,454,454,470,486,80,95,114,114,140,140,140,140,174,186,236,236,236,236],"floor_reached":51,"language":"ZHS","playtime":3901,"items_purged":["Reckless Charge"],"score":715,"play_id":"70d9e5d1-9de6-44f4-b83a-aec71e882d23","local_time":"20210216202726","is_ascension_mode":false,"campfire_choices":[{"data":"Perfected Strike","floor":13,"key":"SMITH"},{"floor":15,"key":"REST"},{"data":"Perfected Strike","floor":23,"key":"SMITH"},{"data":"Offering","floor":25,"key":"SMITH"},{"floor":28,"key":"REST"},{"data":"Perfected Strike","floor":32,"key":"SMITH"},{"floor":40,"key":"REST"},{"floor":42,"key":"REST"},{"floor":49,"key":"REST"}],"circlet_count":0,"master_deck":["Strike_R","Strike_R","Strike_R","Strike_R","Defend_R+1","Defend_R+1","Forethought+1","Flame Barrier","Intimidate","Perfected Strike+1","Perfected Strike+1","Twin Strike+1","Double Tap","Warcry","Warcry","Battle Trance","Offering+1","Perfected Strike+1","Clash","Clash","Armaments","Double Tap","Twin Strike+1","Twin Strike+1","Apotheosis","Flame Barrier","Twin Strike","Pommel Strike+1","Pommel Strike","Perfected Strike+1","Twin Strike+1","Shrug It Off+1"],"relics":["Burning Blood","Champion Belt","War Paint","SlaversCollar","Toy Ornithopter","Fusion Hammer","Dream Catcher","Self Forming Clay","Calipers","Torii","CaptainsWheel"],"acts_visited":["Exordium","TheCity","TheBeyond"],"potions_floor_usage":[12,12,16,24,30,33,33,36,36,39,41,41,45,50,50,50,50,50,50],"damage_taken":[{"damage":12,"enemies":"Jaw Worm","floor":1,"turns":5},{"damage":0,"enemies":"Small Slimes","floor":2,"turns":4},{"damage":7,"enemies":"2 Louse","floor":3,"turns":3},{"damage":9,"enemies":"Large Slime","floor":4,"turns":6},{"damage":16,"enemies":"Red Slaver","floor":7,"turns":5},{"damage":5,"enemies":"Looter","floor":8,"turns":3},{"damage":1,"enemies":"Large Slime","floor":11,"turns":5},{"damage":31,"enemies":"Lagavulin","floor":12,"turns":7},{"damage":8,"enemies":"Red Slaver","floor":14,"turns":4},{"damage":31,"enemies":"Hexaghost","floor":16,"turns":8},{"damage":9,"enemies":"Chosen","floor":18,"turns":6},{"damage":8,"enemies":"Spheric Guardian","floor":21,"turns":3},{"damage":30,"enemies":"Shelled Parasite and Fungi","floor":22,"turns":4},{"damage":16,"enemies":"Cultist and Chosen","floor":24,"turns":3},{"damage":13,"enemies":"3 Cultists","floor":27,"turns":4},{"damage":6,"enemies":"Centurion and Healer","floor":30,"turns":4},{"damage":20,"enemies":"Cultist and Chosen","floor":31,"turns":5},{"damage":57,"enemies":"Collector","floor":33,"turns":4},{"damage":36,"enemies":"3 Shapes","floor":35,"turns":3},{"damage":10,"enemies":"Orb Walker","floor":36,"turns":2},{"damage":0,"enemies":"Jaw Worm Horde","floor":38,"turns":4},{"damage":52,"enemies":"Writhing Mass","floor":39,"turns":4},{"damage":53,"enemies":"Reptomancer","floor":41,"turns":4},{"damage":6,"enemies":"Nemesis","floor":45,"turns":5},{"damage":35,"enemies":"Maw","floor":46,"turns":5},{"damage":5,"enemies":"Mind Bloom Boss Battle","floor":47,"turns":4},{"damage":53,"enemies":"Time Eater","floor":50,"turns":9}],"seed_played":"-4270081664509453280","potions_obtained":[{"floor":3,"key":"FearPotion"},{"floor":8,"key":"Weak Potion"},{"floor":11,"key":"ColorlessPotion"},{"floor":12,"key":"FearPotion"},{"floor":14,"key":"Explosive Potion"},{"floor":16,"key":"Ancient Potion"},{"floor":27,"key":"SkillPotion"},{"floor":33,"key":"AttackPotion"},{"floor":35,"key":"EntropicBrew"},{"floor":44,"key":"BloodPotion"},{"floor":44,"key":"EntropicBrew"},{"floor":44,"key":"Ancient Potion"},{"floor":45,"key":"Regen Potion"},{"floor":46,"key":"Explosive Potion"}],"is_trial":false,"path_per_floor":["M","M","M","M","?","?","M","M","T","?","M","E","R","M","R","B",null,"M","?","?","M","M","R","M","R","T","M","R","?","M","M","R","B",null,"M","M","$","M","M","R","E","R","T","?","E","M","?","?","R","B",null],"character_chosen":"IRONCLAD","items_purchased":["Apotheosis","Dream Catcher"],"campfire_rested":5,"item_purchase_floors":[37,37],"current_hp_per_floor":[74,80,79,76,76,81,71,72,72,55,60,35,35,33,58,33,85,82,82,82,80,56,56,46,46,46,39,64,64,69,55,55,14,85,55,61,61,67,26,51,31,56,56,56,78,49,50,50,75,39],"gold":236,"neow_bonus":"RANDOM_COLORLESS","is_daily":false,"chose_seed":false,"campfire_upgraded":4,"win_rate":0.0,"timestamp":1613478446,"path_taken":["M","M","M","M","?","?","M","M","T","?","M","E","R","M","R","BOSS","M","?","?","M","M","R","M","R","T","?","R","?","M","M","R","BOSS","M","M","$","M","M","R","E","R","T","?","E","?","?","?","R","BOSS"],"items_purchased_type":["Card","Relic"],"build_version":"2020-12-22","purchased_purges":1,"victory":true,"max_hp_per_floor":[80,80,80,80,80,85,85,85,85,85,85,85,85,85,85,85,85,85,85,85,85,85,85,85,85,85,85,85,85,85,85,85,85,85,85,85,85,85,85,85,85,85,85,85,85,85,85,85,85,85],"card_choices":[{"not_picked":["Panacea","Bandage Up"],"picked":"Forethought","floor":0},{"not_picked":["Clash","Thunderclap"],"picked":"Flame Barrier","floor":1},{"not_picked":["Perfected Strike","Blood for Blood"],"picked":"Intimidate","floor":2},{"not_picked":["Headbutt","Pommel Strike"],"picked":"Perfected Strike","floor":3},{"not_picked":["Clothesline","Burning Pact"],"picked":"Perfected Strike","floor":4},{"not_picked":["Rupture","Dual Wield"],"picked":"Twin Strike","floor":7},{"not_picked":["Anger","Thunderclap"],"picked":"Double Tap","floor":8},{"not_picked":["Dual Wield","Feel No Pain"],"picked":"Warcry","floor":11},{"not_picked":["Clothesline","Cleave"],"picked":"Warcry","floor":12},{"not_picked":["Entrench","Second Wind"],"picked":"Battle Trance","floor":14},{"not_picked":["Double Tap","Fiend Fire"],"picked":"Offering","floor":16},{"not_picked":["Clothesline","Twin Strike+1"],"picked":"Perfected Strike","floor":18},{"not_picked":["Clothesline","Heavy Blade+1"],"picked":"Clash","floor":21},{"not_picked":["Dropkick","Disarm"],"picked":"Clash","floor":22},{"not_picked":["Clothesline","Armaments","Reckless Charge"],"picked":"SKIP","floor":24},{"not_picked":["Bloodletting","Thunderclap"],"picked":"Armaments","floor":27},{"not_picked":["Iron Wave","Heavy Blade","Reckless Charge"],"picked":"SKIP","floor":30},{"not_picked":["Carnage+1","Reaper","Body Slam"],"picked":"SKIP","floor":31},{"not_picked":["Flame Barrier","Combust"],"picked":"Twin Strike+1","floor":35},{"not_picked":["Anger","Searing Blow"],"picked":"Twin Strike+1","floor":36},{"not_picked":["Sword Boomerang+1","True Grit+1"],"picked":"Flame Barrier","floor":38},{"not_picked":["Dropkick+1","Heavy Blade","Armaments+1"],"picked":"SKIP","floor":39},{"not_picked":["Sword Boomerang","Flex"],"picked":"Twin Strike","floor":40},{"not_picked":["Intimidate+1","Carnage"],"picked":"Pommel Strike+1","floor":41},{"not_picked":["Flame Barrier","True Grit+1"],"picked":"Pommel Strike","floor":42},{"not_picked":["Flex+1","Sword Boomerang"],"picked":"Perfected Strike+1","floor":45},{"not_picked":["Clash+1","Blood for Blood"],"picked":"Twin Strike+1","floor":46},{"not_picked":["Flex+1","Second Wind+1"],"picked":"Shrug It Off+1","floor":47}],"player_experience":16772,"relics_obtained":[{"floor":9,"key":"Champion Belt"},{"floor":12,"key":"War Paint"},{"floor":26,"key":"Toy Ornithopter"},{"floor":41,"key":"Self Forming Clay"},{"floor":43,"key":"Calipers"},{"floor":45,"key":"Torii"},{"floor":47,"key":"CaptainsWheel"}],"event_choices":[{"cards_removed":["Bash"],"damage_healed":0,"gold_gain":0,"player_choice":"Card Removal","damage_taken":0,"max_hp_gain":0,"max_hp_loss":0,"event_name":"The Cleric","floor":5,"gold_loss":50},{"damage_healed":0,"gold_gain":0,"player_choice":"Donut","damage_taken":0,"max_hp_gain":5,"max_hp_loss":0,"event_name":"Big Fish","floor":6,"gold_loss":0},{"damage_healed":0,"gold_gain":0,"player_choice":"Entered Light","damage_taken":17,"max_hp_gain":0,"max_hp_loss":0,"event_name":"Shining Light","floor":10,"gold_loss":0,"cards_upgraded":["Twin Strike","Defend_R"]},{"cards_removed":["Defend_R"],"damage_healed":0,"gold_gain":0,"player_choice":"Gave Gold","damage_taken":0,"max_hp_gain":0,"max_hp_loss":0,"event_name":"Beggar","floor":19,"gold_loss":75},{"damage_healed":0,"gold_gain":0,"cards_transformed":["Defend_R"],"player_choice":"Transformed","damage_taken":0,"max_hp_gain":0,"max_hp_loss":0,"event_name":"Transmorgrifier","floor":20,"gold_loss":0,"cards_obtained":["Reckless Charge"]},{"damage_healed":0,"gold_gain":0,"player_choice":"Read","damage_taken":0,"max_hp_gain":0,"max_hp_loss":0,"event_name":"The Library","floor":29,"gold_loss":0,"cards_obtained":["Double Tap"]},{"damage_healed":0,"gold_gain":0,"player_choice":"Got Potions","damage_taken":0,"max_hp_gain":0,"max_hp_loss":0,"event_name":"Lab","floor":44,"gold_loss":0},{"damage_healed":0,"gold_gain":0,"player_choice":"Fight","damage_taken":0,"max_hp_gain":0,"max_hp_loss":0,"event_name":"MindBloom","floor":47,"gold_loss":0},{"cards_removed":["Strike_R"],"damage_healed":0,"gold_gain":0,"player_choice":"Removed Attack","damage_taken":0,"max_hp_gain":0,"max_hp_loss":0,"event_name":"Falling","floor":48,"gold_loss":0}],"is_beta":false,"boss_relics":[{"not_picked":["Sozu","Ectoplasm"],"picked":"SlaversCollar"},{"not_picked":["Empty Cage","Tiny House"],"picked":"Fusion Hammer"}],"items_purged_floors":[37],"is_endless":false,"potions_floor_spawned":[3,8,11,12,14,16,27,33,35,45,46,47],"ascension_level":0}}