{"host":"l2lylj0omvglf5x0","time":1613472720,"event":{"mods":["2.2 Compatiblity","BaseMod","Bestiary","Block Reminder","Colored Map","Colored Powertips","Curses Come First","Highlight Path","Keyboard Shortcuts","Minty Spire (QoL Compilation)","Relic Sorter","Relic Stats","Slay the Relics Exporter","StSLib","SuperFastMode"],"gold_per_floor":[109,109,59,8,8,37,37,48,48,58,58,68,85,85,85,190,190,230,230,265,180,105,105,105],"floor_reached":23,"language":"ENG","playtime":748,"items_purged":[],"score":225,"play_id":"aff3d32b-df95-4640-93fc-393a55e3b7f8","local_time":"20210216115200","is_ascension_mode":true,"campfire_choices":[{"data":"DevaForm","floor":7,"key":"SMITH"},{"data":"Eruption","floor":11,"key":"SMITH"},{"data":"Vigilance","floor":15,"key":"SMITH"}],"circlet_count":0,"master_deck":["Strike_P","Strike_P","Defend_P","Defend_P","Eruption+1","Vigilance+1","FlurryOfBlows","Consecrate","DevaForm+1","FollowUp","Protect","ThirdEye","Wish","Evaluate+1","RitualDagger","Crescendo+1"],"relics":["PureWater","NeowsBlessing","Pen Nib","Omamori","Mummified Hand","VioletLotus","Smiling Mask"],"acts_visited":["Exordium","TheCity"],"potions_floor_usage":[12,18,23],"damage_taken":[{"damage":0,"enemies":"2 Louse","floor":1,"turns":1},{"damage":0,"enemies":"Lagavulin","floor":6,"turns":1},{"damage":0,"enemies":"Jaw Worm","floor":8,"turns":1},{"damage":7,"enemies":"Cultist","floor":10,"turns":3},{"damage":16,"enemies":"Gremlin Gang","floor":12,"turns":3},{"damage":0,"enemies":"2 Fungi Beasts","floor":13,"turns":3},{"damage":12,"enemies":"Slime Boss","floor":16,"turns":9},{"damage":10,"enemies":"Shell Parasite","floor":18,"turns":5},{"damage":15,"enemies":"Spheric Guardian","floor":20,"turns":6},{"damage":59,"enemies":"Slavers","floor":23,"turns":4}],"seed_played":"-3900485368653042580","potions_obtained":[{"floor":1,"key":"AttackPotion"},{"floor":8,"key":"EssenceOfSteel"},{"floor":10,"key":"SkillPotion"},{"floor":16,"key":"Fire Potion"},{"floor":18,"key":"LiquidBronze"}],"is_trial":false,"path_per_floor":["M","?","?","$","?","E","R","M","T","M","R","M","M","?","R","B",null,"M","?","M","?","?","E"],"character_chosen":"WATCHER","items_purchased":["Consecrate"],"campfire_rested":0,"item_purchase_floors":[4],"current_hp_per_floor":[72,65,65,65,65,65,65,65,65,58,58,42,42,42,42,30,72,62,56,41,41,41,0,0],"gold":105,"neow_bonus":"THREE_ENEMY_KILL","is_daily":false,"chose_seed":false,"campfire_upgraded":3,"win_rate":0.0,"timestamp":1613472720,"path_taken":["M","?","?","$","?","E","R","?","T","M","R","?","M","?","R","BOSS","M","?","M","?","?","E"],"items_purchased_type":["Card"],"build_version":"2020-12-22","purchased_purges":0,"victory":false,"max_hp_per_floor":[72,72,72,72,72,72,72,72,72,72,72,72,72,72,72,72,72,72,72,72,72,72,72,72],"relic_stats":{"counters":[10,36],"Mummified Hand":[7],"Pen Nib":[7],"VioletLotus":[2],"Smiling Mask":0,"obtain_stats":[{"NeowsBlessing":0,"Mummified Hand":9,"Pen Nib":5,"VioletLotus":17,"Omamori":6,"PureWater":0,"Smiling Mask":21},{"NeowsBlessing":0,"Mummified Hand":3,"Pen Nib":1,"VioletLotus":7,"Omamori":2,"PureWater":0,"Smiling Mask":9},{"NeowsBlessing":0,"Mummified Hand":3,"Pen Nib":1,"VioletLotus":21,"Omamori":2,"PureWater":0,"Smiling Mask":32}]},"card_choices":[{"not_picked":["EmptyBody","JustLucky"],"picked":"FlurryOfBlows","floor":1},{"not_picked":["Wireheading","EmptyFist"],"picked":"DevaForm","floor":6},{"not_picked":["PathToVictory","InnerPeace"],"picked":"FollowUp","floor":8},{"not_picked":["Indignation","CutThroughFate"],"picked":"Protect","floor":10},{"not_picked":["PathToVictory","Conclude","InnerPeace"],"picked":"SKIP","floor":12},{"not_picked":["WindmillStrike","FlyingSleeves"],"picked":"ThirdEye","floor":13},{"not_picked":["SpiritShield","MasterReality"],"picked":"Wish","floor":16},{"not_picked":["Prostrate","ReachHeaven"],"picked":"Evaluate+1","floor":18},{"not_picked":["JustLucky","SandsOfTime"],"picked":"Crescendo+1","floor":20}],"player_experience":949254,"relics_obtained":[{"floor":6,"key":"Omamori"},{"floor":9,"key":"Mummified Hand"}],"event_choices":[{"cards_removed":["Strike_P"],"damage_healed":0,"gold_gain":0,"player_choice":"Card Removal","damage_taken":7,"max_hp_gain":0,"max_hp_loss":0,"event_name":"Golden Wing","floor":2,"gold_loss":0},{"cards_removed":["Defend_P"],"damage_healed":0,"gold_gain":0,"player_choice":"Card Removal","damage_taken":0,"max_hp_gain":0,"max_hp_loss":0,"event_name":"The Cleric","floor":3,"gold_loss":50},{"damage_healed":0,"gold_gain":0,"player_choice":"Gave Potion","damage_taken":0,"relics_obtained":["Pen Nib"],"max_hp_gain":0,"max_hp_loss":0,"event_name":"WeMeetAgain","floor":5,"gold_loss":0},{"cards_removed":["Strike_P"],"damage_healed":0,"gold_gain":0,"player_choice":"Offered Basic","damage_taken":0,"max_hp_gain":0,"max_hp_loss":0,"event_name":"Bonfire Elementals","floor":14,"gold_loss":0},{"damage_healed":0,"gold_gain":0,"player_choice":"Joined the Cult","damage_taken":6,"max_hp_gain":0,"max_hp_loss":0,"event_name":"Nest","floor":19,"gold_loss":0,"cards_obtained":["RitualDagger"]},{"damage_healed":0,"gold_gain":0,"player_choice":"Obtained Relic","damage_taken":0,"relics_obtained":["Smiling Mask"],"max_hp_gain":0,"max_hp_loss":0,"event_name":"Addict","floor":21,"gold_loss":85},{"cards_removed":["Defend_P"],"damage_healed":0,"gold_gain":0,"player_choice":"Gave Gold","damage_taken":0,"max_hp_gain":0,"max_hp_loss":0,"event_name":"Beggar","floor":22,"gold_loss":75}],"is_beta":false,"boss_relics":[{"not_picked":["Runic Pyramid","Runic Dome"],"picked":"VioletLotus"}],"items_purged_floors":[],"is_endless":false,"potions_floor_spawned":[1,8,10,16,18],"killed_by":"Slavers","ascension_level":1}}