{"host":"yaxsefyig1et0yi2","time":1613509355,"event":{"mods":["Aspiration","BaseMod","BetterRewards","Colored Powertips","Conspire","Displayed Cursed Tome","Downfall","Halation","Hubris","Infinite Spire","JesterMod","Minty Spire (QoL Compilation)","Quick Restart","RatMod","Replay The Spire","Reworked Bosses","Spikes Relics","StSLib","The Bug Knight","The Jungle"],"gold_per_floor":[110,110,35,48,62,96,115,131,131,206,206,206,206,206],"floor_reached":13,"language":"ENG","playtime":476,"items_purged":["Strike_P"],"score":85,"play_id":"9c670266-9224-420d-b0e1-90d3198d64ff","local_time":"20210216160235","is_ascension_mode":false,"campfire_choices":[{"data":"PathToVictory","floor":11.0,"key":"SMITH"}],"circlet_count":0,"master_deck":["Strike_P","Strike_P","Strike_P","Defend_P","Defend_P","Defend_P","Defend_P","Eruption","Vigilance","Consecrate","PathToVictory+1","Replay:ManipulateFuture","Replay:Anticipation","Protect","FollowUp","Worship"],"relics":["PureWater","NeowsBlessing","MealTicket","hubris:SlimyHat"],"acts_visited":["Exordium"],"potions_floor_usage":[],"damage_taken":[{"damage":0.0,"enemies":"Jaw Worm","floor":1.0,"turns":1.0},{"damage":0.0,"enemies":"Cultist","floor":4.0,"turns":1.0},{"damage":0.0,"enemies":"Small Slimes","floor":5.0,"turns":1.0},{"damage":30.0,"enemies":"Lagavulin","floor":6.0,"turns":11.0},{"damage":8.0,"enemies":"3 Louse","floor":7.0,"turns":3.0},{"damage":2.0,"enemies":"2 Fungi Beasts","floor":8.0,"turns":4.0},{"damage":13,"enemies":"3 Sentries","floor":13,"turns":6}],"seed_played":"-8891536698484104769","potions_obtained":[{"floor":1.0,"key":"Block Potion"},{"floor":6.0,"key":"LiquidBronze"}],"is_trial":false,"path_per_floor":["M","?","$","M","M","E","M","M","T","?","R","?","E"],"character_chosen":"WATCHER","items_purchased":[],"campfire_rested":0,"item_purchase_floors":[],"current_hp_per_floor":[72,72,72,72,72,42,34,32,32,21,21,21,8,8],"gold":206,"neow_bonus":"THREE_ENEMY_KILL","is_daily":false,"chose_seed":false,"campfire_upgraded":1,"win_rate":0.0,"timestamp":1613509355,"path_taken":["M","?","$","?","M","E","M","M","T","?","R","?","E"],"items_purchased_type":[],"build_version":"2020-12-22","purchased_purges":1,"victory":false,"max_hp_per_floor":[72,72,72,72,72,72,72,72,72,72,72,72,72,72],"card_choices":[{"not_picked":["CrushJoints","MentalFortress"],"picked":"Consecrate","floor":1.0},{"not_picked":["Sanctity","Replay:AtTheReady"],"picked":"Replay:ManipulateFuture","floor":4.0},{"not_picked":["JustLucky","Replay:AtTheReady"],"picked":"Replay:Anticipation","floor":5.0},{"not_picked":["SpiritShield","Weave"],"picked":"Protect","floor":6.0},{"not_picked":["CrushJoints","InnerPeace"],"picked":"FollowUp","floor":7.0},{"not_picked":["SashWhip","FlurryOfBlows"],"picked":"Worship","floor":8.0}],"player_experience":289316,"relics_obtained":[{"floor":6.0,"key":"MealTicket"},{"floor":9.0,"key":"hubris:SlimyHat"}],"event_choices":[{"damage_healed":0.0,"max_hp_gain":0.0,"max_hp_loss":0.0,"gold_gain":0.0,"event_name":"Match and Keep!","player_choice":"1 cards matched","floor":2.0,"gold_loss":0.0,"damage_taken":0.0,"cards_obtained":["PathToVictory"]},{"damage_healed":0.0,"max_hp_gain":0.0,"max_hp_loss":0.0,"gold_gain":75.0,"event_name":"World of Goop","player_choice":"Gather Gold","floor":10.0,"gold_loss":0.0,"damage_taken":11.0},{"damage_healed":0.0,"max_hp_gain":0.0,"max_hp_loss":0.0,"gold_gain":0.0,"event_name":"Golden Wing","player_choice":"Ignored","floor":12.0,"gold_loss":0.0,"damage_taken":0.0}],"is_beta":false,"boss_relics":[],"items_purged_floors":[3],"is_endless":false,"potions_floor_spawned":[1,6],"killed_by":"3 Sentries","ascension_level":0}}