{"host":"51dweoxrcspgw6ri","time":1613505534,"event":{"mods":["BaseMod","Colored Map","Colored Powertips","Minty Spire (QoL Compilation)","Rare Cards Sparkle","Relic Stats","StSLib","SuperFastMode"],"gold_per_floor":[111,186,361,371,371,405,405,417,444,444,464,464,464],"floor_reached":12,"language":"ENG","playtime":284,"items_purged":[],"score":98,"play_id":"0e6c134f-da79-473f-826c-fb5c80724de9","local_time":"20210216205854","is_ascension_mode":true,"campfire_choices":[{"data":"Dual Wield","floor":7.0,"key":"SMITH"},{"data":"Offering","floor":10.0,"key":"SMITH"}],"circlet_count":0,"master_deck":["Strike_R","Strike_R","Strike_R","Strike_R","Strike_R+1","Defend_R","Defend_R","Defend_R","Defend_R","Bash+1","Flame Barrier","Doubt","Carnage+1","Dual Wield+1","Offering+1","Twin Strike"],"relics":["Burning Blood","Smiling Mask","Lantern"],"acts_visited":["Exordium"],"potions_floor_usage":[],"damage_taken":[{"damage":2.0,"enemies":"2 Louse","floor":1.0,"turns":3.0},{"damage":4.0,"enemies":"Small Slimes","floor":4.0,"turns":4.0},{"damage":30.0,"enemies":"3 Sentries","floor":6.0,"turns":5.0},{"damage":7.0,"enemies":"Jaw Worm","floor":8.0,"turns":2.0},{"damage":6,"enemies":"Large Slime","floor":11,"turns":1},{"damage":46,"enemies":"Lagavulin","floor":12,"turns":3}],"seed_played":"-873239861325128962","potions_obtained":[{"floor":1.0,"key":"Strength Potion"},{"floor":4.0,"key":"SteroidPotion"},{"floor":8.0,"key":"ColorlessPotion"}],"is_trial":false,"path_per_floor":["M","?","?","M","?","E","R","M","T","R","M","E"],"character_chosen":"IRONCLAD","items_purchased":[],"campfire_rested":0,"item_purchase_floors":[],"current_hp_per_floor":[80,69,69,71,55,31,31,30,30,30,30,0,0],"gold":464,"neow_bonus":"UPGRADE_CARD","is_daily":false,"chose_seed":false,"campfire_upgraded":2,"win_rate":0.0,"timestamp":1613505534,"path_taken":["M","?","?","M","?","E","R","M","T","R","M","E"],"items_purchased_type":[],"build_version":"2020-12-22","purchased_purges":0,"victory":false,"max_hp_per_floor":[80,80,80,80,80,80,80,80,80,80,80,80,80],"relic_stats":{"counters":[6,18],"Smiling Mask":0,"obtain_stats":[{"Lantern":9,"Smiling Mask":6,"Burning Blood":0},{"Lantern":4,"Smiling Mask":3,"Burning Blood":0},{"Lantern":14,"Smiling Mask":12,"Burning Blood":0}],"Burning Blood":26},"card_choices":[{"not_picked":["Sever Soul","Wild Strike"],"picked":"Flame Barrier","floor":1.0},{"not_picked":["Thunderclap","Fire Breathing"],"picked":"Carnage","floor":4.0},{"not_picked":["Clash","Second Wind"],"picked":"Dual Wield","floor":6.0},{"not_picked":["Sword Boomerang","Clash"],"picked":"Offering","floor":8.0},{"not_picked":["Sword Boomerang","Metallicize"],"picked":"Twin Strike","floor":11}],"player_experience":534906,"relics_obtained":[{"floor":6.0,"key":"Smiling Mask"},{"floor":9.0,"key":"Lantern"}],"event_choices":[{"damage_healed":0.0,"max_hp_gain":0.0,"max_hp_loss":0.0,"gold_gain":75.0,"event_name":"World of Goop","player_choice":"Gather Gold","floor":2.0,"gold_loss":0.0,"damage_taken":11.0},{"damage_healed":0.0,"max_hp_gain":0.0,"max_hp_loss":0.0,"gold_gain":175.0,"event_name":"Liars Game","player_choice":"AGREE","floor":3.0,"gold_loss":0.0,"damage_taken":0.0,"cards_obtained":["Doubt"]},{"damage_healed":0.0,"max_hp_gain":0.0,"max_hp_loss":0.0,"gold_gain":0.0,"event_name":"Shining Light","player_choice":"Entered Light","floor":5.0,"gold_loss":0.0,"damage_taken":16.0,"cards_upgraded":["Strike_R","Carnage"]}],"is_beta":false,"boss_relics":[],"items_purged_floors":[],"is_endless":false,"potions_floor_spawned":[1,4,8],"killed_by":"Lagavulin","ascension_level":5}}