{"host":"w1l5t0a1l2lkq6my","time":1613470832,"event":{"mods":["100% Spire Juice","Bartender","BaseMod","KinomotoSakuraMod(ñÿîVñ{?)","Lobotomy","LobotomyExtend","Magitek Elite","MarisaÅiñ∂âJÅ@ñÇóùçπÅj","Minty Spire (QoL Compilation)","StSLib","The Gatherer","The Senshi","Yuyuko"],"gold_per_floor":[116,135,135,11,11,11,11,26,26,97,97,97,97,120,120,120,120],"floor_reached":16,"language":"ENG","playtime":703,"items_purged":["Defend_MRS"],"score":100,"play_id":"a41d39ad-7132-4121-819a-b27134436c26","local_time":"20210216032032","is_ascension_mode":false,"campfire_choices":[{"data":"WitchOfGreed","floor":6,"key":"SMITH"},{"floor":12,"key":"REST"},{"floor":15,"key":"REST"}],"circlet_count":0,"master_deck":["Strike_MRS","Strike_MRS","Defend_MRS","Defend_MRS","MasterSpark","UpSweep","LittleHelper","BlazeAway","Singularity","ShootTheMoon","WitchOfGreed+1","MachineGunSpark","Porccubus","GravityBeat","FieryBird","MagicAbsorber","OldLady","MilkyWay"],"relics":["MiniHakkero","CogitoBucket","LetterFromLob","Golden Idol","Eternal Feather","Lizard Tail","HellTrain"],"acts_visited":["Exordium"],"potions_floor_usage":[10,14],"damage_taken":[{"damage":6,"enemies":"Cultist","floor":1,"turns":3},{"damage":1,"enemies":"2 Louse","floor":2,"turns":2},{"damage":19,"enemies":"Jaw Worm","floor":3,"turns":4},{"damage":5,"enemies":"3 Louse","floor":8,"turns":3},{"damage":31,"enemies":"Gremlin Nob","floor":10,"turns":5},{"damage":40,"enemies":"Blue Slaver","floor":14,"turns":4},{"damage":97,"enemies":"Hexaghost","floor":16,"turns":5}],"seed_played":"2619659320536273736","potions_obtained":[{"floor":3,"key":"Weak Potion"},{"floor":10,"key":"AttackPotion"},{"floor":14,"key":"SpeedPotion"}],"is_trial":false,"path_per_floor":["M","M","M","$","?","R","?","M","T","E","$","R","?","M","R","B"],"character_chosen":"MARISA","items_purchased":["WitchOfGreed"],"campfire_rested":2,"item_purchase_floors":[4],"current_hp_per_floor":[69,68,49,49,49,49,49,44,44,13,13,42,50,10,39,0,0],"gold":120,"neow_bonus":"","is_daily":false,"chose_seed":false,"campfire_upgraded":1,"win_rate":0.0,"timestamp":1613470832,"path_taken":["M","M","M","$","?","R","?","M","T","E","?","R","?","M","R","BOSS"],"items_purchased_type":["Card"],"build_version":"2020-12-22","purchased_purges":1,"victory":false,"max_hp_per_floor":[75,75,75,75,75,75,69,69,69,69,69,69,69,69,69,69,69],"card_choices":[{"not_picked":["MeatLantern","ShyLook"],"picked":"LittleHelper","floor":1},{"not_picked":["ShootingEcho","GravityBeat"],"picked":"BlazeAway","floor":1},{"not_picked":["ShootTheMoon","IllusionStar"],"picked":"Singularity","floor":2},{"not_picked":["GasGiant","OortCloud"],"picked":"ShootTheMoon","floor":3},{"not_picked":["WallGazer","BeautyBeast"],"picked":"Porccubus","floor":8},{"not_picked":["Robbery","DC"],"picked":"GravityBeat","floor":8},{"not_picked":["OldLady","VoidDream"],"picked":"FieryBird","floor":10},{"not_picked":["EnergyFlow","GalacticHalo"],"picked":"MagicAbsorber","floor":10},{"not_picked":["MeatLantern","Variant"],"picked":"OldLady","floor":14},{"not_picked":["OneTimeOff","BlazeAway"],"picked":"MilkyWay","floor":14}],"player_experience":129170,"relics_obtained":[{"floor":1,"key":"LetterFromLob"},{"floor":9,"key":"Eternal Feather"},{"floor":10,"key":"Lizard Tail"}],"event_choices":[{"damage_healed":0,"gold_gain":0,"cards_transformed":["Strike_MRS"],"player_choice":"Change","damage_taken":0,"max_hp_gain":0,"max_hp_loss":0,"event_name":"Living Wall","floor":5,"gold_loss":0,"cards_obtained":["MachineGunSpark"]},{"damage_healed":0,"gold_gain":0,"player_choice":"Lose Max HP","damage_taken":0,"relics_obtained":["Golden Idol"],"max_hp_gain":0,"max_hp_loss":6,"event_name":"Golden Idol","floor":7,"gold_loss":0}],"is_beta":false,"boss_relics":[],"items_purged_floors":[4],"is_endless":false,"potions_floor_spawned":[3,14],"killed_by":"Hexaghost","ascension_level":0}}