{"host":"g0zlq7spi0ykrc8e","time":1613464283,"event":{"mods":["BaseMod","Colored Powertips","Friendly Minions","Kiyohime（清姬）","Minty Spire (QoL Compilation)","Nova Terra(诺娃・泰拉)","Quick Restart","Remilia（蕾米莉亚）","StSLib","UnlockEverythingMod","WarShipGirlsR/战舰少女R mod"],"gold_per_floor":[118,136,149,165,175,206,206,206,206],"floor_reached":8,"language":"ZHS","playtime":730,"items_purged":[],"score":90,"play_id":"519c0994-f07a-4982-8a24-91a4628a1f2b","local_time":"20210216163123","is_ascension_mode":true,"campfire_choices":[{"floor":7,"key":"REST"}],"circlet_count":0,"master_deck":["AscendersBane","Strike_RM","Strike_RM","Strike_RM","Strike_RM","Defend_RM","Defend_RM","Defend_RM","Defend_RM","RedMoon","ScarletShoot","VampireKiss","UnderTheZenith","VampireClaw","RedRainbow","HunterOfTheNight","BombardNight","TricksterDevil"],"relics":["ScarletHat","Happy Flower"],"acts_visited":["Exordium"],"potions_floor_usage":[6,8,8],"damage_taken":[{"damage":0.0,"enemies":"Cultist","floor":1.0,"turns":6.0},{"damage":2.0,"enemies":"Jaw Worm","floor":2.0,"turns":7.0},{"damage":0.0,"enemies":"2 Louse","floor":3.0,"turns":5.0},{"damage":5.0,"enemies":"2 Fungi Beasts","floor":4.0,"turns":4.0},{"damage":18.0,"enemies":"Exordium Thugs","floor":5.0,"turns":4.0},{"damage":40,"enemies":"3 Sentries","floor":6,"turns":8},{"damage":36,"enemies":"Gremlin Nob","floor":8,"turns":5}],"seed_played":"6635895470363527606","potions_obtained":[{"floor":3.0,"key":"LiquidMemories"},{"floor":4.0,"key":"Fire Potion"},{"floor":5.0,"key":"AttackPotion"},{"floor":6,"key":"BlessingOfTheForge"}],"is_trial":false,"path_per_floor":["M","M","M","M","M","E","R","E"],"character_chosen":"REMILIA","items_purchased":[],"campfire_rested":1,"item_purchase_floors":[],"current_hp_per_floor":[70,68,70,65,49,9,31,0,0],"gold":206,"neow_bonus":"THREE_CARDS","is_daily":false,"chose_seed":false,"campfire_upgraded":0,"win_rate":0.0,"timestamp":1613464283,"path_taken":["M","?","M","M","M","E","R","E"],"items_purchased_type":[],"build_version":"2020-12-22","purchased_purges":0,"victory":false,"max_hp_per_floor":[75,75,75,75,75,75,75,75,75],"card_choices":[{"not_picked":["ForbiddenFruit","VampireClaw"],"picked":"VampireKiss","floor":0.0},{"not_picked":["ScarletImprint","MiserableFate"],"picked":"UnderTheZenith","floor":1.0},{"not_picked":["BlasphemousPunishment","HeartBreak"],"picked":"VampireClaw","floor":2.0},{"not_picked":["BloodHunter","VampireSweep"],"picked":"RedRainbow","floor":3.0},{"not_picked":["Ultimatum","ScarletDevilSign"],"picked":"HunterOfTheNight","floor":4.0},{"not_picked":["ScarletGensokyo","EndlessAdversity"],"picked":"BombardNight","floor":5.0},{"not_picked":["ScarletDevilSign","RedNightlessCastle"],"picked":"TricksterDevil","floor":6}],"player_experience":142283,"relics_obtained":[{"floor":6,"key":"Happy Flower"}],"event_choices":[],"is_beta":false,"boss_relics":[],"items_purged_floors":[],"is_endless":false,"potions_floor_spawned":[3,4,5,6],"killed_by":"Gremlin Nob","ascension_level":10}}