{"host":"k653q14gphaoox56","time":1613487838,"event":{"mods":["BaseMod","Colored Map","Conspire","DeckTracker","Hubris","Infinite Spire","Minty Spire (QoL Compilation)","Replay The Spire","StSLib"],"gold_per_floor":[110,11,24,37,53,53,53,353,378,390,390,565,583,593,593,690,690,705,665,685,701,701,701,1,1,34,34,34,63,0,11,11,26,26,131,131,148,160,160,160,176,206,206,241,241,241,241],"floor_reached":46,"language":"ENG","playtime":3361,"items_purged":[],"score":760,"play_id":"d3a09edd-6f55-42a5-a814-c3b10a509126","local_time":"20210216100358","is_ascension_mode":false,"campfire_choices":[{"floor":6,"key":"REST"},{"data":"ReplayTheSpireMod:Calculation Training","floor":11,"key":"SMITH"},{"floor":15,"key":"REST"},{"floor":27,"key":"REST"},{"data":"ReplayTheSpireMod:Calculation Training","floor":34,"key":"SMITH"},{"data":"ReplayRNGCard","floor":43,"key":"SMITH"}],"circlet_count":0,"master_deck":["Strike_B","Strike_B","Strike_B","Strike_B","Defend_B","Defend_B","Defend_B","Defend_B","Zap","Dualcast+1","Stack+1","FTL+1","Sweeping Beam","Redo","Stack","ReplayTheSpireMod:Calculation Training+1","Heatsinks","Doubt","Sweeping Beam","BasicCrystalCard","hubris:NaturalOne","ReplayRNGCard+1","Hello World","Self Repair","Streamline","Sunder","Loop","ReplayTheSpireMod:Calculation Training+1","Streamline","Beam Cell+1","Barrage","Ghostly","Ghostly","Ghostly","Ghostly","Ghostly","Panic Button","Sweeping Beam+1","Electrodynamics","FIFO Queue+1","Skim+1","Sweeping Beam+1","hubris:Ukulele","infinitespire:Collect+1","Beam Cell","Panic Button+1","Ball Lightning+1","Barrage+1"],"relics":["Cracked Core","conspire:Boomerang","hubris:Icosahedron","Old Coin","Orichalcum","ChewingGum","infinitespire:ShieldingShard","Regal Pillow","hubris:BottledHeart","Prayer Wheel","Toy Ornithopter","Centennial Puzzle","War Paint","conspire:SpecialSausage","Sundial","Ginger","hubris:TinFlute","infinitespire:PuzzleCube"],"acts_visited":["Exordium","TheCity","TheBeyond"],"potions_floor_usage":[10,16,21,21,26,26,29,35,35,35,42,44],"damage_taken":[{"damage":1,"enemies":"Cultist","floor":1,"turns":4},{"damage":3,"enemies":"Jaw Worm","floor":3,"turns":3},{"damage":0,"enemies":"Small Slimes","floor":4,"turns":3},{"damage":16,"enemies":"2 Fungi Beasts","floor":5,"turns":3},{"damage":1,"enemies":"Looter","floor":10,"turns":2},{"damage":10,"enemies":"conspire:2 RoseBushes","floor":13,"turns":4},{"damage":0,"enemies":"Gremlin Gang","floor":14,"turns":3},{"damage":28,"enemies":"Slime Boss","floor":16,"turns":9},{"damage":25,"enemies":"2 Thieves","floor":18,"turns":5},{"damage":19,"enemies":"Chosen","floor":20,"turns":5},{"damage":26,"enemies":"Snecko","floor":21,"turns":7},{"damage":0,"enemies":"Nightmare","floor":26,"turns":7},{"damage":0,"enemies":"Replay:Snechameleon","floor":29,"turns":7},{"damage":0,"enemies":"Chosen and Byrds","floor":31,"turns":6},{"damage":0,"enemies":"3 Cultists","floor":33,"turns":5},{"damage":0,"enemies":"hubris:MusketHawk","floor":35,"turns":11},{"damage":0,"enemies":"3 Darklings","floor":37,"turns":7},{"damage":0,"enemies":"Orb Walker","floor":38,"turns":4},{"damage":0,"enemies":"Transient","floor":41,"turns":5},{"damage":0,"enemies":"Giant Head","floor":42,"turns":8},{"damage":0,"enemies":"Reptomancer","floor":44,"turns":5},{"damage":12,"enemies":"Nemesis","floor":46,"turns":4}],"seed_played":"5496895013324517558","potions_obtained":[{"floor":4,"key":"infinitespire:BlackPotion"},{"floor":5,"key":"Reflective Coating"},{"floor":13,"key":"Block Potion"},{"floor":19,"key":"SkillPotion"},{"floor":19,"key":"LifebloodPotion"},{"floor":19,"key":"DistilledChaos"},{"floor":21,"key":"Regen Potion"},{"floor":26,"key":"Cursed Concoction"},{"floor":29,"key":"Strength Potion"},{"floor":31,"key":"BlessingOfTheForge"},{"floor":33,"key":"Block Potion"},{"floor":38,"key":"Fire Potion"},{"floor":42,"key":"PotionOfCapacity"},{"floor":44,"key":"SkillPotion"}],"is_trial":false,"path_per_floor":["M","$","M","M","M","R","?","?","T","M","R","?","M","M","R","B",null,"M","?","M","M","PTL","PTL","$","?","NM","R","T","E","?","M","?","M","R","B",null,"M","M","AVR","?","M","E","R","E","T","E"],"character_chosen":"DEFECT","items_purchased":["FTL+1","Sweeping Beam","infinitespire:BlackPotion","infinitespire:ShieldingShard","Regal Pillow","Sunder","Loop"],"campfire_rested":3,"item_purchase_floors":[2,2,24,24,24,24,24],"current_hp_per_floor":[53,53,50,50,34,56,56,49,49,48,48,48,38,38,60,32,75,50,50,31,12,12,12,12,1,1,1,1,1,1,1,1,1,1,1,1,1,1,1,1,1,1,1,1,1,0,0],"gold":241,"neow_bonus":"ONE_RARE_RELIC","is_daily":false,"chose_seed":false,"campfire_upgraded":3,"win_rate":0.0,"timestamp":1613487838,"path_taken":["M","?","M","M","M","R","?","?","T","M","R","?","M","?","R","BOSS","M","?","?","M","PTL","PTL","$","?","NM","R","T","E","?","M","?","M","R","BOSS","M","M","AVR","?","M","E","R","E","T","E"],"items_purchased_type":["Card","Card","Potion","Relic","Relic","Card","Card"],"build_version":"2020-12-22","purchased_purges":0,"victory":false,"max_hp_per_floor":[75,75,75,75,75,75,75,75,75,75,75,75,75,75,75,75,75,75,75,75,75,75,75,75,1,1,1,1,1,1,1,1,1,1,1,1,1,1,1,1,1,1,1,1,1,1,1],"card_choices":[{"not_picked":["Time Bomb","Genetic Algorithm"],"picked":"Stack","floor":1},{"not_picked":["Coolheaded","Steam"],"picked":"Redo","floor":3},{"not_picked":["Double Energy","Rebound"],"picked":"Stack","floor":4},{"not_picked":["BasicCrystalCard","Darkness"],"picked":"ReplayTheSpireMod:Calculation Training","floor":5},{"not_picked":["Panic Button","Streamline"],"picked":"Heatsinks","floor":10},{"not_picked":["Barrage","Fusion"],"picked":"Sweeping Beam","floor":13},{"not_picked":["Undo","Barrage"],"picked":"BasicCrystalCard","floor":14},{"not_picked":["Seek","Buffer"],"picked":"ReplayRNGCard","floor":16},{"not_picked":["Glacier","Turbo"],"picked":"Hello World","floor":18},{"not_picked":["Redo","Barrage"],"picked":"Self Repair","floor":20},{"not_picked":["Leap","ReplayTheSpireMod:Reroute Power"],"picked":"Streamline","floor":21},{"not_picked":["Panic Button","Double Energy"],"picked":"ReplayTheSpireMod:Calculation Training","floor":26},{"not_picked":["Darkness+1","Seek"],"picked":"Streamline","floor":29},{"not_picked":["Streamline","Turbo+1"],"picked":"Beam Cell+1","floor":31},{"not_picked":["hubris:Ukulele","Leap"],"picked":"Barrage","floor":31},{"not_picked":["Streamline+1","Reinforced Body"],"picked":"Panic Button","floor":33},{"not_picked":["Stack","Hologram"],"picked":"Sweeping Beam+1","floor":33},{"not_picked":["hubris:DoWhile","Reboot"],"picked":"Electrodynamics","floor":35},{"not_picked":["Hologram+1","Gash"],"picked":"FIFO Queue+1","floor":37},{"not_picked":["Redo","Go for the Eyes"],"picked":"Skim+1","floor":37},{"not_picked":["Steam+1","Self Repair+1"],"picked":"Sweeping Beam+1","floor":38},{"not_picked":["Steam","Electrodynamics"],"picked":"hubris:Ukulele","floor":38},{"not_picked":["Turbo","Steam"],"picked":"Beam Cell","floor":41},{"not_picked":["Turbo+1","Go for the Eyes+1"],"picked":"Panic Button+1","floor":41},{"not_picked":["Doom and Gloom","Coolheaded"],"picked":"Ball Lightning+1","floor":42},{"not_picked":["ReplayTheSpireMod:Dual Polarity+1","Genetic Algorithm+1"],"picked":"Barrage+1","floor":44}],"player_experience":131579,"relics_obtained":[{"floor":9,"key":"Orichalcum"},{"floor":26,"key":"Toy Ornithopter"},{"floor":28,"key":"Centennial Puzzle"},{"floor":29,"key":"War Paint"},{"floor":42,"key":"Ginger"},{"floor":44,"key":"hubris:TinFlute"},{"floor":45,"key":"infinitespire:PuzzleCube"}],"event_choices":[{"damage_healed":0,"gold_gain":0,"player_choice":"Success","damage_taken":7,"relics_obtained":["Old Coin"],"max_hp_gain":0,"max_hp_loss":0,"event_name":"Scrap Ooze","floor":8,"gold_loss":0},{"damage_healed":0,"gold_gain":175,"player_choice":"AGREE","damage_taken":0,"max_hp_gain":0,"max_hp_loss":0,"event_name":"Liars Game","floor":12,"gold_loss":0,"cards_obtained":["Doubt"]},{"damage_healed":0,"gold_gain":0,"player_choice":"Bought 3 Potions","damage_taken":0,"max_hp_gain":0,"max_hp_loss":0,"event_name":"The Woman in Blue","floor":19,"gold_loss":0},{"damage_healed":0,"gold_gain":0,"player_choice":"Paid Fearfully","damage_taken":0,"max_hp_gain":0,"max_hp_loss":0,"event_name":"Masked Bandits","floor":30,"gold_loss":63},{"damage_healed":0,"gold_gain":0,"player_choice":"Became a Ghost","damage_taken":0,"max_hp_gain":0,"max_hp_loss":0,"event_name":"Ghosts","floor":32,"gold_loss":0,"cards_obtained":["Ghostly","Ghostly","Ghostly","Ghostly","Ghostly"]},{"damage_healed":0,"gold_gain":0,"player_choice":"Upgraded","damage_taken":0,"max_hp_gain":0,"max_hp_loss":0,"event_name":"Upgrade Shrine","floor":40,"gold_loss":0,"cards_upgraded":["infinitespire:Collect"]}],"is_beta":false,"boss_relics":[{"not_picked":["Sozu","conspire:RunicOctahedron"],"picked":"ChewingGum"},{"not_picked":["hubris:BlackHole","hubris:CrackedHourglass"],"picked":"conspire:SpecialSausage"}],"items_purged_floors":[],"is_endless":true,"potions_floor_spawned":[4,5,13,21,26,29,31,33,38,42,44],"killed_by":"Nemesis","ascension_level":0}}