{"host":"2c84cb4cp1emursg","time":1613459415,"event":{"mods":["Act Like it!","BaseMod","Better Third Choice","Bossed Relics","Hermit","Mimic Mod","Minty Spire (QoL Compilation)","Permanent Neow","StSLib"],"gold_per_floor":[115,133,148,148,14,14,49,49,49,64,64,81,111,121,121,221,221,235,246,272,287,298,329,329,329,397,397,397,397,20,53,53,53,53],"floor_reached":33,"language":"ENG","playtime":1524,"items_purged":["Defend_G"],"score":450,"play_id":"1cea647f-9adc-4c72-8ecb-0dc313029e21","local_time":"20210216001015","is_ascension_mode":true,"campfire_choices":[{"data":"Accuracy","floor":6,"key":"SMITH"},{"data":"Discovery","floor":8,"key":"SMITH"},{"data":"Neutralize","floor":11,"key":"SMITH"},{"data":"Neutralize","floor":15,"key":"SMITH"},{"floor":24,"key":"REST"},{"data":"Venomology","floor":29,"key":"SMITH"},{"floor":32,"key":"DIG"}],"circlet_count":0,"master_deck":["Defend_G","Defend_G","Defend_G","Defend_G","Survivor","Neutralize+1","Discovery+1","Flying Knee","Blade Dance","Infinite Blades","Underhanded Strike","Neutralize+1","Accuracy+1","Blade Dance","Choke","Dash","Phantasmal Killer","Venomology+1","Blade Dance","Outmaneuver","Accuracy","Bite","Bite","Bite","Bite","Bite","Cloak And Dagger"],"relics":["Ring of the Snake","Bronze Scales","Nunchaku","WristBlade","Red Mask","Shovel","Mercury Hourglass","MutagenicStrength","Gremlin Horn","Tiny Chest","Smiling Mask"],"acts_visited":["Exordium","TheCity"],"potions_floor_usage":[13,16,19,20,22,23,25,25,33],"damage_taken":[{"damage":2,"enemies":"2 Louse","floor":1,"turns":3},{"damage":0,"enemies":"Cultist","floor":2,"turns":3},{"damage":7,"enemies":"Jaw Worm","floor":3,"turns":3},{"damage":20,"enemies":"Gremlin Nob","floor":7,"turns":5},{"damage":2,"enemies":"3 Louse","floor":10,"turns":2},{"damage":0,"enemies":"2 Fungi Beasts","floor":12,"turns":2},{"damage":10,"enemies":"Lagavulin","floor":13,"turns":5},{"damage":12,"enemies":"Looter","floor":14,"turns":2},{"damage":7,"enemies":"Hexaghost","floor":16,"turns":6},{"damage":11,"enemies":"Spheric Guardian","floor":18,"turns":3},{"damage":1,"enemies":"Shell Parasite","floor":19,"turns":3},{"damage":0,"enemies":"Masked Bandits","floor":20,"turns":2},{"damage":6,"enemies":"Snecko","floor":21,"turns":4},{"damage":0,"enemies":"Chosen and Byrds","floor":22,"turns":3},{"damage":32,"enemies":"Gremlin Leader","floor":23,"turns":6},{"damage":0,"enemies":"Book of Stabbing","floor":25,"turns":2},{"damage":0,"enemies":"Gremlin Leader","floor":31,"turns":4},{"damage":69,"enemies":"Automaton","floor":33,"turns":6}],"seed_played":"6298247793953848286","potions_obtained":[{"floor":1,"key":"Weak Potion"},{"floor":10,"key":"PowerPotion"},{"floor":12,"key":"Ancient Potion"},{"floor":13,"key":"SteroidPotion"},{"floor":22,"key":"AttackPotion"}],"is_trial":false,"path_per_floor":["M","M","M","?","$","R","E","R","T","M","R","M","E","M","R","B",null,"M","M","?","M","M","E","R","E","T","?","?","R","$","E","R","B"],"character_chosen":"THE_SILENT","items_purchased":["Accuracy","Blade Dance","Gremlin Horn","Cloak And Dagger"],"campfire_rested":1,"item_purchase_floors":[5,5,30,30],"current_hp_per_floor":[68,68,61,61,61,61,41,41,41,39,39,39,29,17,17,10,55,44,43,43,37,37,5,26,26,26,26,26,26,26,34,34,0,0],"gold":53,"neow_bonus":"RANDOM_COLORLESS","is_daily":false,"chose_seed":false,"campfire_upgraded":5,"win_rate":0.0,"timestamp":1613459415,"path_taken":["M","M","M","?","?","R","E","R","T","M","R","M","E","M","R","BOSS","M","M","?","M","M","E","R","E","T","?","?","R","$","E","R","BOSS"],"items_purchased_type":["Card","Card","Relic","Card"],"build_version":"2020-12-22","purchased_purges":1,"victory":false,"max_hp_per_floor":[70,70,70,70,70,70,70,70,70,70,70,70,70,70,70,70,70,70,70,70,70,70,70,70,70,70,49,49,49,49,49,49,49,49],"card_choices":[{"not_picked":["Blind","Deep Breath"],"picked":"Discovery","floor":0},{"not_picked":["Acrobatics","Deadly Poison"],"picked":"Flying Knee","floor":1},{"not_picked":["Bane","Poisoned Stab"],"picked":"Blade Dance","floor":2},{"not_picked":["Eviscerate","Setup"],"picked":"Infinite Blades","floor":3},{"not_picked":["Expertise","Dagger Throw"],"picked":"Choke","floor":7},{"not_picked":["Dodge and Roll","Bane","Backflip"],"picked":"SKIP","floor":10},{"not_picked":["Backstab","Deflect"],"picked":"Dash","floor":12},{"not_picked":["Noxious Fumes","Deflect"],"picked":"Phantasmal Killer","floor":13},{"not_picked":["Reflex","Tactician","Backflip"],"picked":"SKIP","floor":14},{"not_picked":["Envenom","Night Terror"],"picked":"Venomology","floor":16},{"not_picked":["Quick Slash+1","Concentrate","Underhanded Strike"],"picked":"SKIP","floor":18},{"not_picked":["Slice+1","Terror"],"picked":"Blade Dance","floor":19},{"not_picked":["Poisoned Stab","Sucker Punch+1"],"picked":"Outmaneuver","floor":20},{"not_picked":["Setup","Quick Slash","Blade Dance"],"picked":"SKIP","floor":21},{"not_picked":["Backstab","Dagger Spray","Reflex"],"picked":"SKIP","floor":22},{"not_picked":["Flechettes","Slice+1"],"picked":"Accuracy","floor":23},{"not_picked":["Flechettes","Skewer","PiercingWail+1"],"picked":"SKIP","floor":31}],"player_experience":491405,"relics_obtained":[{"floor":7,"key":"Bronze Scales"},{"floor":13,"key":"Nunchaku"},{"floor":20,"key":"Red Mask"},{"floor":23,"key":"Shovel"},{"floor":26,"key":"Mercury Hourglass"},{"floor":31,"key":"Tiny Chest"},{"floor":32,"key":"Smiling Mask"}],"event_choices":[{"damage_healed":0,"gold_gain":0,"player_choice":"2 cards matched","damage_taken":0,"max_hp_gain":0,"max_hp_loss":0,"event_name":"Match and Keep!","floor":4,"gold_loss":0,"cards_obtained":["Underhanded Strike","Neutralize"]},{"damage_healed":0,"gold_gain":0,"player_choice":"Fought Bandits","damage_taken":0,"max_hp_gain":0,"max_hp_loss":0,"event_name":"Masked Bandits","floor":20,"gold_loss":0},{"damage_healed":0,"gold_gain":0,"player_choice":"Became a vampire","damage_taken":0,"max_hp_gain":0,"max_hp_loss":21,"event_name":"Vampires","floor":27,"gold_loss":0,"cards_obtained":["Bite","Bite","Bite","Bite","Bite"]},{"damage_healed":0,"gold_gain":0,"player_choice":"Inject Mutagens","damage_taken":0,"relics_obtained":["MutagenicStrength"],"max_hp_gain":0,"max_hp_loss":0,"event_name":"Drug Dealer","floor":28,"gold_loss":0}],"is_beta":false,"boss_relics":[{"not_picked":["Ring of the Serpent","Velvet Choker"],"picked":"WristBlade"}],"items_purged_floors":[30],"is_endless":false,"potions_floor_spawned":[1,10,12,13,14,18,22,25],"killed_by":"Automaton","ascension_level":5}}