{"host":"bsgp9wgausrmthh2","time":1613493872,"event":{"mods":["AchievementEnabler","BaseMod","Colored Map","Minty Spire (QoL Compilation)","StSLib"],"gold_per_floor":[117,117,130,143,163,163,59,59,109,109,127,162,162,172,172,276,276,260,78,97,18,47,47,58,77,103,18,36,36,36,47,47,150,150,160,173,38,38,50,50,68,85,85,85,85,95,112,112,112,112,112],"floor_reached":50,"language":"ENG","playtime":4863,"items_purged":[],"score":473,"play_id":"67fded3c-8c5f-4f2f-accf-1e69f2af1c89","local_time":"20210216114432","is_ascension_mode":false,"campfire_choices":[{"floor":6.0,"key":"RECALL"},{"data":"Predator","floor":8.0,"key":"SMITH"},{"data":"Leg Sweep","floor":13.0,"key":"SMITH"},{"data":"Adrenaline","floor":15.0,"key":"SMITH"},{"data":"Caltrops","floor":23.0,"key":"SMITH"},{"floor":32.0,"key":"REST"},{"data":"Cloak And Dagger","floor":40.0,"key":"SMITH"},{"data":"Enlightenment","floor":49.0,"key":"SMITH"}],"circlet_count":0,"master_deck":["Strike_G","Strike_G","Strike_G","Defend_G","Defend_G","Defend_G","Defend_G","Survivor","Neutralize+1","Predator+1","Poisoned Stab","Backflip","Quick Slash","Poisoned Stab","Infinite Blades","Poisoned Stab","Leg Sweep+1","Adrenaline+1","After Image","Malaise+1","Backflip+1","Concentrate+1","Outmaneuver","Well Laid Plans","Deadly Poison+1","Caltrops+1","Catalyst","Crippling Poison+1","Well Laid Plans","A Thousand Cuts","Flying Knee+1","Corpse Explosion","Quick Slash+1","Sucker Punch+1","Swift Strike","Tactician","Cloak And Dagger+1","Parasite","Bane+1","Endless Agony+1","Sucker Punch","Deadly Poison","Enlightenment+1","Secret Weapon"],"relics":["Ring of the Snake","Bag of Marbles","Astrolabe","TwistedFunnel","Red Mask","Potion Belt","Mercury Hourglass","WristBlade","Strawberry"],"acts_visited":["Exordium","TheCity","TheBeyond"],"potions_floor_usage":[],"damage_taken":[{"damage":0.0,"enemies":"Jaw Worm","floor":1.0,"turns":5.0},{"damage":0.0,"enemies":"Cultist","floor":3.0,"turns":4.0},{"damage":0.0,"enemies":"2 Louse","floor":4.0,"turns":2.0},{"damage":2.0,"enemies":"2 Fungi Beasts","floor":5.0,"turns":3.0},{"damage":4.0,"enemies":"Blue Slaver","floor":11.0,"turns":4.0},{"damage":19.0,"enemies":"3 Sentries","floor":12.0,"turns":9.0},{"damage":0.0,"enemies":"Looter","floor":14.0,"turns":3.0},{"damage":45.0,"enemies":"The Guardian","floor":16.0,"turns":10.0},{"damage":4.0,"enemies":"2 Thieves","floor":18.0,"turns":4.0},{"damage":0.0,"enemies":"3 Byrds","floor":20.0,"turns":5.0},{"damage":19.0,"enemies":"Masked Bandits","floor":22.0,"turns":6.0},{"damage":2.0,"enemies":"Snake Plant","floor":24.0,"turns":4.0},{"damage":9.0,"enemies":"Snecko","floor":25.0,"turns":6.0},{"damage":2.0,"enemies":"Centurion and Healer","floor":28.0,"turns":6.0},{"damage":6.0,"enemies":"Cultist and Chosen","floor":31.0,"turns":7.0},{"damage":44.0,"enemies":"Champ","floor":33.0,"turns":13.0},{"damage":15.0,"enemies":"3 Darklings","floor":35.0,"turns":3.0},{"damage":5.0,"enemies":"Orb Walker","floor":36.0,"turns":4.0},{"damage":11.0,"enemies":"Jaw Worm Horde","floor":39.0,"turns":3.0},{"damage":15.0,"enemies":"Writhing Mass","floor":41.0,"turns":7.0},{"damage":5.0,"enemies":"4 Shapes","floor":42.0,"turns":6.0},{"damage":9.0,"enemies":"Jaw Worm Horde","floor":46.0,"turns":3.0},{"damage":7.0,"enemies":"3 Darklings","floor":47.0,"turns":2.0},{"damage":56,"enemies":"Donu and Deca","floor":50,"turns":6}],"seed_played":"4813294684346406324","potions_obtained":[{"floor":1.0,"key":"PowerPotion"},{"floor":5.0,"key":"Weak Potion"},{"floor":11.0,"key":"Regen Potion"},{"floor":12.0,"key":"DuplicationPotion"},{"floor":28.0,"key":"SpeedPotion"},{"floor":31.0,"key":"FairyPotion"},{"floor":33.0,"key":"FearPotion"},{"floor":36.0,"key":"DuplicationPotion"},{"floor":46.0,"key":"CunningPotion"},{"floor":47.0,"key":"LiquidBronze"}],"is_trial":false,"path_per_floor":["M","?","M","M","M","R","$","R","T","?","M","E","R","M","R","B",null,"M","$","M","$","?","R","M","M","T","?","M","?","?","M","R","B",null,"M","M","$","?","M","R","M","M","T","?","?","M","M","?","R","B"],"character_chosen":"THE_SILENT","items_purchased":["Poisoned Stab","Infinite Blades","Well Laid Plans","TwistedFunnel","Caltrops","Swift Strike","Tactician"],"campfire_rested":1,"item_purchase_floors":[7,7,19,19,21,37,37],"current_hp_per_floor":[70,70,70,70,68,68,68,68,68,73,69,50,50,50,50,5,75,71,71,71,71,52,52,50,41,41,41,39,39,25,19,43,24,80,65,60,60,60,49,49,34,29,36,76,76,67,60,55,55,0,0],"gold":112,"neow_bonus":"UPGRADE_CARD","is_daily":false,"chose_seed":false,"campfire_upgraded":6,"win_rate":0.0,"timestamp":1613493872,"path_taken":["M","?","M","M","?","R","?","R","T","?","M","E","R","M","R","BOSS","M","$","M","$","?","R","M","M","T","?","M","?","?","?","R","BOSS","M","M","$","?","M","R","M","M","T","?","?","M","?","?","R","BOSS"],"items_purchased_type":["Card","Card","Card","Relic","Card","Card","Card"],"build_version":"2020-12-22","purchased_purges":0,"victory":false,"max_hp_per_floor":[70,70,70,70,70,70,70,70,70,75,75,75,75,75,75,75,75,75,75,75,75,75,75,75,75,75,75,75,75,80,80,80,80,80,80,80,80,80,80,80,80,80,87,76,76,76,76,76,76,76,76],"card_choices":[{"not_picked":["Finisher","Poisoned Stab"],"picked":"Predator","floor":1.0},{"not_picked":["Prepared","Dagger Throw"],"picked":"Poisoned Stab","floor":3.0},{"not_picked":["Skewer","Catalyst"],"picked":"Backflip","floor":4.0},{"not_picked":["Acrobatics","Riddle With Holes"],"picked":"Quick Slash","floor":5.0},{"not_picked":["Outmaneuver","Calculated Gamble"],"picked":"Poisoned Stab","floor":11.0},{"not_picked":["Dagger Throw","Backstab"],"picked":"Leg Sweep","floor":12.0},{"not_picked":["Quick Slash","Bane"],"picked":"Adrenaline","floor":14.0},{"not_picked":["Wraith Form v2","Bullet Time"],"picked":"After Image","floor":16.0},{"not_picked":["Underhanded Strike","Choke"],"picked":"Outmaneuver","floor":18.0},{"not_picked":["Slice","Dagger Throw"],"picked":"Deadly Poison+1","floor":20.0},{"not_picked":["Infinite Blades","Leg Sweep+1"],"picked":"Catalyst","floor":22.0},{"not_picked":["Underhanded Strike","Outmaneuver"],"picked":"Crippling Poison+1","floor":24.0},{"not_picked":["Flechettes","Infinite Blades"],"picked":"Well Laid Plans","floor":25.0},{"not_picked":["Well Laid Plans","Leg Sweep"],"picked":"A Thousand Cuts","floor":28.0},{"not_picked":["Deflect","Backstab"],"picked":"Flying Knee+1","floor":31.0},{"not_picked":["Phantasmal Killer","Burst"],"picked":"Corpse Explosion","floor":33.0},{"not_picked":["Escape Plan","Prepared"],"picked":"Quick Slash+1","floor":35.0},{"not_picked":["Heel Hook","Flechettes+1"],"picked":"Sucker Punch+1","floor":36.0},{"not_picked":["Deflect+1","Choke"],"picked":"Cloak And Dagger","floor":39.0},{"not_picked":["Endless Agony+1","Calculated Gamble+1"],"picked":"Bane+1","floor":41.0},{"not_picked":["Deflect","Quick Slash+1"],"picked":"Endless Agony+1","floor":42.0},{"not_picked":["Slice+1","Deflect"],"picked":"Sucker Punch","floor":46.0},{"not_picked":["Outmaneuver","Quick Slash"],"picked":"Deadly Poison","floor":47.0},{"not_picked":["Bandage Up","Finesse"],"picked":"Enlightenment","floor":48.0},{"not_picked":["Mind Blast","Trip"],"picked":"Secret Weapon","floor":48.0}],"player_experience":253072,"relics_obtained":[{"floor":12.0,"key":"Bag of Marbles"},{"floor":22.0,"key":"Red Mask"},{"floor":26.0,"key":"Potion Belt"},{"floor":43.0,"key":"Strawberry"}],"event_choices":[{"damage_healed":0.0,"max_hp_gain":0.0,"max_hp_loss":0.0,"gold_gain":0.0,"event_name":"Purifier","player_choice":"Ignored","floor":2.0,"gold_loss":0.0,"damage_taken":0.0},{"damage_healed":0.0,"max_hp_gain":5.0,"max_hp_loss":0.0,"gold_gain":0.0,"event_name":"Big Fish","player_choice":"Donut","floor":10.0,"gold_loss":0.0,"damage_taken":0.0},{"damage_healed":0.0,"max_hp_gain":0.0,"max_hp_loss":0.0,"gold_gain":0.0,"event_name":"Masked Bandits","player_choice":"Fought Bandits","floor":22.0,"gold_loss":0.0,"damage_taken":0.0},{"damage_healed":0.0,"max_hp_gain":0.0,"max_hp_loss":0.0,"gold_gain":0.0,"event_name":"Addict","player_choice":"Obtained Relic","floor":27.0,"gold_loss":85.0,"damage_taken":0.0,"relics_obtained":["Mercury Hourglass"]},{"damage_healed":0.0,"max_hp_gain":0.0,"max_hp_loss":0.0,"gold_gain":0.0,"event_name":"Ghosts","player_choice":"Ignored","floor":29.0,"gold_loss":0.0,"damage_taken":0.0},{"damage_healed":0.0,"max_hp_gain":5.0,"max_hp_loss":0.0,"gold_gain":0.0,"event_name":"Forgotten Altar","player_choice":"Shed Blood","floor":30.0,"gold_loss":0.0,"damage_taken":19.0},{"damage_healed":0.0,"max_hp_gain":0.0,"max_hp_loss":0.0,"gold_gain":0.0,"event_name":"Mysterious Sphere","player_choice":"Ignored","floor":38.0,"gold_loss":0.0,"damage_taken":0.0},{"damage_healed":76.0,"max_hp_gain":0.0,"max_hp_loss":11.0,"gold_gain":0.0,"event_name":"The Moai Head","player_choice":"Heal","floor":44.0,"gold_loss":0.0,"damage_taken":0.0},{"damage_healed":0.0,"max_hp_gain":0.0,"max_hp_loss":0.0,"gold_gain":0.0,"event_name":"NoteForYourself","player_choice":"Ignored","floor":45.0,"gold_loss":0.0,"damage_taken":0.0},{"damage_healed":0.0,"max_hp_gain":0.0,"max_hp_loss":0.0,"gold_gain":0.0,"event_name":"SensoryStone","player_choice":"Memory 2","floor":48.0,"gold_loss":0.0,"damage_taken":5.0}],"is_beta":false,"boss_relics":[{"not_picked":["Runic Dome","SlaversCollar"],"picked":"Astrolabe"},{"not_picked":["Black Star","SacredBark"],"picked":"WristBlade"}],"items_purged_floors":[],"is_endless":false,"potions_floor_spawned":[1,5,11,12,24,28,31,33,36,46,47],"killed_by":"Donu and Deca","ascension_level":0}}