{"host":"5td1gsj4mnrioltg","time":1613468920,"event":{"mods":["2.2 Compatiblity","AchievementEnabler","Act Like it!","Aspiration","BaseMod","Beaked The Cultist","Better Altar","Better Match","Better Note","Better Sensory Stone","Better Silent Start","Better Skull","Better Third Choice","Better Vampires","BetterRewards","Bossed Relics","Colored Map","Colored Powertips","Displayed Cursed Tome","Downfall","Emptier Cage","Evolution","Friendly Minions","GifTheSpireLib","Highlight Path","Ironclad Rager","Jedi Mod","JesterMod","Mad Scientist","Menagerie","Minty Spire (QoL Compilation)","Permanent Neow","Quick Restart","Reliquary","Replay The Spire","Reworked Bosses","Shade Mod","Shapeshifter Mod","Spicy Shops","StSLib","The Blue Laboratory","The Dragon Tamer","The Dragonkin","The Druid","The Elementalist","The Marked","The Necromancer","The Runesmith","Thieving Mod","Transform Curses","Wandering Minibosses"],"gold_per_floor":[219,237,695,695,695,695,695,695,695,695,695,447,447,447,447,447,447,447,111,111,111,111,111,111,111,111,36,36,36,36,36,36,36,36,75,75,87,102,102,102,120,130,130,130],"floor_reached":43,"language":"ENG","playtime":2109,"items_purged":["downfall:Haunted","Injury","StSShapeShifter:ShapeShifter_Strike"],"score":426,"play_id":"ff54d58b-8d4b-4395-a7e9-b6e1bab119b6","local_time":"20210216014840","is_ascension_mode":false,"campfire_choices":[{"data":"StSShapeShifter:BarkSkin","floor":6,"key":"SMITH"},{"data":"StSShapeShifter:Lynx_Form","floor":8,"key":"SMITH"},{"data":"StSShapeShifter:Tortoise_Form","floor":10,"key":"SMITH"},{"data":"StSShapeShifter:Evolution","floor":13,"key":"SMITH"},{"data":"StSShapeShifter:MysticalSeed","floor":15,"key":"SMITH"},{"data":"StSShapeShifter:Ensconce","floor":23,"key":"SMITH"},{"data":"StSShapeShifter:HummingbirdForm","floor":26,"key":"SMITH"},{"floor":32,"key":"REST"},{"data":"StSShapeShifter:Evolution","floor":34,"key":"SMITH"}],"circlet_count":0,"master_deck":["StSShapeShifter:ShapeShifter_Strike","StSShapeShifter:ShapeShifter_Strike","StSShapeShifter:ShapeShifter_Strike","StSShapeShifter:ShapeShifter_Strike","StSShapeShifter:ShapeShifter_Defend","StSShapeShifter:ShapeShifter_Defend","StSShapeShifter:ShapeShifter_Defend","StSShapeShifter:ShapeShifter_Defend","StSShapeShifter:ShapeShifter_Defend","StSShapeShifter:Tortoise_Form+1","StSShapeShifter:Lynx_Form+1","StSShapeShifter:BarkSkin+1","StSShapeShifter:BurstingSpore+1","StSShapeShifter:GoldenBerries","StSShapeShifter:Evolution+1","StSShapeShifter:Evolution+1","StSShapeShifter:MysticalSeed+1","StSShapeShifter:AdaptiveStrikes+1","StSShapeShifter:HummingbirdForm+1","StSShapeShifter:Ensconce+1","StSShapeShifter:BloomingSlash","StSShapeShifter:BloomingSlash"],"relics":["StSShapeShifter:AnimalHeart","StSShapeShifter:TheShapeShiftersMagnolia","EVO:Axolotl","ReplayTheSpireMod:CursedCoin","jedi:ominousloannote","aspiration:FrozenJewel","Tiny Chest","StSShapeShifter:FruitTree","Sozu","jedi:archwizardhat","ReplayFunnel","Mercury Hourglass","reliquary:ExpiredCoupon","aspiration:PoetsPen_weak"],"acts_visited":["Exordium","TheCity","TheBeyond"],"potions_floor_usage":[7,16],"damage_taken":[{"damage":0,"enemies":"Cultist","floor":1,"turns":4},{"damage":0,"enemies":"2 Louse","floor":2,"turns":3},{"damage":2,"enemies":"Small Slimes","floor":5,"turns":3},{"damage":25,"enemies":"Gremlin Nob","floor":7,"turns":6},{"damage":0,"enemies":"3 Louse","floor":11,"turns":5},{"damage":5,"enemies":"Exordium Thugs","floor":14,"turns":6},{"damage":25,"enemies":"Fading Forest","floor":16,"turns":11},{"damage":19,"enemies":"3 Byrds","floor":18,"turns":7},{"damage":14,"enemies":"2 Thieves","floor":27,"turns":5},{"damage":21,"enemies":"Snake Plant","floor":31,"turns":5},{"damage":0,"enemies":"Cultist and Chosen","floor":33,"turns":7},{"damage":59,"enemies":"bossMod:newCollector","floor":35,"turns":13},{"damage":18,"enemies":"Orb Walker","floor":37,"turns":4},{"damage":30,"enemies":"3 Darklings","floor":38,"turns":5},{"damage":5,"enemies":"4 Shapes","floor":41,"turns":4},{"damage":44,"enemies":"Spire Growth","floor":42,"turns":7},{"damage":17,"enemies":"Maw","floor":43,"turns":6}],"seed_played":"-5155644990567507113","potions_obtained":[{"floor":2,"key":"Guardian:BlockOnCardUsePotion"},{"floor":7,"key":"sneckomod:MuddlingPotion"}],"is_trial":false,"path_per_floor":["M","M","$","?","M","R","E","R","T","R","M","$","R","M","R","B",null,"M","$","?","T","?","R","PTL","PTL","R","M","T","T","T","M","R","M","R","B",null,"M","M","$","?","M","M","M"],"character_chosen":"SHAPESHIFTER","items_purchased":["ReplayTheSpireMod:CursedCoin","jedi:ominousloannote","StSShapeShifter:FruitTree","StSShapeShifter:Evolution","StSShapeShifter:HummingbirdForm","StSShapeShifter:Ensconce","StSShapeShifter:BloomingSlash"],"campfire_rested":1,"item_purchase_floors":[3,3,12,12,19,19,19],"current_hp_per_floor":[78,78,78,78,76,76,54,54,54,54,60,60,60,63,63,44,78,62,62,62,62,70,70,70,70,70,61,61,61,61,43,66,69,69,16,78,60,36,36,36,37,1,0,0],"gold":130,"neow_bonus":"HUNDRED_GOLD","is_daily":false,"chose_seed":false,"campfire_upgraded":8,"win_rate":0.0,"timestamp":1613468920,"path_taken":["M","M","$","?","M","R","E","R","T","R","?","$","R","?","R","BOSS","M","$","?","?","?","R","PTL","PTL","R","?","T","?","?","M","R","M","R","BOSS","M","M","$","?","M","?","M"],"items_purchased_type":["Relic","Relic","Relic","Card","Card","Card","Card"],"build_version":"2020-12-22","purchased_purges":3,"victory":false,"max_hp_per_floor":[78,78,78,78,78,78,78,78,78,78,78,78,78,78,78,78,78,78,78,78,78,78,78,78,78,78,78,78,78,78,78,78,78,78,78,78,78,78,78,78,78,78,78,78],"card_choices":[{"not_picked":["StSShapeShifter:Sapling","StSShapeShifter:MonkeyForm"],"picked":"StSShapeShifter:BarkSkin","floor":1},{"not_picked":["StSShapeShifter:Maul","StSShapeShifter:BloomingSlash"],"picked":"StSShapeShifter:BurstingSpore","floor":2},{"not_picked":["StSShapeShifter:Sapling","StSShapeShifter:Efflorescence"],"picked":"StSShapeShifter:GoldenBerries","floor":5},{"not_picked":["StSShapeShifter:Rest","StSShapeShifter:Rabid","StSShapeShifter:PoisonIvy"],"picked":"SKIP","floor":7},{"not_picked":["StSShapeShifter:SquirrelForm","StSShapeShifter:FallingLeaves","StSShapeShifter:BarkSkin"],"picked":"SKIP","floor":11},{"not_picked":["StSShapeShifter:SquirrelForm","StSShapeShifter:Efflorescence"],"picked":"StSShapeShifter:MysticalSeed","floor":14},{"not_picked":["StSShapeShifter:BladeOfGrass","StSShapeShifter:BulwarkOfDiscovery+1"],"picked":"StSShapeShifter:AdaptiveStrikes+1","floor":18},{"not_picked":["StSShapeShifter:LeapingSlash","StSShapeShifter:FlamingoForm","StSShapeShifter:SquirrelForm"],"picked":"SKIP","floor":27},{"not_picked":["StSShapeShifter:WolfForm","StSShapeShifter:Roar","StSShapeShifter:FlowerShield+1"],"picked":"SKIP","floor":31},{"not_picked":["StSShapeShifter:AdaptiveStrikes","StSShapeShifter:ThornToss","StSShapeShifter:Roar"],"picked":"SKIP","floor":33},{"not_picked":["StSShapeShifter:Guard+1","StSShapeShifter:MonkeyForm+1","StSShapeShifter:ThornedSkin"],"picked":"SKIP","floor":37},{"not_picked":["StSShapeShifter:BarkSkin+1","StSShapeShifter:FallingLeaves+1","StSShapeShifter:MagicMushrooms"],"picked":"SKIP","floor":38},{"not_picked":["StSShapeShifter:Sapling","StSShapeShifter:FlowerShield","StSShapeShifter:RockSlide"],"picked":"SKIP","floor":41},{"not_picked":["StSShapeShifter:SquirrelForm","StSShapeShifter:OakBlade+1","StSShapeShifter:Rest"],"picked":"SKIP","floor":42}],"player_experience":1361952,"relics_obtained":[{"floor":7,"key":"aspiration:FrozenJewel"},{"floor":9,"key":"Tiny Chest"},{"floor":21,"key":"jedi:archwizardhat"},{"floor":28,"key":"ReplayFunnel"},{"floor":29,"key":"Mercury Hourglass"},{"floor":30,"key":"reliquary:ExpiredCoupon"}],"event_choices":[{"damage_healed":0,"gold_gain":0,"player_choice":"Forge","damage_taken":0,"max_hp_gain":0,"max_hp_loss":0,"event_name":"Accursed Blacksmith","floor":4,"gold_loss":0,"cards_upgraded":["StSShapeShifter:BurstingSpore"]},{"damage_healed":0,"gold_gain":0,"player_choice":"Ignored","damage_taken":0,"max_hp_gain":0,"max_hp_loss":0,"event_name":"betterNote:BetterNote","floor":20,"gold_loss":0,"cards_obtained":["Slimebound:Split"]},{"damage_healed":0,"gold_gain":0,"player_choice":"Got Potions","damage_taken":0,"max_hp_gain":0,"max_hp_loss":0,"event_name":"Lab","floor":40,"gold_loss":0}],"is_beta":false,"boss_relics":[{"not_picked":["aspiration:WatcherSkillbook","Replay:Drink Me"],"picked":"Sozu"},{"not_picked":["SlaversCollar","Pandora\u0027s Box"],"picked":"aspiration:PoetsPen_weak"}],"items_purged_floors":[3,12,19],"is_endless":false,"potions_floor_spawned":[2,7,18,27,35,38],"killed_by":"Maw","ascension_level":0}}