{"host":"5y2vm16xfq9gfmb2","time":1613459629,"event":{"mods":["AchievementEnabler","BaseMod","Better Third Choice","Colored Map","Colored Powertips","DeckTracker","Friendly Minions","Marisa????????","Minty Spire (QoL Compilation)","Rare Cards Sparkle","Relic Stats","StSLib","The Alterego","The Animator","The Marked","The Servant 0.9.4","Yohane!"],"gold_per_floor":[112,112,125,145,163,195,195,227,302,302,302],"floor_reached":10,"language":"ENG","playtime":714,"items_purged":[],"score":82,"play_id":"bada4268-80b1-4aec-9708-a2d6d746265e","local_time":"20210216021349","is_ascension_mode":true,"campfire_choices":[{"floor":7,"key":"REST"}],"circlet_count":0,"master_deck":["alterego_mod:Strike","alterego_mod:Strike","alterego_mod:Strike","alterego_mod:Strike","alterego_mod:Defend","alterego_mod:Defend","alterego_mod:Defend","alterego_mod:Defend","alterego_mod:Impale+1","alterego_mod:BigMeatyClaws","alterego_mod:BrynhildrsRune","Impatience","alterego_mod:MagicResistance","alterego_mod:Undulate","alterego_mod:Punishment","alterego_mod:BustOut","alterego_mod:MaintainEyeContact","alterego_mod:BrynhildrRomantia"],"relics":["alterego_mod:MasochisticConstitution","Akabeko","Peace Pipe","Mummified Hand"],"acts_visited":["Exordium"],"potions_floor_usage":[5,6,8],"damage_taken":[{"damage":0,"enemies":"Small Slimes","floor":1,"turns":3},{"damage":8,"enemies":"Cultist","floor":3,"turns":3},{"damage":4,"enemies":"Jaw Worm","floor":4,"turns":5},{"damage":32,"enemies":"Gremlin Gang","floor":5,"turns":5},{"damage":31,"enemies":"3 Sentries","floor":6,"turns":10},{"damage":26,"enemies":"Gremlin Nob","floor":8,"turns":5},{"damage":20,"enemies":"3 Sentries","floor":10,"turns":4}],"seed_played":"1543224091688435069","potions_obtained":[{"floor":3,"key":"SkillPotion"},{"floor":4,"key":"CultistPotion"},{"floor":6,"key":"Strength Potion"}],"is_trial":false,"path_per_floor":["M","?","M","M","M","E","R","E","T","E"],"character_chosen":"The_Alterego","items_purchased":[],"campfire_rested":1,"item_purchase_floors":[],"current_hp_per_floor":[70,70,63,67,36,13,35,17,17,0,0],"gold":302,"neow_bonus":"RANDOM_COLORLESS","is_daily":false,"chose_seed":false,"campfire_upgraded":0,"win_rate":0.0,"timestamp":1613459629,"path_taken":["M","?","M","?","M","E","R","E","T","E"],"items_purchased_type":[],"build_version":"2020-12-22","purchased_purges":0,"victory":false,"max_hp_per_floor":[70,70,71,72,73,74,74,75,75,75,75],"relic_stats":{"Peace Pipe":0,"counters":[7,35],"Mummified Hand":[0],"obtain_stats":[{"Peace Pipe":8,"alterego_mod:MasochisticConstitution":0,"Mummified Hand":9,"Akabeko":6},{"Peace Pipe":6,"alterego_mod:MasochisticConstitution":0,"Mummified Hand":6,"Akabeko":5},{"Peace Pipe":31,"alterego_mod:MasochisticConstitution":0,"Mummified Hand":31,"Akabeko":26}]},"card_choices":[{"not_picked":["Purity","Dark Shackles"],"picked":"Impatience","floor":0},{"not_picked":["alterego_mod:Bloomers","alterego_mod:Belle"],"picked":"alterego_mod:MagicResistance","floor":1},{"not_picked":["alterego_mod:HighServant","alterego_mod:Pet"],"picked":"alterego_mod:Undulate","floor":3},{"not_picked":["alterego_mod:Skirt","alterego_mod:DestructionOfProperty"],"picked":"alterego_mod:Punishment","floor":4},{"not_picked":["alterego_mod:SuperDuperMasochism","alterego_mod:Cooking"],"picked":"alterego_mod:BustOut","floor":5},{"not_picked":["alterego_mod:1TonWallop","alterego_mod:Jiggle"],"picked":"alterego_mod:MaintainEyeContact","floor":6},{"not_picked":["alterego_mod:BustOut","alterego_mod:DiscoLights"],"picked":"alterego_mod:BrynhildrRomantia","floor":8}],"player_experience":130736,"relics_obtained":[{"floor":6,"key":"Akabeko"},{"floor":8,"key":"Peace Pipe"},{"floor":9,"key":"Mummified Hand"}],"event_choices":[{"damage_healed":0,"gold_gain":0,"player_choice":"Forge","damage_taken":0,"max_hp_gain":0,"max_hp_loss":0,"event_name":"Accursed Blacksmith","floor":2,"gold_loss":0,"cards_upgraded":["alterego_mod:Impale"]}],"is_beta":false,"boss_relics":[],"items_purged_floors":[],"is_endless":false,"potions_floor_spawned":[3,4,6],"killed_by":"3 Sentries","ascension_level":1}}