{"host":"61r95uy0hn86b9iu","time":1613446652,"event":{"mods":["AchievementEnabler","BaseMod","Better Vampires","BetterRewards","Colored Powertips","Hubris","Minty Spire (QoL Compilation)","Shop Mod","StSLib"],"gold_per_floor":[119,119,394,70,90,90,123,123,200,200,220,248,248,423,423,423,423],"floor_reached":16,"language":"ENG","playtime":461,"items_purged":["Consume+1","Regret"],"score":156,"play_id":"32e7a12b-9fc3-4e44-b7ef-13a498ccd7ec","local_time":"20210215213732","is_ascension_mode":false,"campfire_choices":[{"floor":6.0,"key":"REST"},{"data":"Apotheosis","floor":8,"key":"SMITH"},{"floor":10,"key":"RECALL"},{"floor":15,"key":"REST"}],"circlet_count":0,"master_deck":["Consume+1","Strike_B","Strike_B","Strike_B","Defend_B","Defend_B","Defend_B","Defend_B","Zap","Dualcast","Apotheosis+1","Double Energy","Defragment","Fusion+1"],"relics":["Cracked Core","Omamori","Toy Ornithopter","Toxic Egg 2","hubris:Teleporter"],"acts_visited":["Exordium"],"potions_floor_usage":[],"damage_taken":[{"damage":0.0,"enemies":"2 Louse","floor":1.0,"turns":2.0},{"damage":6.0,"enemies":"Jaw Worm","floor":5.0,"turns":2.0},{"damage":12.0,"enemies":"Lagavulin","floor":7.0,"turns":5.0},{"damage":0,"enemies":"Cultist","floor":11,"turns":3},{"damage":38,"enemies":"3 Sentries","floor":12,"turns":12},{"damage":66,"enemies":"Hexaghost","floor":16,"turns":11}],"seed_played":"-4133673265279230980","potions_obtained":[{"floor":11,"key":"FearPotion"}],"is_trial":false,"path_per_floor":["M","?","?","$","M","R","E","R","T","R","M","E","?","?","R","B"],"character_chosen":"DEFECT","items_purchased":["Apotheosis","Omamori","Defragment"],"campfire_rested":2,"item_purchase_floors":[0,4,4],"current_hp_per_floor":[65,58,58,58,52,74,62,62,62,62,62,24,42,42,64,0,0],"gold":423,"neow_bonus":"","is_daily":false,"chose_seed":false,"campfire_upgraded":1,"win_rate":0.0,"timestamp":1613446652,"path_taken":["M","?","?","$","?","R","E","R","T","R","M","E","?","?","R","BOSS"],"items_purchased_type":["Card","Relic","Card"],"build_version":"2020-12-22","purchased_purges":2,"victory":false,"max_hp_per_floor":[75,75,75,75,75,75,75,75,75,75,75,75,75,75,75,75,75],"card_choices":[{"not_picked":["Ball Lightning","Rebound","Barrage"],"picked":"SKIP","floor":1.0},{"not_picked":["Doom and Gloom","Gash","Leap"],"picked":"SKIP","floor":5.0},{"not_picked":["Hyperbeam","Rebound","Stack"],"picked":"SKIP","floor":7.0},{"not_picked":["Conserve Battery+1","Barrage"],"picked":"Fusion+1","floor":11},{"not_picked":["Steam+1","Scrape","Heatsinks"],"picked":"SKIP","floor":12}],"player_experience":3354539,"relics_obtained":[{"floor":7.0,"key":"Toy Ornithopter"},{"floor":9,"key":"Toxic Egg 2"},{"floor":12,"key":"hubris:Teleporter"}],"event_choices":[{"cards_removed":["Strike_B"],"damage_healed":0.0,"max_hp_gain":0.0,"max_hp_loss":0.0,"gold_gain":0.0,"event_name":"Golden Wing","player_choice":"Card Removal","floor":2.0,"gold_loss":0.0,"damage_taken":7.0},{"damage_healed":0.0,"max_hp_gain":0.0,"max_hp_loss":0.0,"gold_gain":275.0,"event_name":"Golden Shrine","player_choice":"Desecrate","floor":3.0,"gold_loss":0.0,"damage_taken":0.0,"cards_obtained":["Regret"]},{"damage_healed":18,"gold_gain":0,"player_choice":"Healed and dodged fight","damage_taken":0,"max_hp_gain":0,"max_hp_loss":0,"event_name":"Mushrooms","floor":13,"gold_loss":0,"cards_obtained":["Parasite"]},{"damage_healed":0,"gold_gain":175,"player_choice":"AGREE","damage_taken":0,"max_hp_gain":0,"max_hp_loss":0,"event_name":"Liars Game","floor":14,"gold_loss":0,"cards_obtained":["Doubt"]}],"is_beta":false,"boss_relics":[],"items_purged_floors":[0,4],"is_endless":false,"potions_floor_spawned":[11],"killed_by":"Hexaghost","ascension_level":0}}