{"host":"3498uni0c31c9bdm","time":1613453699,"event":{"mods":["BaseMod","Better Match","Better Note","Better Sensory Stone","Better Skull","Better Third Choice","Colored Map","Minty Spire (QoL Compilation)","Quick Restart","RNG Fix","Random Character Button","Replay The Spire","Shop Mod","Smile Girya","StSLib","Unceasing Turn Reminder"],"gold_per_floor":[113,124,124,135,135,135,175,175,199,199,240,260,279,288,288,288,288],"floor_reached":16,"language":"ENG","playtime":534,"items_purged":[],"score":171,"play_id":"01ca61ef-522c-4fa5-8f20-b0a86e5ad58c","local_time":"20210216163459","is_ascension_mode":true,"campfire_choices":[{"data":"Cloak And Dagger","floor":6,"key":"SMITH"},{"floor":8,"key":"REST"},{"floor":10,"key":"REST"},{"floor":15,"key":"REST"}],"circlet_count":0,"master_deck":["AscendersBane","Strike_G","Strike_G","Strike_G","Strike_G","Strike_G","Defend_G","Defend_G","Defend_G","Defend_G","Defend_G","Survivor","Neutralize","Cloak And Dagger+1","Heel Hook","Noxious Fumes","Cloak And Dagger","Caltrops","Sucker Punch","Backflip","Injury"],"relics":["Ring of the Snake","NeowsBlessing","CeramicFish","Replay:Baseball","Smiling Mask","Golden Idol"],"acts_visited":["Exordium"],"potions_floor_usage":[7,16],"damage_taken":[{"damage":0,"enemies":"Small Slimes","floor":1,"turns":1},{"damage":0,"enemies":"Cultist","floor":2,"turns":1},{"damage":0,"enemies":"Jaw Worm","floor":4,"turns":1},{"damage":38,"enemies":"Replay:BlueRogue","floor":7,"turns":10},{"damage":35,"enemies":"Lagavulin","floor":11,"turns":11},{"damage":10,"enemies":"3 Louse","floor":12,"turns":4},{"damage":3,"enemies":"Large Slime","floor":13,"turns":6},{"damage":40,"enemies":"Slime Boss","floor":16,"turns":9}],"seed_played":"2448523267105661467","potions_obtained":[{"floor":4,"key":"Swift Potion"},{"floor":7,"key":"SteroidPotion"},{"floor":11,"key":"Strength Potion"}],"is_trial":false,"path_per_floor":["M","M","?","M","$","R","E","R","T","R","E","M","M","?","R","B"],"character_chosen":"THE_SILENT","items_purchased":[],"campfire_rested":3,"item_purchase_floors":[],"current_hp_per_floor":[63,63,63,63,63,63,25,46,46,67,32,22,19,19,40,0,0],"gold":288,"neow_bonus":"THREE_ENEMY_KILL","is_daily":false,"chose_seed":false,"campfire_upgraded":1,"win_rate":0.0,"timestamp":1613453699,"path_taken":["M","M","?","?","?","R","E","R","T","R","E","M","M","?","R","BOSS"],"items_purchased_type":[],"build_version":"2020-12-22","purchased_purges":0,"victory":false,"max_hp_per_floor":[70,70,70,70,70,70,70,70,70,70,70,70,70,70,70,70,70],"card_choices":[{"not_picked":["Bane","Dagger Throw"],"picked":"Cloak And Dagger","floor":1},{"not_picked":["Fluid Movement","Prepared"],"picked":"Heel Hook","floor":2},{"not_picked":["Toxin Wave","Sneak Up"],"picked":"Noxious Fumes","floor":4},{"not_picked":["Heel Hook","Deflect"],"picked":"Cloak And Dagger","floor":7},{"not_picked":["Riddle With Holes","Dodge and Roll"],"picked":"Caltrops","floor":11},{"not_picked":["Underhanded Strike","Eviscerate"],"picked":"Sucker Punch","floor":12},{"not_picked":["Prepared","ReplayTheSpireMod:The Works"],"picked":"Backflip","floor":13}],"player_experience":919348,"relics_obtained":[{"floor":7,"key":"CeramicFish"},{"floor":9,"key":"Replay:Baseball"},{"floor":11,"key":"Smiling Mask"}],"event_choices":[{"damage_healed":0,"gold_gain":0,"player_choice":"Leave","damage_taken":0,"max_hp_gain":0,"max_hp_loss":0,"event_name":"The Cleric","floor":3,"gold_loss":0},{"damage_healed":0,"gold_gain":0,"player_choice":"Take Wound","damage_taken":0,"relics_obtained":["Golden Idol"],"max_hp_gain":0,"max_hp_loss":0,"event_name":"Golden Idol","floor":14,"gold_loss":0,"cards_obtained":["Injury"]}],"is_beta":false,"boss_relics":[],"items_purged_floors":[],"is_endless":false,"potions_floor_spawned":[4,7,11],"killed_by":"Slime Boss","ascension_level":11}}