{"host":"6xghz2lkudss8si6","time":1613486609,"event":{"mods":["AchievementEnabler","BaseMod","Colored Map","DeckTracker","Minty Spire (QoL Compilation)","Quick Restart","StSLib","SuperFastMode"],"gold_per_floor":[117,127,127,147,167,167,192,192,217,252,252,264,144,159,159,264,264,279,305,113,131,131,131,146,176,254,254,48,67,77,88,88,188,188,198,217,217,227,250,250,250,250,250,270,281,306,306,306,306,306,306],"floor_reached":50,"language":"KOR","playtime":2290,"items_purged":["Strike_P","Strike_P","Strike_P+1"],"score":692,"play_id":"02047cb9-361e-43ff-8175-2966480d655a","local_time":"20210216234329","is_ascension_mode":true,"campfire_choices":[{"data":"Conclude","floor":6,"key":"SMITH"},{"data":"Eruption","floor":8,"key":"SMITH"},{"data":"Consecrate","floor":11,"key":"SMITH"},{"data":"Vigilance","floor":15,"key":"SMITH"},{"floor":23,"key":"REST"},{"floor":27,"key":"REST"},{"floor":32,"key":"REST"},{"data":"InnerPeace","floor":40,"key":"SMITH"},{"data":"Vault","floor":42,"key":"SMITH"},{"data":"MentalFortress","floor":47,"key":"SMITH"},{"floor":49,"key":"REST"}],"circlet_count":0,"master_deck":["Strike_P+1","Defend_P+1","Defend_P+1","Defend_P+1","Defend_P+1","Eruption+1","Vigilance+1","FlurryOfBlows","Conclude+1","FlurryOfBlows","Tantrum","Consecrate+1","FlurryOfBlows","MentalFortress+1","EmptyFist","InnerPeace+1","Alpha","ThirdEye+1","Adaptation","ClearTheMind","CutThroughFate+1","Vault+1","Adaptation","Halt+1","InnerPeace+1","DeusExMachina","ClearTheMind+1","Adaptation"],"relics":["HolyWater","Tiny Chest","Toy Ornithopter","PreservedInsect","Anchor","VioletLotus","Happy Flower","Incense Burner","Gremlin Horn","Regal Pillow","Meat on the Bone","Juzu Bracelet"],"acts_visited":["Exordium","TheCity","TheBeyond"],"potions_floor_usage":[16,16,33,50],"damage_taken":[{"damage":0.0,"enemies":"Cultist","floor":1.0,"turns":2.0},{"damage":0,"enemies":"Small Slimes","floor":2,"turns":2},{"damage":2,"enemies":"Jaw Worm","floor":4,"turns":2},{"damage":1,"enemies":"Exordium Thugs","floor":5,"turns":3},{"damage":19,"enemies":"3 Sentries","floor":7,"turns":6},{"damage":0,"enemies":"Lagavulin","floor":10,"turns":4},{"damage":1,"enemies":"Looter","floor":12,"turns":3},{"damage":0,"enemies":"3 Louse","floor":14,"turns":2},{"damage":15,"enemies":"The Guardian","floor":16,"turns":14},{"damage":0,"enemies":"Spheric Guardian","floor":18,"turns":3},{"damage":39,"enemies":"2 Thieves","floor":21,"turns":5},{"damage":0,"enemies":"Snecko","floor":24,"turns":3},{"damage":8,"enemies":"Book of Stabbing","floor":25,"turns":5},{"damage":0,"enemies":"Cultist and Chosen","floor":29,"turns":5},{"damage":2,"enemies":"3 Cultists","floor":30,"turns":3},{"damage":9,"enemies":"Snake Plant","floor":31,"turns":4},{"damage":0,"enemies":"Automaton","floor":33,"turns":5},{"damage":0,"enemies":"3 Darklings","floor":35,"turns":4},{"damage":0,"enemies":"Orb Walker","floor":36,"turns":4},{"damage":0,"enemies":"Sphere and 2 Shapes","floor":38,"turns":2},{"damage":4,"enemies":"Jaw Worm Horde","floor":44,"turns":3},{"damage":4,"enemies":"3 Darklings","floor":45,"turns":3},{"damage":0,"enemies":"Giant Head","floor":46,"turns":4},{"damage":76,"enemies":"Time Eater","floor":50,"turns":6}],"seed_played":"-4167537947131241157","potions_obtained":[{"floor":2,"key":"BottledMiracle"},{"floor":4,"key":"Dexterity Potion"},{"floor":7,"key":"SteroidPotion"},{"floor":16,"key":"CultistPotion"},{"floor":24,"key":"Weak Potion"},{"floor":35,"key":"SpeedPotion"}],"is_trial":false,"path_per_floor":["M","M","?","M","M","R","E","R","T","E","R","M","$","M","R","B",null,"M","T","$","M","?","R","M","E","T","R","$","M","M","M","R","B",null,"M","M","?","M","T","R","?","R","T","M","M","E","R","?","R","B"],"character_chosen":"WATCHER","items_purchased":["EmptyFist","Adaptation","ClearTheMind","Adaptation"],"campfire_rested":4,"item_purchase_floors":[13,20,20,28],"current_hp_per_floor":[72,72,72,70,69,69,50,50,50,50,50,49,49,49,49,44,72,72,72,72,33,33,54,54,46,46,67,67,67,65,56,72,72,72,72,72,72,72,72,72,72,72,72,68,64,64,64,64,72,0,0],"gold":306,"neow_bonus":"RANDOM_COMMON_RELIC","is_daily":false,"chose_seed":false,"campfire_upgraded":7,"win_rate":0.0,"timestamp":1613486609,"path_taken":["M","?","?","M","M","R","E","R","T","E","R","?","$","M","R","BOSS","M","?","?","M","?","R","M","E","T","R","$","M","M","M","R","BOSS","M","M","?","M","?","R","?","R","T","?","M","E","R","?","R","BOSS"],"items_purchased_type":["Card","Card","Card","Card"],"build_version":"2020-12-22","purchased_purges":3,"victory":false,"max_hp_per_floor":[72,72,72,72,72,72,72,72,72,72,72,72,72,72,72,72,72,72,72,72,72,72,72,72,72,72,72,72,72,72,72,72,72,72,72,72,72,72,72,72,72,72,72,72,72,72,72,72,72,72,72],"card_choices":[{"not_picked":["JustLucky","ThirdEye"],"picked":"FlurryOfBlows","floor":1.0},{"not_picked":["FollowUp","Crescendo"],"picked":"Conclude","floor":2},{"not_picked":["FollowUp","Ragnarok"],"picked":"FlurryOfBlows","floor":4},{"not_picked":["Collect","EmptyBody"],"picked":"Tantrum","floor":5},{"not_picked":["WindmillStrike","ForeignInfluence"],"picked":"Consecrate","floor":7},{"not_picked":["SashWhip","Worship"],"picked":"FlurryOfBlows","floor":10},{"not_picked":["Evaluate","FlyingSleeves"],"picked":"MentalFortress","floor":12},{"not_picked":["EmptyMind","FlurryOfBlows"],"picked":"InnerPeace","floor":14},{"not_picked":["Omniscience","MasterReality"],"picked":"Alpha","floor":16},{"not_picked":["Halt","BowlingBash+1"],"picked":"ThirdEye+1","floor":18},{"not_picked":["WheelKick","BowlingBash","Meditate"],"picked":"SKIP","floor":21},{"not_picked":["EmptyBody","ReachHeaven+1"],"picked":"CutThroughFate+1","floor":24},{"not_picked":["Protect","Prostrate+1"],"picked":"Vault","floor":25},{"not_picked":["BowlingBash","Protect+1","Halt"],"picked":"SKIP","floor":29},{"not_picked":["CutThroughFate","Adaptation"],"picked":"Halt+1","floor":30},{"not_picked":["ClearTheMind","Halt"],"picked":"InnerPeace+1","floor":31},{"not_picked":["Devotion","DevaForm"],"picked":"DeusExMachina","floor":33},{"not_picked":["WaveOfTheHand","FollowUp+1","EmptyFist"],"picked":"SKIP","floor":35},{"not_picked":["CrushJoints+1","DeusExMachina"],"picked":"ClearTheMind+1","floor":36},{"not_picked":["ThirdEye","FlyingSleeves+1"],"picked":"Adaptation","floor":38},{"not_picked":["Evaluate","Meditate","CutThroughFate"],"picked":"SKIP","floor":44},{"not_picked":["Collect+1","EmptyBody","FlurryOfBlows+1"],"picked":"SKIP","floor":45},{"not_picked":["Nirvana+1","MasterReality","FlyingSleeves+1"],"picked":"SKIP","floor":46},{"not_picked":["Nirvana+1","MasterReality","FlyingSleeves+1"],"picked":"SKIP","floor":46}],"player_experience":249903,"relics_obtained":[{"floor":7,"key":"Toy Ornithopter"},{"floor":9,"key":"PreservedInsect"},{"floor":10,"key":"Anchor"},{"floor":19,"key":"Happy Flower"},{"floor":25,"key":"Incense Burner"},{"floor":26,"key":"Gremlin Horn"},{"floor":39,"key":"Regal Pillow"},{"floor":43,"key":"Meat on the Bone"},{"floor":46,"key":"Juzu Bracelet"}],"event_choices":[{"damage_healed":0,"gold_gain":0,"player_choice":"0 cards matched","damage_taken":0,"max_hp_gain":0,"max_hp_loss":0,"event_name":"Match and Keep!","floor":3,"gold_loss":0,"cards_obtained":[]},{"damage_healed":0,"gold_gain":0,"player_choice":"Simplicity","damage_taken":0,"max_hp_gain":0,"max_hp_loss":0,"event_name":"Back to Basics","floor":22,"gold_loss":0,"cards_upgraded":["Strike_P","Strike_P","Defend_P","Defend_P","Defend_P","Defend_P"]},{"damage_healed":0,"gold_gain":0,"player_choice":"Ignored","damage_taken":0,"max_hp_gain":0,"max_hp_loss":0,"event_name":"Tomb of Lord Red Mask","floor":37,"gold_loss":0},{"damage_healed":0,"gold_gain":0,"player_choice":"Ignored","damage_taken":0,"max_hp_gain":0,"max_hp_loss":0,"event_name":"SecretPortal","floor":41,"gold_loss":0},{"damage_healed":0,"gold_gain":0,"player_choice":"Ignored","damage_taken":0,"max_hp_gain":0,"max_hp_loss":0,"event_name":"Mysterious Sphere","floor":48,"gold_loss":0}],"is_beta":false,"boss_relics":[{"not_picked":["Calling Bell","SlaversCollar"],"picked":"VioletLotus"},{"not_picked":["Astrolabe","Runic Pyramid"],"picked":"HolyWater"}],"items_purged_floors":[13,20,28],"is_endless":false,"potions_floor_spawned":[2,4,7,16,24,25,29,30,31,35,36,45,46],"killed_by":"Time Eater","ascension_level":2}}