{"host":"9nqlpswyo8o6ezw3","time":1613436727,"event":{"mods":["Act Like it!","BaseMod","Colored Powertips","Downfall","Hallownest","Hermit","Lobotomy","LobotomyExtend","Marisa????????","Minty Spire (QoL Compilation)","StSLib","The Bug Knight","The Cursed"],"gold_per_floor":[117,117,117,135,149,149,149],"floor_reached":6,"language":"ENG","playtime":447,"items_purged":[],"score":36,"play_id":"628d4641-55b8-44d5-8b1e-8932f64eafd4","local_time":"20210215195207","is_ascension_mode":false,"campfire_choices":[],"circlet_count":0,"master_deck":["hermit:Strike_Hermit","hermit:Strike_Hermit","hermit:Strike_Hermit","hermit:Strike_Hermit","hermit:Defend_Hermit","hermit:Defend_Hermit","hermit:Defend_Hermit","hermit:Defend_Hermit","hermit:Snapshot","hermit:Covet","hermit:Glare","FairyFestival","MeatLantern","hermit:PistolWhip","hermit:Combo","ShyLook"],"relics":["hermit:Momento","CogitoBucket","LetterFromLob","Lantern","Bird Faced Urn"],"acts_visited":["Hallownest:Greenpath"],"potions_floor_usage":[6],"damage_taken":[{"damage":3,"enemies":"Hallownest:2_MossCreeps","floor":1,"turns":6},{"damage":0,"enemies":"2_ Uuma","floor":4,"turns":4},{"damage":0,"enemies":"Hallownest:monsterHuskGuard","floor":5,"turns":2},{"damage":45,"enemies":"Hallownest:eliteVengeflyKing","floor":6,"turns":6}],"seed_played":"-6784810071087513492","potions_obtained":[{"floor":1,"key":"LiquidMemories"},{"floor":4,"key":"PowerPotion"}],"is_trial":false,"path_per_floor":["M","?","?","M","M","E"],"character_chosen":"HERMIT","items_purchased":[],"campfire_rested":0,"item_purchase_floors":[],"current_hp_per_floor":[72,75,21,26,28,0,0],"gold":149,"neow_bonus":"","is_daily":false,"chose_seed":false,"campfire_upgraded":0,"win_rate":0.0,"timestamp":1613436727,"path_taken":["M","?","?","M","M","E"],"items_purchased_type":[],"build_version":"2020-12-22","purchased_purges":0,"victory":false,"max_hp_per_floor":[75,75,75,75,75,75,75],"card_choices":[{"not_picked":["hermit:Scavenge","hermit:WideOpen"],"picked":"hermit:Glare","floor":1},{"not_picked":["SpiderBud","BlueStar"],"picked":"FairyFestival","floor":1},{"not_picked":["PunishingBird","SpiderBud","Rudolta"],"picked":"Singing Bowl","floor":4},{"not_picked":["OldLady","BeautyBeast"],"picked":"MeatLantern","floor":4},{"not_picked":["hermit:FullyLoaded","hermit:Cheat"],"picked":"hermit:PistolWhip","floor":4},{"not_picked":["hermit:HoleUp","hermit:BodyArmor"],"picked":"hermit:Combo","floor":5},{"not_picked":["GalaxyChild","CherryBlossoms"],"picked":"ShyLook","floor":5}],"player_experience":41012,"relics_obtained":[{"floor":1,"key":"LetterFromLob"}],"event_choices":[],"is_beta":false,"boss_relics":[],"items_purged_floors":[],"is_endless":false,"potions_floor_spawned":[1,4],"killed_by":"Hallownest:eliteVengeflyKing","ascension_level":0}}