{"host":"bx54wbx1b8s5cm4v","time":1613462064,"event":{"mods":["BaseMod","Beaked The Cultist","GifTheSpireLib","Hubris","Marisa????????","Minty Spire (QoL Compilation)","StSLib","The Blackbeard","The Bladedancer","The Cursed","The Disciple","The Druid","The Forsaken","The Necromancer","The Runesmith","The Servant 0.9.4","TheBandit"],"gold_per_floor":[119,133,133,8,22,22,49,49,49,49,65,65,79,105,105,210,210,229,248,94,110,123,123,156,156,210,236,256,272,272,272,272,374,374,392,392,407,407,421,446,461,478,505,539,48,48,80,80,80,80],"floor_reached":51,"language":"ENG","playtime":2159,"items_purged":["Defend_B","Pain"],"score":976,"play_id":"ac424506-1d7b-4462-a44d-140a0d748384","local_time":"20210216045424","is_ascension_mode":true,"campfire_choices":[{"data":"Zap","floor":6,"key":"SMITH"},{"data":"Redo","floor":10,"key":"SMITH"},{"data":"Sunder","floor":12,"key":"SMITH"},{"data":"Genetic Algorithm","floor":15,"key":"SMITH"},{"data":"Multi-Cast","floor":23,"key":"SMITH"},{"data":"Dualcast","floor":25,"key":"SMITH"},{"floor":30,"key":"REST"},{"data":"Lockon","floor":32,"key":"SMITH"},{"floor":49,"key":"REST"}],"circlet_count":0,"master_deck":["Strike_B+1","Strike_B+1","Strike_B+1","Defend_B+1","Defend_B+1","Defend_B+1","Zap+1","Dualcast+1","Redo+1","Sunder+1","Leap","Streamline","Lockon+1","BootSequence","Genetic Algorithm+1","Multi-Cast+1","Consume","Ball Lightning","Conserve Battery","hubris:PowerSurge+1","Rebound+1","Stack+1","Double Energy","Static Discharge+1","Fission","Defragment+1","Blind","Loop+1","Coolheaded+1","Parasite","FTL","Thunder Strike"],"relics":["Cracked Core","Orichalcum","hubris:Towel","Frozen Egg 2","Centennial Puzzle","Inserter","Happy Flower","theForsaken:HumbleEgg","Anchor","Bag of Preparation","Philosopher\u0027s Stone","WarpedTongs","Ornamental Fan","theForsaken:Gavel","Toy Ornithopter","Kunai","Regal Pillow"],"acts_visited":["Exordium","TheCity","TheBeyond"],"potions_floor_usage":[16,18,21,27,27,33,44,50,50],"damage_taken":[{"damage":0,"enemies":"Small Slimes","floor":1,"turns":2},{"damage":1,"enemies":"Cultist","floor":2,"turns":3},{"damage":1,"enemies":"Jaw Worm","floor":5,"turns":3},{"damage":22,"enemies":"3 Sentries","floor":7,"turns":6},{"damage":4,"enemies":"Looter","floor":11,"turns":2},{"damage":0,"enemies":"Exordium Wildlife","floor":13,"turns":2},{"damage":0,"enemies":"Gremlin Nob","floor":14,"turns":2},{"damage":2,"enemies":"Slime Boss","floor":16,"turns":6},{"damage":1,"enemies":"2 Thieves","floor":18,"turns":3},{"damage":4,"enemies":"Spheric Guardian","floor":19,"turns":3},{"damage":1,"enemies":"Centurion and Healer","floor":21,"turns":4},{"damage":31,"enemies":"3 Cultists","floor":22,"turns":6},{"damage":11,"enemies":"Gremlin Leader","floor":24,"turns":4},{"damage":8,"enemies":"Book of Stabbing","floor":27,"turns":3},{"damage":0,"enemies":"Chosen and Byrds","floor":28,"turns":3},{"damage":0,"enemies":"Cultist and Chosen","floor":29,"turns":4},{"damage":25,"enemies":"hubris:MusketHawk","floor":33,"turns":5},{"damage":12,"enemies":"3 Darklings","floor":35,"turns":3},{"damage":0,"enemies":"Orb Walker","floor":37,"turns":3},{"damage":16,"enemies":"Jaw Worm Horde","floor":39,"turns":4},{"damage":14,"enemies":"Reptomancer","floor":40,"turns":5},{"damage":5,"enemies":"Writhing Mass","floor":41,"turns":3},{"damage":7,"enemies":"Transient","floor":42,"turns":5},{"damage":10,"enemies":"Nemesis","floor":44,"turns":3},{"damage":0,"enemies":"Giant Head","floor":47,"turns":6},{"damage":27,"enemies":"Awakened One","floor":50,"turns":13}],"seed_played":"-6129445623600102447","potions_obtained":[{"floor":2,"key":"DuplicationPotion"},{"floor":7,"key":"AttackPotion"},{"floor":11,"key":"LiquidBronze"},{"floor":14,"key":"BlessingOfTheForge"},{"floor":16,"key":"DistilledChaos"},{"floor":19,"key":"Strength Potion"},{"floor":27,"key":"FocusPotion"},{"floor":28,"key":"SteroidPotion"},{"floor":33,"key":"DuplicationPotion"},{"floor":35,"key":"Ancient Potion"},{"floor":37,"key":"Swift Potion"}],"is_trial":false,"path_per_floor":["M","M","?","$","M","R","E","?","T","R","M","R","M","E","R","B",null,"M","M","$","M","M","R","E","R","T","E","M","M","R","?","R","B",null,"M","?","M","?","M","E","M","M","T","E","$","?","E","$","R","B",null],"character_chosen":"DEFECT","items_purchased":["Leap","Happy Flower","Kunai","Thunder Strike"],"campfire_rested":2,"item_purchase_floors":[4,20,45,45],"current_hp_per_floor":[82,81,81,81,80,80,58,58,58,58,54,54,54,54,54,52,82,81,77,77,76,45,45,34,34,34,26,26,26,50,50,50,25,82,70,70,70,70,54,40,35,28,28,18,18,18,18,18,57,40],"gold":80,"neow_bonus":"TEN_PERCENT_HP_BONUS","is_daily":false,"chose_seed":false,"campfire_upgraded":7,"win_rate":0.0,"timestamp":1613462064,"path_taken":["M","M","?","?","M","R","E","?","T","R","?","R","M","E","R","BOSS","M","M","$","?","M","R","E","R","T","E","M","M","R","?","R","BOSS","M","?","M","?","M","E","?","M","T","E","$","?","E","$","R","BOSS"],"items_purchased_type":["Card","Relic","Relic","Card"],"build_version":"2020-12-22","purchased_purges":2,"victory":true,"max_hp_per_floor":[82,82,82,82,82,82,82,82,82,82,82,82,82,82,82,82,82,82,82,82,82,82,82,82,82,82,82,82,82,82,82,82,82,82,82,82,82,82,82,82,82,82,82,82,82,82,82,82,82,82],"card_choices":[{"not_picked":["Steam","Static Discharge"],"picked":"Redo","floor":1},{"not_picked":["Barrage","Glacier"],"picked":"Sunder","floor":2},{"not_picked":["Reprogram","Self Repair"],"picked":"Streamline","floor":5},{"not_picked":["Fusion","Blizzard"],"picked":"Lockon","floor":7},{"not_picked":["Tempest","Cold Snap"],"picked":"Ball Lightning","floor":11},{"not_picked":["Reinforced Body","Coolheaded"],"picked":"BootSequence","floor":13},{"not_picked":["Gash","Force Field"],"picked":"Genetic Algorithm","floor":14},{"not_picked":["Biased Cognition+1","hubris:SpecializedCircuitry+1"],"picked":"Multi-Cast","floor":16},{"not_picked":["Beam Cell+1","Chill"],"picked":"Consume","floor":18},{"not_picked":["Coolheaded+1","Capacitor+1"],"picked":"Ball Lightning","floor":19},{"not_picked":["Genetic Algorithm","Compile Driver"],"picked":"Conserve Battery","floor":21},{"not_picked":["White Noise","Steam"],"picked":"hubris:PowerSurge+1","floor":22},{"not_picked":["Aggregate+1","Self Repair+1"],"picked":"Rebound+1","floor":24},{"not_picked":["Static Discharge+1","Barrage+1"],"picked":"Stack+1","floor":27},{"not_picked":["Cold Snap+1","Compile Driver+1"],"picked":"Double Energy","floor":28},{"not_picked":["Double Energy","Turbo+1"],"picked":"Static Discharge+1","floor":29},{"not_picked":["hubris:Prefetch","Buffer+1"],"picked":"Fission","floor":33},{"not_picked":["Leap+1","Steam Power"],"picked":"Defragment+1","floor":35},{"not_picked":["hubris:Ssssneak","Bandage Up"],"picked":"Blind","floor":36},{"not_picked":["Undo","Ball Lightning+1"],"picked":"Loop+1","floor":37},{"not_picked":["Compile Driver+1","Coolheaded+1","Ball Lightning+1"],"picked":"SKIP","floor":39},{"not_picked":["Leap+1","Aggregate+1"],"picked":"Coolheaded+1","floor":40},{"not_picked":["Stack+1","Barrage+1","Rebound+1"],"picked":"SKIP","floor":41},{"not_picked":["Turbo+1","Compile Driver+1","Go for the Eyes+1"],"picked":"SKIP","floor":42},{"not_picked":["White Noise+1","Darkness+1"],"picked":"FTL","floor":44},{"not_picked":["Gash+1","Hologram+1","Static Discharge+1"],"picked":"SKIP","floor":47}],"player_experience":52892,"relics_obtained":[{"floor":7,"key":"Orichalcum"},{"floor":9,"key":"Frozen Egg 2"},{"floor":14,"key":"Centennial Puzzle"},{"floor":24,"key":"theForsaken:HumbleEgg"},{"floor":26,"key":"Anchor"},{"floor":27,"key":"Bag of Preparation"},{"floor":40,"key":"Ornamental Fan"},{"floor":43,"key":"theForsaken:Gavel"},{"floor":44,"key":"Toy Ornithopter"},{"floor":47,"key":"Regal Pillow"}],"event_choices":[{"cards_removed":["Strike_B"],"damage_healed":0,"gold_gain":0,"player_choice":"Purged","damage_taken":0,"max_hp_gain":0,"max_hp_loss":0,"event_name":"Purifier","floor":3,"gold_loss":0},{"damage_healed":0,"gold_gain":0,"player_choice":"Simplicity","damage_taken":0,"max_hp_gain":0,"max_hp_loss":0,"event_name":"Back to Basics","floor":31,"gold_loss":0,"cards_upgraded":["Strike_B","Strike_B","Strike_B","Defend_B","Defend_B","Defend_B"]},{"damage_healed":0,"gold_gain":0,"player_choice":"Memory 1","damage_taken":0,"max_hp_gain":0,"max_hp_loss":0,"event_name":"SensoryStone","floor":36,"gold_loss":0},{"damage_healed":0,"gold_gain":0,"player_choice":"Rummage","damage_taken":0,"relics_obtained":["WarpedTongs"],"max_hp_gain":0,"max_hp_loss":0,"event_name":"Accursed Blacksmith","floor":38,"gold_loss":0,"cards_obtained":["Pain"]},{"cards_removed":["Ball Lightning"],"damage_healed":0,"gold_gain":0,"player_choice":"Removed Attack","damage_taken":0,"max_hp_gain":0,"max_hp_loss":0,"event_name":"Falling","floor":46,"gold_loss":0}],"is_beta":false,"boss_relics":[{"not_picked":["Runic Pyramid","Runic Dome"],"picked":"Inserter"},{"not_picked":["hubris:ScarierMask","FrozenCore"],"picked":"Philosopher\u0027s Stone"}],"items_purged_floors":[4,45],"is_endless":false,"potions_floor_spawned":[2,7,11,14,16,19,27,28,33,35,37,40],"ascension_level":1}}