{"host":"em7glxdljexkv14i","time":1613489568,"event":{"mods":["Act Like it!","Aspiration","Bard","BaseMod","Better Altar","Better Match","Better Note","Better Sensory Stone","Better Skull","Better Third Choice","Block Reminder","ChefMod","Colored Powertips","Conspire","Curses Come First","Dark Map","Hallownest","Hermit","Highlight Path","Hubris","Minty Spire (QoL Compilation)","Quick Restart","Rare Cards Sparkle","Reliquary","Slay the Relics Exporter","StSLib","The Bug Knight","The Wild Card"],"gold_per_floor":[111,111,128,141,159,188,188,148,148,148,206,206,206,206],"floor_reached":13,"language":"ENG","playtime":919,"items_purged":[],"score":83,"play_id":"21c0bdd4-55c9-4d40-b105-e05224ef05f5","local_time":"20210216153248","is_ascension_mode":false,"campfire_choices":[{"data":"chefmod:SliceAndDice","floor":7,"key":"SMITH"}],"circlet_count":0,"master_deck":["chefmod:Strike","chefmod:Strike","chefmod:Strike","chefmod:Strike","chefmod:QuickThaw","chefmod:Defend","chefmod:Defend","chefmod:Defend","chefmod:Defend","chefmod:TodaysSpecial","chefmod:SpaghettiCarbonara","chefmod:ColdSteel","chefmod:NoSoupForYou","chefmod:DinoKale","chefmod:SliceAndDice+1","chefmod:IcePick"],"relics":["chefmod:TrustyPot","NeowsBlessing","Omamori","aspiration:FrozenJewel","Bird Faced Urn"],"acts_visited":["Exordium"],"potions_floor_usage":[6,6,6,11,11],"damage_taken":[{"damage":2,"enemies":"conspire:RoseBush","floor":1,"turns":1},{"damage":0,"enemies":"Cultist","floor":3,"turns":1},{"damage":0,"enemies":"Jaw Worm","floor":4,"turns":1},{"damage":4,"enemies":"Exordium Thugs","floor":5,"turns":5},{"damage":8,"enemies":"Gremlin Nob","floor":6,"turns":4},{"damage":0,"enemies":"Gremlin Nob","floor":11,"turns":3},{"damage":59,"enemies":"3 Sentries","floor":13,"turns":12}],"seed_played":"-4720024255318005436","potions_obtained":[{"floor":1,"key":"AttackPotion"},{"floor":2,"key":"Weak Potion"},{"floor":2,"key":"BlessingOfTheForge"},{"floor":2,"key":"DistilledChaos"},{"floor":8,"key":"Fire Potion"},{"floor":8,"key":"FearPotion"},{"floor":8,"key":"chefmod:AntifreezePotion"}],"is_trial":false,"path_per_floor":["M","?","M","M","M","E","R","?","T","$","?","?","E"],"character_chosen":"THE_CHEF","items_purchased":[],"campfire_rested":0,"item_purchase_floors":[],"current_hp_per_floor":[74,74,74,74,70,62,62,62,62,62,62,76,17,17],"gold":206,"neow_bonus":"THREE_ENEMY_KILL","is_daily":false,"chose_seed":false,"campfire_upgraded":1,"win_rate":0.0,"timestamp":1613489568,"path_taken":["M","?","M","?","M","E","R","?","T","?","?","?","E"],"items_purchased_type":[],"build_version":"2020-12-22","purchased_purges":0,"victory":false,"max_hp_per_floor":[76,76,76,76,76,76,76,76,76,76,76,76,76,76],"card_choices":[{"not_picked":["chefmod:Defrost","chefmod:IcePick"],"picked":"chefmod:SpaghettiCarbonara","floor":1},{"not_picked":["chefmod:Bruschetta","chefmod:Chop"],"picked":"chefmod:ColdSteel","floor":3},{"not_picked":["chefmod:BaoBuns","chefmod:Canape"],"picked":"chefmod:NoSoupForYou","floor":4},{"not_picked":["chefmod:Defrost","chefmod:PotatoGratin"],"picked":"chefmod:DinoKale","floor":5},{"not_picked":["chefmod:QuickChop","chefmod:Mince"],"picked":"chefmod:SliceAndDice","floor":6},{"not_picked":["chefmod:Julienne","chefmod:CleanHouse"],"picked":"chefmod:IcePick","floor":11}],"player_experience":17027,"relics_obtained":[{"floor":6,"key":"Omamori"},{"floor":9,"key":"aspiration:FrozenJewel"},{"floor":11,"key":"Bird Faced Urn"}],"event_choices":[{"damage_healed":0,"gold_gain":0,"player_choice":"Got Potions","damage_taken":0,"max_hp_gain":0,"max_hp_loss":0,"event_name":"Lab","floor":2,"gold_loss":0},{"damage_healed":0,"gold_gain":0,"player_choice":"Bought 3 Potions","damage_taken":0,"max_hp_gain":0,"max_hp_loss":0,"event_name":"The Woman in Blue","floor":8,"gold_loss":0},{"damage_healed":0,"gold_gain":30,"player_choice":"Searched \u00273\u0027 times","damage_taken":0,"max_hp_gain":0,"max_hp_loss":0,"event_name":"Dead Adventurer","floor":11,"gold_loss":0},{"damage_healed":14,"gold_gain":0,"player_choice":"Full Heal","damage_taken":0,"max_hp_gain":0,"max_hp_loss":0,"event_name":"Wheel of Change","floor":12,"gold_loss":0}],"is_beta":false,"boss_relics":[],"items_purged_floors":[],"is_endless":false,"potions_floor_spawned":[1,3],"killed_by":"3 Sentries","ascension_level":0}}