{"host":"w01zow3jg16g8jdh","time":1613481953,"event":{"mods":["2.2 Compatiblity","AchievementEnabler","BaseMod","DeckTracker","Hermit","Keyboard Shortcuts","Marisa£¨Ùöéë¡¡Øª×âÞÞ£©","Minty Spire (QoL Compilation)","Permanent Neow","StSLib","SuperFastMode"],"gold_per_floor":[111,111,126,145,145,145,145],"floor_reached":6,"language":"KOR","playtime":102,"items_purged":[],"score":61,"play_id":"7fca0dc6-e3ec-4274-b27a-7e5fe980e049","local_time":"20210216222553","is_ascension_mode":true,"campfire_choices":[],"circlet_count":0,"master_deck":["AscendersBane","Strike_MRS","Strike_MRS","Strike_MRS","Strike_MRS","Defend_MRS","Defend_MRS","Defend_MRS","MasterSpark","UpSweep","TreasureHunter","GrandCross","EventHorizon"],"relics":["MiniHakkero"],"acts_visited":["Exordium"],"potions_floor_usage":[6],"damage_taken":[{"damage":2.0,"enemies":"Jaw Worm","floor":1.0,"turns":3.0},{"damage":0.0,"enemies":"Small Slimes","floor":3.0,"turns":2.0},{"damage":1.0,"enemies":"2 Louse","floor":4.0,"turns":3.0},{"damage":21,"enemies":"Gremlin Nob","floor":6,"turns":4}],"seed_played":"7551143207242542201","potions_obtained":[{"floor":4.0,"key":"SneckoOil"}],"is_trial":false,"path_per_floor":["M","?","M","M","?","E"],"character_chosen":"MARISA","items_purchased":[],"campfire_rested":0,"item_purchase_floors":[],"current_hp_per_floor":[43,36,36,35,35,14,14],"gold":145,"neow_bonus":"THREE_RARE_CARDS","is_daily":false,"chose_seed":false,"campfire_upgraded":0,"win_rate":0.0,"timestamp":1613481953,"path_taken":["M","?","M","M","?","E"],"items_purchased_type":[],"build_version":"2020-12-22","purchased_purges":0,"victory":false,"max_hp_per_floor":[70,70,70,70,70,70,70],"card_choices":[{"not_picked":["StarDustReverie","FinalSpark"],"picked":"TreasureHunter","floor":0.0},{"not_picked":["OortCloud","MysteriousBeam"],"picked":"GrandCross","floor":1.0},{"not_picked":["PowerUp","WitchLeyline","OneTimeOff"],"picked":"SKIP","floor":3.0},{"not_picked":["GalacticHalo","RefractionSpark","EventHorizon"],"picked":"SKIP","floor":4.0},{"not_picked":["GalacticHalo","RefractionSpark"],"picked":"EventHorizon","floor":4.0}],"player_experience":393867,"relics_obtained":[],"event_choices":[{"cards_removed":["Defend_MRS"],"damage_healed":0.0,"max_hp_gain":0.0,"max_hp_loss":0.0,"gold_gain":0.0,"event_name":"Golden Wing","player_choice":"Card Removal","floor":2.0,"gold_loss":0.0,"damage_taken":7.0},{"damage_healed":0,"gold_gain":0,"player_choice":"Ignored","damage_taken":0,"max_hp_gain":0,"max_hp_loss":0,"event_name":"Liars Game","floor":5,"gold_loss":0}],"is_beta":false,"boss_relics":[],"items_purged_floors":[],"is_endless":false,"potions_floor_spawned":[4],"killed_by":"Gremlin Nob","ascension_level":14}}