{"host":"lnnm69al9x392px5","time":1613450414,"event":{"mods":["BaseMod","Downfall","Minty Spire (QoL Compilation)","Reliquary","Replay The Spire","StSLib"],"gold_per_floor":[99,114,126,145,245,260,287,46,81,231,231,245,245,262,281,380,380,380,398,398,412,412,442,442,442,469,369,9,43,43,72,87,185,185,85,97,115,115,131,181,231,247,247,247,257,277,277,311,329,329,329,329],"floor_reached":50,"language":"ENG","playtime":3209,"items_purged":["Guardian:Defend_Guardian"],"score":752,"play_id":"2fcb521b-0314-4a96-9ebc-2c519d70ea75","local_time":"20210215204014","is_ascension_mode":false,"campfire_choices":[{"data":"Guardian:ConstructionForm","floor":13,"key":"SMITH"},{"floor":18,"key":"DIG"},{"floor":25,"key":"RECALL"},{"data":"Guardian:CurlUp","floor":27,"key":"SMITH"},{"data":"Guardian:SphericShield","floor":35,"key":"SMITH"},{"data":"Guardian:GatlingBeam","floor":44,"key":"SMITH"}],"circlet_count":0,"master_deck":["Guardian:Defend_Guardian","Guardian:Defend_Guardian","Guardian:Defend_Guardian","Guardian:CurlUp+1","Guardian:TwinSlam+1","Guardian:BronzeOrb+1","Guardian:ShieldCharger","Guardian:Gem_Lightblue","Guardian:ConstructionForm+1","Guardian:Gem_Green","downfall:Icky","Guardian:TemporalStrike","Guardian:GatlingBeam+1","Guardian:GemFire","Guardian:Gem_Fragmented","Necronomicurse","Guardian:FuturePlans","Guardian:Gem_Cyan","Guardian:Gem_Red","Guardian:SentryBeam","Guardian:Gem_Cyan","Guardian:SentryBeam+1","Guardian:BodySlam","Guardian:SphericShield+1","Guardian:Orbwalk+1","Guardian:MultiBeam","expansioncontent:HyperBeam","expansioncontent:PolyBeam","Guardian:Gem_Cyan","Guardian:WalkerClaw+1","Replay:SS_hec_1","Guardian:DonusPower","Guardian:Gem_White","Guardian:DonusPower","Guardian:TimeCapacitor+1","Guardian:Gem_Orange","Guardian:Gem_Cyan"],"relics":["Guardian:ModeShifter","Gambling Chip","Guardian:DefensiveModeMoreBlock","Bag of Preparation","Lantern","reliquary:JackalopeAntler","Empty Cage","reliquary:ExpiredCoupon","Necronomicon","reliquary:FeatherDuster","Ancient Tea Set","downfall:HeartBlessingRed","Gremlin Food","Snack Pack","Nloth\u0027s Gift","Mirror","Snecko Eye","downfall:HeartBlessingGreen","Thread and Needle","Lee\u0027s Waffle","Letter Opener"],"acts_visited":["Exordium","TheCity","TheBeyond"],"potions_floor_usage":[23,29,32],"damage_taken":[{"damage":2,"enemies":"Small Slimes","floor":2,"turns":6},{"damage":4,"enemies":"Cultist","floor":3,"turns":4},{"damage":1,"enemies":"2 Louse","floor":4,"turns":3},{"damage":0,"enemies":"downfall:LooterAlt","floor":6,"turns":2},{"damage":0,"enemies":"downfall:FleeingMerchant","floor":8,"turns":4},{"damage":0,"enemies":"Lagavulin","floor":9,"turns":6},{"damage":0,"enemies":"Exordium Thugs","floor":12,"turns":4},{"damage":2,"enemies":"Gremlin Gang","floor":14,"turns":3},{"damage":0,"enemies":"3 Louse","floor":15,"turns":2},{"damage":0,"enemies":"IC_STATUS_ARCHETYPE","floor":16,"turns":10},{"damage":0,"enemies":"Spheric Guardian","floor":19,"turns":1},{"damage":0,"enemies":"Shell Parasite","floor":21,"turns":3},{"damage":20,"enemies":"Slavers","floor":23,"turns":4},{"damage":0,"enemies":"Book of Stabbing","floor":26,"turns":4},{"damage":0,"enemies":"downfall:FleeingMerchant","floor":28,"turns":4},{"damage":3,"enemies":"Slavers","floor":29,"turns":3},{"damage":19,"enemies":"Book of Stabbing","floor":31,"turns":4},{"damage":0,"enemies":"Snake Plant","floor":32,"turns":3},{"damage":11,"enemies":"WA_ARCHETYPE_CALM","floor":33,"turns":7},{"damage":0,"enemies":"Orb Walker","floor":36,"turns":1},{"damage":0,"enemies":"3 Shapes","floor":37,"turns":1},{"damage":21,"enemies":"Writhing Mass","floor":39,"turns":5},{"damage":0,"enemies":"Writhing Mass","floor":40,"turns":8},{"damage":0,"enemies":"downfall:FleeingMerchant","floor":42,"turns":3},{"damage":0,"enemies":"3 Darklings","floor":45,"turns":2},{"damage":0,"enemies":"Maw","floor":46,"turns":3},{"damage":0,"enemies":"Reptomancer","floor":48,"turns":2},{"damage":0,"enemies":"4 Shapes","floor":49,"turns":1},{"damage":108,"enemies":"SI_POISON_ARCHETYPE","floor":50,"turns":7}],"seed_played":"-8463760991839771377","potions_obtained":[{"floor":2,"key":"Elixir"},{"floor":3,"key":"Strength Potion"},{"floor":12,"key":"FearPotion"},{"floor":15,"key":"PowerPotion"},{"floor":26,"key":"Flashbang"},{"floor":31,"key":"DuplicationPotion"},{"floor":32,"key":"DuplicationPotion"},{"floor":48,"key":"Guardian:DefensiveModePotion"}],"is_trial":false,"path_per_floor":["R","M","M","M","?","M","T","$","E","?","T","M","R","M","M","B",null,"R","M","?","M","?","E","T","R","E","R","$","E","?","E","M","B",null,"R","M","M","?","M","?","T","$","?","R","M","M","?","E","M","B"],"character_chosen":"GUARDIAN","items_purchased":["Bag of Preparation","Guardian:ConstructionForm","Guardian:SentryBeam","Gremlin Food","Guardian:Gem_Cyan","Lee\u0027s Waffle","Replay:SS_hec_1","Guardian:DonusPower"],"campfire_rested":0,"item_purchase_floors":[8,8,28,28,28,42,42,42],"current_hp_per_floor":[56,54,50,49,49,49,49,49,49,49,49,49,49,47,47,47,80,80,80,80,80,64,44,44,44,44,44,44,41,41,26,28,21,80,80,80,80,75,56,60,60,87,87,87,87,87,87,87,87,0,0,0],"gold":329,"neow_bonus":"ONE_RARE_RELIC","is_daily":false,"chose_seed":false,"campfire_upgraded":4,"win_rate":0.0,"timestamp":1613450414,"path_taken":["R","M","M","M","?","M","T","?","E","?","?","M","R","M","M","BOSS","R","M","?","?","?","E","T","R","E","R","$","E","?","E","M","BOSS","R","M","M","?","M","?","T","$","?","R","?","M","?","E","M","BOSS"],"items_purchased_type":["Relic","Card","Card","Relic","Card","Relic","Card","Card"],"build_version":"2020-12-22","purchased_purges":1,"victory":false,"max_hp_per_floor":[80,80,80,80,80,80,80,80,80,80,80,80,80,80,80,80,80,80,80,80,80,80,80,80,80,80,80,80,80,80,80,80,80,80,80,80,80,80,80,80,80,87,87,87,87,87,87,87,87,87,87,87],"card_choices":[{"not_picked":["Guardian:Orbwalk","Guardian:SentryBeam"],"picked":"Guardian:BronzeOrb","floor":2},{"not_picked":["Guardian:TemporalShield","Guardian:VentSteam"],"picked":"Guardian:Gem_Red","floor":3},{"not_picked":["Guardian:RollAttack","Guardian:VentSteam"],"picked":"Guardian:Gem_White","floor":4},{"not_picked":["Guardian:DonusPower","Guardian:PrimingBeam"],"picked":"Guardian:ShieldCharger","floor":6},{"not_picked":["Guardian:Incinerate","Guardian:Planning"],"picked":"Guardian:Gem_Lightblue","floor":8},{"not_picked":["Guardian:WalkerClaw","Guardian:ConstructionForm"],"picked":"Guardian:Gem_Green","floor":9},{"not_picked":["Guardian:PolyBeam","Guardian:Emergency"],"picked":"Guardian:Gem_Yellow","floor":12},{"not_picked":["Guardian:ShieldCharger","Guardian:Suspension"],"picked":"Guardian:TemporalStrike","floor":14},{"not_picked":["Guardian:DonusPower","Guardian:TemporalStrike"],"picked":"Guardian:Gem_Cyan","floor":15},{"not_picked":["Guardian:FastForward","Guardian:TimeSifter"],"picked":"Guardian:GatlingBeam","floor":16},{"not_picked":["Guardian:TimeCapacitor","Guardian:ChargeCore","Guardian:TemporalShield"],"picked":"SKIP","floor":19},{"not_picked":["Guardian:Gem_Lightblue","Guardian:RefractedBeam"],"picked":"Guardian:Gem_Fragmented","floor":21},{"not_picked":["Guardian:Reroute","Guardian:TimeBomb"],"picked":"Guardian:FuturePlans","floor":23},{"not_picked":["Guardian:ChargeCore+1","Guardian:Recover"],"picked":"Guardian:Gem_Cyan","floor":26},{"not_picked":["Guardian:ChargeCore+1","Guardian:Recover"],"picked":"Guardian:Gem_Red","floor":28},{"not_picked":["Guardian:Suspension+1","Guardian:PrismaticBarrier"],"picked":"Guardian:SentryBeam+1","floor":29},{"not_picked":["Guardian:FuturePlans","Guardian:GuardianWhirl","Guardian:PrismaticBeam"],"picked":"SKIP","floor":31},{"not_picked":["Guardian:PrismaticBarrier+1","Guardian:Planning+1"],"picked":"Guardian:BodySlam","floor":32},{"not_picked":["Guardian:StasisEngine","Guardian:BaubleBeam"],"picked":"Guardian:SphericShield","floor":33},{"not_picked":["Guardian:PrismaticBarrier","Guardian:Planning"],"picked":"Guardian:Orbwalk+1","floor":36},{"not_picked":["Guardian:Gem_Cyan","Guardian:SpikerProtocol"],"picked":"Guardian:MultiBeam","floor":37},{"not_picked":["expansioncontent:InvincibleStrength","Replay:SS_forest_2"],"picked":"expansioncontent:HyperBeam","floor":38},{"not_picked":["expansioncontent:InvincibleStrength","Replay:SS_fish_1"],"picked":"expansioncontent:PolyBeam","floor":38},{"not_picked":["Guardian:CrystalBeam","Guardian:Emergency+1"],"picked":"Guardian:Gem_Cyan","floor":39},{"not_picked":["Guardian:PiercingHide","Guardian:FloatingOrbs"],"picked":"Guardian:WalkerClaw+1","floor":40},{"not_picked":["Guardian:Incinerate","Guardian:VentSteam","Guardian:Repulse"],"picked":"SKIP","floor":42},{"not_picked":["Guardian:CompilePackage","Guardian:PiercingHide+1"],"picked":"Guardian:DonusPower","floor":45},{"not_picked":["Guardian:Reroute","Guardian:Gem_Lightblue"],"picked":"Guardian:TimeCapacitor+1","floor":46},{"not_picked":["Guardian:Incinerate","Guardian:Gem_Lightblue"],"picked":"Guardian:Gem_Orange","floor":48},{"not_picked":["Guardian:ShieldSpikes","Guardian:Recover+1"],"picked":"Guardian:Gem_Cyan","floor":49}],"player_experience":304931,"relics_obtained":[{"floor":7,"key":"Guardian:DefensiveModeMoreBlock"},{"floor":9,"key":"Lantern"},{"floor":11,"key":"reliquary:JackalopeAntler"},{"floor":18,"key":"reliquary:ExpiredCoupon"},{"floor":22,"key":"Necronomicon"},{"floor":23,"key":"reliquary:FeatherDuster"},{"floor":24,"key":"reliquary:Buckler"},{"floor":26,"key":"Ancient Tea Set"},{"floor":29,"key":"Snack Pack"},{"floor":31,"key":"Mirror"},{"floor":40,"key":"Thread and Needle"},{"floor":48,"key":"Letter Opener"}],"event_choices":[{"cards_removed":["Guardian:Gem_Cyan"],"damage_healed":0,"gold_gain":0,"player_choice":"Removed Skill","damage_taken":0,"max_hp_gain":0,"max_hp_loss":0,"event_name":"Falling","floor":47,"gold_loss":0}],"is_beta":false,"boss_relics":[{"not_picked":["reliquary:WritOfMandamus","Runic Dome"],"picked":"Empty Cage"},{"not_picked":["reliquary:RedPaperclip","reliquary:Ember"],"picked":"Snecko Eye"}],"items_purged_floors":[28],"is_endless":false,"potions_floor_spawned":[2,3,12,14,15,16,26,31,32,33,39,40,45,48],"killed_by":"SI_POISON_ARCHETYPE","ascension_level":0}}