{"host":"pyelotildgrd5mks","time":1613483809,"event":{"mods":["BaseMod","Downfall","Minty Spire (QoL Compilation)","Quick Restart","StSLib"],"gold_per_floor":[99,99,24,24,124,24,24,49,67,67,87,98,98,111,123,219,219,219,232,249,134,151,171,171,171,206,106,91,91,153,153,169,274,274,274,288,288,288,288,323,323,334,369,369,269,288,288,288,304,304,304,333,41,41,41,41],"floor_reached":57,"language":"ZHS","playtime":2866,"items_purged":["Guardian:Strike_Guardian","Guardian:Strike_Guardian","Guardian:Strike_Guardian","Guardian:Defend_Guardian"],"score":1955,"play_id":"f0ab0b0e-ff9e-41b2-af8a-c81c128ba120","local_time":"20210216215649","is_ascension_mode":true,"campfire_choices":[{"floor":1.0,"key":"RECALL"},{"data":"Guardian:TwinSlam","floor":6.0,"key":"SMITH"},{"data":"Guardian:BronzeArmor","floor":10.0,"key":"SMITH"},{"data":"Guardian:CompilePackage","floor":13.0,"key":"SMITH"},{"data":"Guardian:BodySlam","floor":18.0,"key":"SMITH"},{"data":"Guardian:RevengeProtocol","floor":25.0,"key":"SMITH"},{"data":"Guardian:StasisField","floor":27.0,"key":"SMITH"},{"data":"Guardian:StasisStrike","floor":29.0,"key":"SMITH"},{"data":"Guardian:Clone","floor":35.0,"key":"SMITH"},{"data":"Guardian:CurlUp","floor":45.0,"key":"SMITH"},{"data":"Guardian:FastForward","floor":47.0,"key":"SMITH"},{"data":"Guardian:SphericShield","floor":54.0,"key":"SMITH"}],"circlet_count":0,"master_deck":["AscendersBane","Guardian:Defend_Guardian","Guardian:CurlUp+1","Guardian:TwinSlam+1","Guardian:BronzeArmor+1","Guardian:CompilePackage+1","Guardian:RevengeProtocol+1","Guardian:BodySlam+1","Guardian:StasisField+1","Guardian:Clone+1","Guardian:StasisStrike+1","Guardian:FastForward+1","Guardian:PrismaticBarrier+1","Guardian:TimeSifter","Guardian:FuturePlans+1","Guardian:BronzeOrb+1","Guardian:StasisEngine","Guardian:SphericShield+1"],"relics":["Guardian:ModeShifter","downfall:HeartsMalice","downfall:HeartBlessingRed","Turnip","hexamod:CandleOfCauterizing","Sozu","Prayer Wheel","Ancient Tea Set","downfall:HeartBlessingGreen","Coffee Dripper","Guardian:DefensiveModeMoreBlock","Slimebound:PreparedRelic","downfall:HeartBlessingBlue","bronze:DecasWashers"],"acts_visited":["Exordium","TheCity","TheBeyond","TheEnding"],"potions_floor_usage":[56],"damage_taken":[{"damage":0.0,"enemies":"downfall:FleeingMerchant","floor":3.0,"turns":1.0},{"damage":0.0,"enemies":"Small Slimes","floor":4.0,"turns":1.0},{"damage":0.0,"enemies":"Lagavulin","floor":8.0,"turns":1.0},{"damage":0.0,"enemies":"Cultist","floor":9.0,"turns":3.0},{"damage":7.0,"enemies":"Jaw Worm","floor":11.0,"turns":3.0},{"damage":0.0,"enemies":"Lots of Slimes","floor":12.0,"turns":4.0},{"damage":11.0,"enemies":"Exordium Thugs","floor":14.0,"turns":4.0},{"damage":0.0,"enemies":"3 Louse","floor":15.0,"turns":2.0},{"damage":21.0,"enemies":"WA_ARCHETYPE_RETAIN","floor":16.0,"turns":6.0},{"damage":5.0,"enemies":"3 Byrds","floor":19.0,"turns":2.0},{"damage":0.0,"enemies":"Spheric Guardian","floor":20.0,"turns":2.0},{"damage":0.0,"enemies":"downfall:FleeingMerchant","floor":21.0,"turns":4.0},{"damage":0.0,"enemies":"3 Cultists","floor":22.0,"turns":3.0},{"damage":0.0,"enemies":"Sentry and Sphere","floor":23.0,"turns":4.0},{"damage":23.0,"enemies":"Slavers","floor":26.0,"turns":4.0},{"damage":0.0,"enemies":"downfall:FleeingMerchant","floor":28.0,"turns":4.0},{"damage":0.0,"enemies":"downfall:FleeingMerchant","floor":30.0,"turns":3.0},{"damage":2.0,"enemies":"Cultist and Chosen","floor":32.0,"turns":6.0},{"damage":32.0,"enemies":"DF_ARCHETYPE_CLAW","floor":33.0,"turns":9.0},{"damage":10.0,"enemies":"3 Darklings","floor":36.0,"turns":9.0},{"damage":14.0,"enemies":"Nemesis","floor":40.0,"turns":7.0},{"damage":15.0,"enemies":"3 Shapes","floor":42.0,"turns":4.0},{"damage":0.0,"enemies":"Reptomancer","floor":43.0,"turns":7.0},{"damage":0.0,"enemies":"Spire Growth","floor":46.0,"turns":3.0},{"damage":0.0,"enemies":"3 Darklings","floor":49.0,"turns":4.0},{"damage":2.0,"enemies":"IC_BLOCK_ARCHETYPE","floor":50.0,"turns":9.0},{"damage":0.0,"enemies":"downfall:CharBossMerchant","floor":52.0,"turns":5.0},{"damage":0,"enemies":"downfall:NeowBoss","floor":55,"turns":15},{"damage":21,"enemies":"downfall:NeowBossFinal","floor":56,"turns":11}],"seed_played":"8564120954800616923","potions_obtained":[{"floor":9.0,"key":"champ:CounterPotion"},{"floor":11.0,"key":"SteroidPotion"}],"is_trial":false,"path_per_floor":["R","?","$","M","?","R","T","E","M","R","M","M","R","M","M","B",null,"R","M","M","$","M","M","T","R","E","R","$","R","$","?","M","B",null,"R","M","?","?","?","E","T","M","E","?","R","M","R","?","M","B",null,"E","$","R","B","B",null],"character_chosen":"GUARDIAN","items_purchased":["Guardian:FastForward","Guardian:SphericShield"],"campfire_rested":0,"item_purchase_floors":[30,53],"current_hp_per_floor":[72,72,72,72,72,72,72,72,72,72,65,65,65,54,54,33,68,68,63,63,63,63,63,63,63,40,40,40,40,40,40,38,6,62,62,52,52,52,52,38,38,23,23,23,33,33,33,33,33,31,75,75,75,75,75,54],"gold":41,"neow_bonus":"THREE_ENEMY_KILL","is_daily":false,"chose_seed":false,"campfire_upgraded":11,"win_rate":0.0,"timestamp":1613483809,"path_taken":["R","?","?","?","?","R","T","E","M","R","M","M","R","M","M","BOSS","R","M","M","$","M","M","T","R","E","R","?","R","$","?","M","BOSS","R","M","?","?","?","E","T","?","E","?","R","M","R","?","M","BOSS","E","$","R","BOSS","BOSS"],"items_purchased_type":["Card","Card"],"build_version":"2020-12-22","purchased_purges":4,"victory":true,"max_hp_per_floor":[80,80,80,80,80,80,80,80,80,80,80,80,80,80,80,80,80,80,80,80,80,80,80,80,80,80,80,80,80,80,80,80,80,80,80,80,80,80,80,80,80,80,80,80,90,90,90,90,90,90,90,90,90,90,90,90],"card_choices":[{"not_picked":["Guardian:Incinerate","Guardian:EvasiveProtocol","Guardian:RefractedBeam"],"picked":"SKIP","floor":3.0},{"not_picked":["Guardian:Recover","Guardian:ArmoredProtocol"],"picked":"Guardian:BronzeArmor","floor":4.0},{"not_picked":["Guardian:RollAttack","Guardian:Suspension"],"picked":"Guardian:ChargeCore","floor":8.0},{"not_picked":["Guardian:Gem_Red","Guardian:Gem_Crimson"],"picked":"Guardian:Gem_Fragmented","floor":9.0},{"not_picked":["Guardian:VentSteam","Guardian:Gem_Crimson"],"picked":"Guardian:CompilePackage","floor":11.0},{"not_picked":["Guardian:PiercingHide","Guardian:Suspension"],"picked":"Guardian:Gem_Cyan","floor":12.0},{"not_picked":["Guardian:ChargeCore","Guardian:TemporalStrike"],"picked":"Guardian:RevengeProtocol","floor":14.0},{"not_picked":["Guardian:Reroute","Guardian:PolyBeam"],"picked":"Guardian:BodySlam","floor":15.0},{"not_picked":["Guardian:Gem_Orange","Guardian:GatlingBeam"],"picked":"Guardian:StasisField","floor":16.0},{"not_picked":["Guardian:WalkerClaw","Guardian:Incinerate","Guardian:TemporalStrike"],"picked":"SKIP","floor":19.0},{"not_picked":["Guardian:WalkerClaw","Guardian:Gem_Cyan"],"picked":"Guardian:Clone","floor":20.0},{"not_picked":["Guardian:ShieldSpikes","Guardian:ShieldCharger+1"],"picked":"Guardian:StasisStrike","floor":21.0},{"not_picked":["Guardian:Incinerate","Guardian:PiercingHide+1","Guardian:Orbwalk"],"picked":"SKIP","floor":22.0},{"not_picked":["Guardian:ShieldCharger","Guardian:RollAttack","Guardian:Gem_Green"],"picked":"SKIP","floor":23.0},{"not_picked":["Guardian:Incinerate+1","Guardian:ShieldSpikes"],"picked":"Guardian:Gem_White","floor":26.0},{"not_picked":["Guardian:Reroute","Guardian:ShieldCharger+1","Guardian:Orbwalk"],"picked":"SKIP","floor":28.0},{"not_picked":["Guardian:FierceBash","Guardian:PolyBeam","Guardian:ChargeUp"],"picked":"SKIP","floor":30.0},{"not_picked":["Guardian:TimeCapacitor+1","Guardian:FuturePlans+1"],"picked":"Guardian:PrismaticBarrier+1","floor":32.0},{"not_picked":["Guardian:Gem_Cyan","Guardian:ChargeCore+1","Guardian:RollAttack"],"picked":"SKIP","floor":32.0},{"not_picked":["Guardian:CompilePackage","Guardian:FierceBash"],"picked":"Guardian:TimeSifter","floor":33.0},{"not_picked":["Guardian:Planning","Guardian:PiercingHide+1","Guardian:Recover+1"],"picked":"SKIP","floor":36.0},{"not_picked":["Guardian:Gem_Green","Guardian:Recover+1","Guardian:ShieldCharger+1"],"picked":"SKIP","floor":36.0},{"not_picked":["Guardian:Planning","Guardian:TemporalStrike+1","Guardian:MultiBeam+1"],"picked":"SKIP","floor":40.0},{"not_picked":["Guardian:Preprogram+1","Guardian:Emergency+1"],"picked":"Guardian:FuturePlans+1","floor":42.0},{"not_picked":["Guardian:PiercingHide","Guardian:CrystalBeam"],"picked":"Guardian:Gem_Cyan","floor":42.0},{"not_picked":["Guardian:Suspension+1","Guardian:Reroute","Guardian:Gem_Blue"],"picked":"SKIP","floor":43.0},{"not_picked":["Guardian:Suspension+1","Guardian:Reroute","Guardian:Gem_Blue"],"picked":"SKIP","floor":43.0},{"not_picked":["Guardian:ChargeUp","Guardian:SpikerProtocol"],"picked":"Guardian:BronzeOrb+1","floor":46.0},{"not_picked":["Guardian:Incinerate","Guardian:Gem_Crimson","Guardian:ArmoredProtocol+1"],"picked":"SKIP","floor":46.0},{"not_picked":["Guardian:VentSteam+1","Guardian:Suspension"],"picked":"Guardian:StasisEngine","floor":49.0},{"not_picked":["Guardian:Reroute+1","Guardian:ArmoredProtocol","Guardian:MultiBeam+1"],"picked":"SKIP","floor":49.0},{"not_picked":["Guardian:WalkerClaw","Guardian:PrimingBeam+1","Guardian:Reroute+1"],"picked":"SKIP","floor":52.0}],"player_experience":713281,"relics_obtained":[{"floor":7.0,"key":"Turnip"},{"floor":8.0,"key":"hexamod:CandleOfCauterizing"},{"floor":24.0,"key":"Prayer Wheel"},{"floor":26.0,"key":"Ancient Tea Set"},{"floor":40.0,"key":"Guardian:DefensiveModeMoreBlock"},{"floor":43.0,"key":"Slimebound:PreparedRelic"},{"floor":52.0,"key":"bronze:DecasWashers"}],"event_choices":[{"damage_healed":0.0,"max_hp_gain":0.0,"max_hp_loss":0.0,"gold_gain":0.0,"event_name":"Lab","player_choice":"Got Potions","floor":31.0,"gold_loss":0.0,"damage_taken":0.0},{"cards_removed":["Guardian:ChargeCore"],"damage_healed":0.0,"max_hp_gain":0.0,"max_hp_loss":0.0,"gold_gain":0.0,"event_name":"Falling","player_choice":"Removed Attack","floor":38.0,"gold_loss":0.0,"damage_taken":0.0},{"cards_removed":["Guardian:Defend_Guardian"],"damage_healed":0.0,"max_hp_gain":0.0,"max_hp_loss":0.0,"gold_gain":0.0,"event_name":"Bonfire Elementals","player_choice":"Offered Basic","floor":39.0,"gold_loss":0.0,"damage_taken":0.0},{"damage_healed":0.0,"max_hp_gain":0.0,"max_hp_loss":0.0,"gold_gain":0.0,"event_name":"Mysterious Sphere","player_choice":"Ignored","floor":44.0,"gold_loss":0.0,"damage_taken":0.0}],"is_beta":false,"boss_relics":[{"not_picked":["Calling Bell","Guardian:StasisSlotReductionRelic"],"picked":"Sozu"},{"not_picked":["Runic Dome","Pandora\u0027s Box"],"picked":"Coffee Dripper"}],"items_purged_floors":[3,21,30,53],"is_endless":false,"potions_floor_spawned":[9,11,14,23,26,32,33,36,43,46,49,52],"ascension_level":11}}