{"host":"4nheqd2tld5ixkgx","time":1613482199,"event":{"mods":["BaseMod","GifTheSpireLib","Minty Spire (QoL Compilation)","StSLib"],"gold_per_floor":[113,133,133,133,152,152,188,212,212,234,268,296,296,322,322,430,430,454,463,463,463,128,166,166,166,166],"floor_reached":25,"language":"JPN","playtime":3060,"items_purged":[],"score":282,"play_id":"fabe3a11-e7b9-4695-8a2f-648dcba5dcf9","local_time":"20210216222959","is_ascension_mode":true,"campfire_choices":[{"floor":6.0,"key":"RECALL"},{"data":"Eruption","floor":15,"key":"SMITH"},{"floor":24,"key":"REST"}],"circlet_count":0,"master_deck":["Strike_P","Strike_P","Strike_P","Strike_P","Defend_P","Defend_P","Defend_P","Eruption+1","Vigilance","BowlingBash","BowlingBash","DevaForm","CutThroughFate","FlurryOfBlows","Worship","SandsOfTime","CarveReality","Alpha","Consecrate","Study","Swivel+1"],"relics":["PureWater","NeowsBlessing","CeramicFish","Yang","Ginger","Letter Opener","Black Star","Potion Belt","Torii","TungstenRod","FossilizedHelix"],"acts_visited":["TheCity"],"potions_floor_usage":[11,16,18,23],"damage_taken":[{"damage":0.0,"enemies":"2 Louse","floor":1.0,"turns":1.0},{"damage":0.0,"enemies":"Jaw Worm","floor":2.0,"turns":1.0},{"damage":0.0,"enemies":"Cultist","floor":5.0,"turns":1.0},{"damage":0.0,"enemies":"3 Sentries","floor":7.0,"turns":3.0},{"damage":1.0,"enemies":"3 Louse","floor":8.0,"turns":3.0},{"damage":4,"enemies":"Lots of Slimes","floor":10,"turns":2},{"damage":14,"enemies":"Lagavulin","floor":11,"turns":4},{"damage":2,"enemies":"2 Fungi Beasts","floor":12,"turns":3},{"damage":3,"enemies":"Looter","floor":14,"turns":3},{"damage":21,"enemies":"Slime Boss","floor":16,"turns":5},{"damage":27,"enemies":"Shell Parasite","floor":18,"turns":5},{"damage":30,"enemies":"Gremlin Leader","floor":23,"turns":6},{"damage":24,"enemies":"Book of Stabbing","floor":25,"turns":5}],"seed_played":"2593333627745165399","potions_obtained":[{"floor":2.0,"key":"Regen Potion"},{"floor":8,"key":"LiquidMemories"},{"floor":10,"key":"LiquidBronze"},{"floor":11,"key":"SkillPotion"}],"is_trial":false,"path_per_floor":["M","M","?","?","M","R","E","M","T","M","E","M","?","M","R","B",null,"M","?","?","?","$","E","R","E"],"character_chosen":"WATCHER","items_purchased":["Study","Torii"],"campfire_rested":1,"item_purchase_floors":[22,22],"current_hp_per_floor":[72,72,47,47,47,47,47,46,46,42,40,38,38,35,35,14,72,45,45,45,32,32,2,25,1,1],"gold":166,"neow_bonus":"THREE_ENEMY_KILL","is_daily":false,"chose_seed":false,"campfire_upgraded":1,"win_rate":0.0,"timestamp":1613482199,"path_taken":["M","M","?","?","M","R","E","?","T","M","E","M","?","?","R","BOSS","M","?","?","?","?","E","R","E"],"items_purchased_type":["Card","Relic"],"build_version":"2020-12-22","purchased_purges":0,"victory":false,"max_hp_per_floor":[72,72,72,72,72,72,72,72,72,72,72,72,72,72,72,72,72,72,72,72,77,77,77,77,77,77],"card_choices":[{"not_picked":["Evaluate","Sanctity"],"picked":"Halt","floor":1.0},{"not_picked":["FlyingSleeves","FollowUp"],"picked":"BowlingBash","floor":2.0},{"not_picked":["EmptyBody","EmptyFist"],"picked":"BowlingBash","floor":5.0},{"not_picked":["PathToVictory","TalkToTheHand"],"picked":"DevaForm","floor":7.0},{"not_picked":["FlurryOfBlows","Protect"],"picked":"CutThroughFate","floor":8},{"not_picked":["WheelKick","Evaluate"],"picked":"FlurryOfBlows","floor":10},{"not_picked":["FlurryOfBlows","Consecrate"],"picked":"Worship","floor":11},{"not_picked":["Weave","Sanctity"],"picked":"SandsOfTime","floor":12},{"not_picked":["FlyingSleeves","EmptyFist"],"picked":"CarveReality","floor":14},{"not_picked":["Blasphemy","LessonLearned"],"picked":"Alpha","floor":16},{"not_picked":["Halt","CutThroughFate"],"picked":"Consecrate","floor":18},{"not_picked":["ThirdEye","Blasphemy"],"picked":"Swivel+1","floor":23}],"player_experience":204574,"relics_obtained":[{"floor":7.0,"key":"Ginger"},{"floor":11,"key":"Letter Opener"},{"floor":23,"key":"TungstenRod"},{"floor":23,"key":"FossilizedHelix"}],"event_choices":[{"damage_healed":0.0,"max_hp_gain":0.0,"max_hp_loss":0.0,"gold_gain":0.0,"event_name":"Scrap Ooze","player_choice":"Success","floor":3.0,"gold_loss":0.0,"damage_taken":25.0,"relics_obtained":["CeramicFish"]},{"cards_removed":["Halt"],"damage_healed":0.0,"max_hp_gain":0.0,"max_hp_loss":0.0,"gold_gain":0.0,"event_name":"WeMeetAgain","player_choice":"Gave Card","floor":4.0,"gold_loss":0.0,"damage_taken":0.0,"relics_obtained":["Yang"]},{"cards_removed":["Defend_P"],"damage_healed":0,"gold_gain":0,"player_choice":"Purged","damage_taken":0,"max_hp_gain":0,"max_hp_loss":0,"event_name":"Purifier","floor":13,"gold_loss":0},{"damage_healed":0,"gold_gain":0,"player_choice":"Stole Relic","damage_taken":0,"relics_obtained":["Potion Belt"],"max_hp_gain":0,"max_hp_loss":0,"event_name":"Addict","floor":19,"gold_loss":0,"cards_obtained":["Shame"]},{"cards_removed":["Shame"],"damage_healed":0,"gold_gain":0,"player_choice":"Elegance","damage_taken":0,"max_hp_gain":0,"max_hp_loss":0,"event_name":"Back to Basics","floor":20,"gold_loss":0},{"damage_healed":0,"gold_gain":0,"player_choice":"Shed Blood","damage_taken":18,"max_hp_gain":5,"max_hp_loss":0,"event_name":"Forgotten Altar","floor":21,"gold_loss":0}],"is_beta":false,"boss_relics":[{"not_picked":["Fusion Hammer","Calling Bell"],"picked":"Black Star"}],"items_purged_floors":[],"is_endless":false,"potions_floor_spawned":[2,8,10,11],"killed_by":"Book of Stabbing","ascension_level":2}}