{"host":"knk89g45d3vzr5fm","time":1613446836,"event":{"mods":["2.2 Compatiblity","BaseMod","Downfall","Minty Spire (QoL Compilation)","Relic Stats","Reliquary","Replay The Spire","StSLib","The Marked"],"gold_per_floor":[99,113,123,123,138,138,162,187,23,58,158,177,77,93,111,213,213,88,104,14,14,14,24,24,59,59,90,101,121,121,148,164,263,263,263,281,5,5,20,47,47,97,97,132,132,145,145,179,198,198,198,228,84,84,84,84],"floor_reached":57,"language":"FRA","playtime":6039,"items_purged":["sneckomod:Strike+1"],"score":2533,"play_id":"ff204f61-1fc8-49fb-81e1-9994599d8c68","local_time":"20210216044036","is_ascension_mode":true,"campfire_choices":[{"floor":1,"key":"DIG"},{"floor":6,"key":"RECALL"},{"data":"sneckomod:SoulCleanse","floor":13,"key":"SMITH"},{"data":"sneckomod:Strike+1","floor":35,"key":"PURGE"},{"data":"sneckomod:Defend+1","floor":43,"key":"PURGE"},{"data":"sneckomod:Defend+1","floor":45,"key":"PURGE"},{"data":"sneckomod:Defend+1","floor":54,"key":"PURGE"}],"circlet_count":0,"master_deck":["AscendersBane","sneckomod:TailWhip+1","sneckomod:SnekBite+1","sneckomod:Unknown+1","sneckomod:Unknown+1","CurseOfTheBell","sneckomod:UnknownClassGREEN+1","sneckomod:MorePower+1","sneckomod:Unknown2Cost+1","sneckomod:UnendingSupply+1","sneckomod:UnknownUncommonAttack+1","sneckomod:Unknown3Cost+1","sneckomod:QuickMove+1","hexamod:SixthSeal","sneckomod:SoulCleanse+1","sneckomod:SoulRoll+1","sneckomod:UnknownRareSkill+1","hexamod:SixthSeal","sneckomod:UnknownClassGREEN+1","sneckomod:SlitherStrike+1","Hyperbeam+1","sneckomod:UnknownExhaust+1","sneckomod:SerpentMind+1","sneckomod:QuickBite+1","sneckomod:UnknownUncommonSkill+1","sneckomod:SoulRoll+1","sneckomod:CheapStock+1","sneckomod:Rotation+1","sneckomod:UnknownBoss+1","sneckomod:Unknown3Cost+1","sneckomod:SoulDraw+1","hexamod:WildfireWeapon+1","sneckomod:Rotation+1","sneckomod:UnknownDexterity+1","sneckomod:PureSnecko+1","sneckomod:SoulRoll+1","sneckomod:PureSnecko+1","Buffer+1","sneckomod:Restock+1","sneckomod:UnknownRareSkill+1","sneckomod:SnakeSap+1","sneckomod:Restock+1","sneckomod:SoulRoll+1","sneckomod:UnknownRareAttack+1","Core Surge+1","sneckomod:UnknownClassGREEN+1","Creative AI+1","Creative AI+1","sneckomod:Restock+1","sneckomod:MasterEye+1","sneckomod:SoulRoll+1","Buffer+1","sneckomod:UnknownRareAttack+1","sneckomod:SnakeSap+1","sneckomod:SoulRoll+1","sneckomod:SnakeSap+1","sneckomod:SerpentMind+1","sneckomod:SoulRoll+1","Hyperbeam+1","sneckomod:UnendingSupply+1"],"relics":["Calling Bell","Bag of Preparation","Quantum Egg","Durian","Ornamental Fan","StrikeDummy","Replay:Rubber Ducky","ReplayFunnel","Toy Ornithopter","downfall:HeartBlessingRed","Prayer Wheel","Replay:Bronze Core","downfall:HeartBlessingGreen","downfall:HeartBlessingBlue","Peace Pipe","Juzu Bracelet","Slimebound:PreparedRelic","Kunai","Prayer Wheel","Snecko Heart","Ice Cream","Lee\u0027s Waffle","sneckomod:LoadedDie","Prayer Wheel","Prayer Wheel","Prayer Wheel","Turnip","reliquary:PartyBalloon","Prayer Wheel","Thread and Needle","Prayer Wheel","Calipers","Prayer Wheel","reliquary:BoilingFlask","Prayer Wheel","bronze:DecasWashers","ReplayTheSpireMod:TigerMarble"],"acts_visited":["Exordium","TheCity","TheBeyond","TheEnding"],"potions_floor_usage":[8,8,10,12,15,15,16,25,29,31,33,55],"damage_taken":[{"damage":2,"enemies":"Cultist","floor":2,"turns":4},{"damage":8,"enemies":"Small Slimes","floor":3,"turns":7},{"damage":4,"enemies":"Jaw Worm","floor":5,"turns":4},{"damage":2,"enemies":"Gremlin Nob","floor":8,"turns":3},{"damage":5,"enemies":"downfall:FleeingMerchant","floor":9,"turns":4},{"damage":33,"enemies":"3 Sentries","floor":10,"turns":12},{"damage":2,"enemies":"downfall:LadyInBlue","floor":11,"turns":11},{"damage":0,"enemies":"Lots of Slimes","floor":12,"turns":2},{"damage":0,"enemies":"Blue Slaver","floor":14,"turns":3},{"damage":0,"enemies":"Exordium Wildlife","floor":15,"turns":3},{"damage":29,"enemies":"DF_ARCHETYPE_STREAMLINE","floor":16,"turns":8},{"damage":6,"enemies":"downfall:LooterAlt2","floor":19,"turns":3},{"damage":0,"enemies":"downfall:FleeingMerchant","floor":20,"turns":4},{"damage":0,"enemies":"3 Byrds","floor":23,"turns":4},{"damage":6,"enemies":"Slavers","floor":25,"turns":6},{"damage":12,"enemies":"Gremlin Leader","floor":27,"turns":4},{"damage":0,"enemies":"Centurion and Healer","floor":28,"turns":6},{"damage":0,"enemies":"Snecko","floor":29,"turns":5},{"damage":2,"enemies":"Book of Stabbing","floor":31,"turns":5},{"damage":16,"enemies":"Snake Plant","floor":32,"turns":3},{"damage":0,"enemies":"WA_ARCHETYPE_CALM","floor":33,"turns":5},{"damage":0,"enemies":"Orb Walker","floor":36,"turns":2},{"damage":0,"enemies":"downfall:FleeingMerchant","floor":37,"turns":1},{"damage":3,"enemies":"3 Shapes","floor":39,"turns":4},{"damage":0,"enemies":"R_Hoarder","floor":40,"turns":5},{"damage":0,"enemies":"R_Hoarder","floor":42,"turns":3},{"damage":0,"enemies":"Reptomancer","floor":44,"turns":2},{"damage":0,"enemies":"Maw","floor":46,"turns":2},{"damage":0,"enemies":"R_Hoarder","floor":48,"turns":4},{"damage":0,"enemies":"3 Darklings","floor":49,"turns":2},{"damage":0,"enemies":"IC_BLOCK_ARCHETYPE","floor":50,"turns":2},{"damage":0,"enemies":"downfall:CharBossMerchant","floor":52,"turns":1},{"damage":0,"enemies":"downfall:NeowBoss","floor":55,"turns":3},{"damage":0,"enemies":"downfall:NeowBossFinal","floor":56,"turns":5}],"seed_played":"3161591046311436355","potions_obtained":[{"floor":4,"key":"AttackPotion"},{"floor":4,"key":"Explosive Potion"},{"floor":8,"key":"BlessingOfTheForge"},{"floor":11,"key":"sneckomod:MuddlingPotion"},{"floor":11,"key":"PowerPotion"},{"floor":12,"key":"Fire Potion"},{"floor":15,"key":"ColorlessPotion"},{"floor":18,"key":"downfall:CursedFountainPotion"},{"floor":27,"key":"Energy Potion"},{"floor":32,"key":"Doom Potion"},{"floor":36,"key":"Explosive Potion"},{"floor":49,"key":"DistilledChaos"}],"is_trial":false,"path_per_floor":["R","M","M","?","M","R","T","E","$","E","?","M","R","M","M","B",null,"R","M","$","?","?","M","T","E","?","E","M","M","?","E","M","B",null,"R","M","$","?","M","E","T","?","R","E","R","M","?","E","M","B",null,"E","$","R","B","B",null],"character_chosen":"THE_SNECKO","items_purchased":["Replay:Rubber Ducky","Ice Cream","Lee\u0027s Waffle","sneckomod:LoadedDie","ReplayTheSpireMod:TigerMarble"],"campfire_rested":0,"item_purchase_floors":[9,37,37,37,53],"current_hp_per_floor":[86,84,76,76,72,72,72,70,65,32,37,42,42,42,52,28,78,88,82,82,82,82,82,82,84,84,96,96,101,101,106,90,95,105,105,108,115,115,112,112,112,112,112,112,112,112,112,115,115,115,115,115,115,115,115,115],"gold":84,"neow_bonus":"BOSS_RELIC","is_daily":false,"chose_seed":false,"campfire_upgraded":1,"win_rate":0.0,"timestamp":1613446836,"path_taken":["R","M","?","?","?","R","T","E","$","E","?","M","R","M","M","BOSS","R","M","$","?","?","?","T","E","?","E","M","M","?","E","M","BOSS","R","M","$","?","M","E","T","?","R","E","R","M","?","E","M","BOSS","E","$","R","BOSS","BOSS"],"items_purchased_type":["Relic","Relic","Relic","Relic","Relic"],"build_version":"2020-12-22","purchased_purges":1,"victory":true,"max_hp_per_floor":[95,95,95,95,95,95,95,95,95,95,95,95,95,95,95,95,95,105,105,105,105,105,105,105,108,108,108,108,108,108,108,108,108,108,108,108,115,115,115,115,115,115,115,115,115,115,115,115,115,115,115,115,115,115,115,115],"relic_stats":{"Peace Pipe":4,"Lee\u0027s Waffle":7,"counters":[34,142],"Ornamental Fan":[344],"Prayer Wheel":9,"Turnip":[6],"Bag of Preparation":[68],"Juzu Bracelet":1,"Kunai":[63],"obtain_stats":[{"ReplayFunnel":10,"Ice Cream":37,"Snecko Heart":34,"Calipers":44,"sneckomod:LoadedDie":37,"reliquary:PartyBalloon":41,"reliquary:BoilingFlask":48,"downfall:HeartBlessingGreen":18,"Bag of Preparation":0,"Juzu Bracelet":25,"sneckomod:SneckoSoul":0,"Replay:Rubber Ducky":9,"downfall:HeartBlessingBlue":18,"Replay:Bronze Core":17,"Prayer Wheel":16,"Kunai":31,"Lee\u0027s Waffle":37,"downfall:HeartBlessingRed":13,"Quantum Egg":0,"bronze:DecasWashers":52,"Thread and Needle":42,"Calling Bell":0,"Peace Pipe":24,"Ornamental Fan":1,"Slimebound:PreparedRelic":27,"Turnip":40,"Durian":0,"ReplayTheSpireMod:TigerMarble":53,"StrikeDummy":8,"Toy Ornithopter":11},{"ReplayFunnel":6,"Ice Cream":23,"Snecko Heart":21,"Calipers":27,"sneckomod:LoadedDie":23,"reliquary:PartyBalloon":25,"reliquary:BoilingFlask":29,"downfall:HeartBlessingGreen":11,"Bag of Preparation":0,"Juzu Bracelet":15,"sneckomod:SneckoSoul":0,"Replay:Rubber Ducky":5,"downfall:HeartBlessingBlue":11,"Replay:Bronze Core":11,"Prayer Wheel":11,"Kunai":19,"Lee\u0027s Waffle":23,"downfall:HeartBlessingRed":8,"Quantum Egg":0,"bronze:DecasWashers":32,"Thread and Needle":26,"Calling Bell":0,"Peace Pipe":14,"Ornamental Fan":0,"Slimebound:PreparedRelic":16,"Turnip":25,"Durian":0,"ReplayTheSpireMod:TigerMarble":32,"StrikeDummy":4,"Toy Ornithopter":7},{"ReplayFunnel":34,"Ice Cream":109,"Snecko Heart":106,"Calipers":123,"sneckomod:LoadedDie":109,"reliquary:PartyBalloon":118,"reliquary:BoilingFlask":129,"downfall:HeartBlessingGreen":61,"Bag of Preparation":0,"Juzu Bracelet":78,"sneckomod:SneckoSoul":0,"Replay:Rubber Ducky":22,"downfall:HeartBlessingBlue":61,"Replay:Bronze Core":61,"Prayer Wheel":54,"Kunai":98,"Lee\u0027s Waffle":109,"downfall:HeartBlessingRed":47,"Quantum Egg":0,"bronze:DecasWashers":134,"Thread and Needle":121,"Calling Bell":0,"Peace Pipe":72,"Ornamental Fan":0,"Slimebound:PreparedRelic":82,"Turnip":118,"Durian":0,"ReplayTheSpireMod:TigerMarble":134,"StrikeDummy":18,"Toy Ornithopter":45}],"Toy Ornithopter":35},"card_choices":[{"not_picked":["sneckomod:QuickBite","sneckomod:CheapStock"],"picked":"sneckomod:UnknownClassGREEN","floor":2},{"not_picked":["sneckomod:UnknownClassSLIMEBOUND","sneckomod:DiceCrush"],"picked":"sneckomod:MorePower","floor":3},{"not_picked":["sneckomod:UnknownWeak+1","sneckomod:UnknownClassHEXA_GHOST_PURPLE+1"],"picked":"sneckomod:Unknown2Cost+1","floor":5},{"not_picked":["sneckomod:UnknownClassSLIMEBOUND","sneckomod:TrashToTreasure"],"picked":"sneckomod:UnendingSupply","floor":5},{"not_picked":["sneckomod:UnknownStrength+1","sneckomod:UnknownBlock+1"],"picked":"sneckomod:UnknownUncommonAttack+1","floor":8},{"not_picked":["sneckomod:UnknownStrength","sneckomod:UnknownCommonAttack","sneckomod:UnknownClassTHE_CHAMP_GRAY"],"picked":"SKIP","floor":8},{"not_picked":["sneckomod:UnknownWeak+1","sneckomod:UnknownClassTHE_BRONZE_AUTOMATON+1"],"picked":"sneckomod:Unknown3Cost+1","floor":9},{"not_picked":["sneckomod:UnknownClassMARKED_PURPLE_COLOR","sneckomod:WideSting","sneckomod:TrashToTreasure"],"picked":"SKIP","floor":9},{"not_picked":["sneckomod:UnknownStrike","sneckomod:UnknownWeak"],"picked":"sneckomod:QuickMove","floor":10},{"not_picked":["sneckomod:UnknownVulnerable+1","sneckomod:UnknownCommonSkill+1"],"picked":"sneckomod:UnknownRarePower+1","floor":10},{"not_picked":["hexamod:FourthSeal","hexamod:FirstSeal"],"picked":"hexamod:SixthSeal","floor":10},{"not_picked":["sneckomod:UnknownClassRED","sneckomod:WideSting"],"picked":"sneckomod:SoulCleanse","floor":11},{"not_picked":["sneckomod:UnknownColorless","sneckomod:Unknown0Cost"],"picked":"sneckomod:SoulRoll","floor":12},{"not_picked":["sneckomod:UnknownClassSLIMEBOUND+1","sneckomod:Unknown1Cost+1"],"picked":"sneckomod:UnknownRareSkill+1","floor":14},{"not_picked":["hexamod:ThirdSeal","hexamod:SecondSeal"],"picked":"hexamod:SixthSeal","floor":14},{"not_picked":["sneckomod:UnknownCommonAttack","sneckomod:UnknownBlock","sneckomod:UnknownStrength"],"picked":"SKIP","floor":14},{"not_picked":["sneckomod:UnknownStrike+1","sneckomod:UnknownUncommonSkill+1"],"picked":"sneckomod:UnknownClassGREEN+1","floor":15},{"not_picked":["sneckomod:UnknownUncommonSkill","sneckomod:UnknownClassTHE_BRONZE_AUTOMATON"],"picked":"sneckomod:SlitherStrike","floor":15},{"not_picked":["sneckomod:UnknownClassMARKED_PURPLE_COLOR+1","sneckomod:UnknownCommonAttack+1"],"picked":"sneckomod:UnknownExhaust+1","floor":16},{"not_picked":["sneckomod:MorePower","sneckomod:DangerNoodle"],"picked":"sneckomod:SerpentMind","floor":16},{"not_picked":["sneckomod:DiceBlock+1","sneckomod:Unknown1Cost+1"],"picked":"sneckomod:QuickBite","floor":19},{"not_picked":["sneckomod:DefensiveFlair","sneckomod:UnknownVulnerable+1","sneckomod:UnknownX"],"picked":"SKIP","floor":19},{"not_picked":["sneckomod:UnknownVulnerable+1","sneckomod:UnknownClassTHE_CHAMP_GRAY+1"],"picked":"sneckomod:UnknownUncommonSkill+1","floor":20},{"not_picked":["sneckomod:UnknownUncommonPower","sneckomod:ImprovisedAttack","sneckomod:ImprovisedGuard"],"picked":"SKIP","floor":20},{"not_picked":["sneckomod:UnknownClassTHE_BRONZE_AUTOMATON+1","sneckomod:UnknownClassTHE_CHAMP_GRAY"],"picked":"sneckomod:CheapStock","floor":23},{"not_picked":["sneckomod:UnknownClassGUARDIAN","sneckomod:WideSting"],"picked":"sneckomod:Rotation+1","floor":23},{"not_picked":["sneckomod:UnknownDexterity+1","sneckomod:UnknownX+1"],"picked":"sneckomod:UnknownBoss+1","floor":25},{"not_picked":["sneckomod:IronFang+1","sneckomod:UnknownVulnerable","sneckomod:UnknownClassTHE_BRONZE_AUTOMATON"],"picked":"SKIP","floor":25},{"not_picked":["sneckomod:DiceBlock","sneckomod:SnekBeam","sneckomod:TrashToTreasure"],"picked":"SKIP","floor":27},{"not_picked":["sneckomod:UnknownCommonSkill+1","sneckomod:UnknownClassRED+1"],"picked":"sneckomod:Unknown3Cost+1","floor":28},{"not_picked":["sneckomod:DiceCrush","sneckomod:UnknownStrength"],"picked":"sneckomod:Memorize","floor":28},{"not_picked":["sneckomod:Cheat","sneckomod:UnknownVulnerable+1","sneckomod:UnknownClassMARKED_PURPLE_COLOR"],"picked":"SKIP","floor":28},{"not_picked":["sneckomod:Cheat","sneckomod:UnknownVulnerable+1","sneckomod:UnknownClassMARKED_PURPLE_COLOR"],"picked":"SKIP","floor":28},{"not_picked":["sneckomod:SerpentIdol","sneckomod:Unknown0Cost+1"],"picked":"sneckomod:SoulDraw+1","floor":29},{"not_picked":["sneckomod:UnknownCommonSkill","sneckomod:CheapStock","sneckomod:UnknownClassSLIMEBOUND+1"],"picked":"SKIP","floor":29},{"not_picked":["sneckomod:UnknownExhaust","sneckomod:UnknownDexterity"],"picked":"sneckomod:Rotation","floor":31},{"not_picked":["sneckomod:UnknownBoss+1","sneckomod:Unknown0Cost+1"],"picked":"sneckomod:UnknownDexterity+1","floor":31},{"not_picked":["sneckomod:UnknownCommonAttack","sneckomod:DiceBlock"],"picked":"sneckomod:PureSnecko","floor":32},{"not_picked":["sneckomod:DiceBoulder","sneckomod:UnknownClassBLUE+1"],"picked":"sneckomod:SoulRoll","floor":32},{"not_picked":["sneckomod:DefensiveFlair","sneckomod:TrashToTreasure"],"picked":"sneckomod:PureSnecko","floor":32},{"not_picked":["sneckomod:Transmogrify","sneckomod:UnknownRareAttack"],"picked":"sneckomod:Restock","floor":33},{"not_picked":["sneckomod:UnknownRareAttack+1","sneckomod:UnknownBlock+1"],"picked":"sneckomod:UnknownRareSkill+1","floor":33},{"not_picked":["sneckomod:UnknownDraw+1","sneckomod:UnknownUncommonSkill+1"],"picked":"sneckomod:Unknown2Cost","floor":36},{"not_picked":["sneckomod:RainOfDice","sneckomod:WideSting+1"],"picked":"sneckomod:SnakeSap+1","floor":36},{"not_picked":["sneckomod:SoulDraw","sneckomod:UnknownCommonAttack","sneckomod:UnknownBlock"],"picked":"SKIP","floor":36},{"not_picked":["sneckomod:DiceCrush+1","sneckomod:Unknown1Cost+1"],"picked":"sneckomod:Restock","floor":37},{"not_picked":["sneckomod:Unknown1Cost+1","sneckomod:UnknownWeak+1"],"picked":"sneckomod:UnknownRareAttack+1","floor":39},{"not_picked":["sneckomod:UnknownUncommonPower","sneckomod:Unknown0Cost+1","sneckomod:UnknownUncommonSkill+1"],"picked":"SKIP","floor":39},{"not_picked":["sneckomod:UnknownClassTHE_BRONZE_AUTOMATON","sneckomod:IronFang","sneckomod:UnknownBlock+1"],"picked":"SKIP","floor":39},{"not_picked":["sneckomod:SlitherStrike","sneckomod:QuickMove+1","sneckomod:UnknownExhaust"],"picked":"SKIP","floor":39},{"not_picked":["sneckomod:UnknownClassBLUE+1","sneckomod:UnknownCommonAttack+1"],"picked":"sneckomod:UnknownClassGREEN+1","floor":40},{"not_picked":["sneckomod:UnknownClassBLUE+1","sneckomod:DiceCrush+1","sneckomod:UnknownClassPURPLE"],"picked":"SKIP","floor":40},{"not_picked":["sneckomod:Unknown0Cost","sneckomod:UnknownCommonAttack+1","sneckomod:UnknownClassMARKED_PURPLE_COLOR+1"],"picked":"SKIP","floor":44},{"not_picked":["sneckomod:Unknown0Cost","sneckomod:UnknownCommonAttack+1","sneckomod:UnknownClassMARKED_PURPLE_COLOR+1"],"picked":"SKIP","floor":44},{"not_picked":["sneckomod:UnknownClassTHE_CHAMP_GRAY+1","sneckomod:UnknownClassHEXA_GHOST_PURPLE+1"],"picked":"sneckomod:Restock","floor":46},{"not_picked":["sneckomod:UnknownBlock+1","sneckomod:UnknownClassRED+1"],"picked":"sneckomod:MasterEye+1","floor":46},{"not_picked":["sneckomod:UnknownUncommonSkill+1","sneckomod:SerpentMind"],"picked":"sneckomod:SoulRoll+1","floor":46},{"not_picked":["sneckomod:IronFang+1","sneckomod:UnknownUncommonAttack+1","sneckomod:UnknownBlock+1"],"picked":"SKIP","floor":46},{"not_picked":["sneckomod:RainOfDice","sneckomod:UnknownCommonSkill+1","sneckomod:UnknownStrike+1"],"picked":"SKIP","floor":46},{"not_picked":["sneckomod:SlitherStrike","sneckomod:ImprovisedAttack+1","sneckomod:UnknownDraw"],"picked":"SKIP","floor":46},{"not_picked":["sneckomod:UnknownClassBLUE+1","sneckomod:DiceCrush","sneckomod:IronFang"],"picked":"SKIP","floor":46},{"not_picked":["sneckomod:UnknownStrength","sneckomod:UnknownDraw+1","sneckomod:UnknownStrike"],"picked":"SKIP","floor":46},{"not_picked":["sneckomod:MasterEye+1","sneckomod:Nope"],"picked":"sneckomod:UnknownRareAttack","floor":48},{"not_picked":["sneckomod:UnknownClassPURPLE","sneckomod:TrashToTreasure"],"picked":"sneckomod:SnakeSap","floor":49},{"not_picked":["sneckomod:UnknownClassSLIMEBOUND+1","sneckomod:UnknownStrike+1"],"picked":"sneckomod:SoulRoll+1","floor":49},{"not_picked":["sneckomod:MasterEye","sneckomod:ImprovisedAttack+1"],"picked":"sneckomod:SnakeSap+1","floor":49},{"not_picked":["sneckomod:SlitherStrike+1","sneckomod:UnknownUncommonPower"],"picked":"sneckomod:SerpentMind","floor":49},{"not_picked":["sneckomod:IronFang","sneckomod:QuickMove+1"],"picked":"sneckomod:SoulRoll+1","floor":49},{"not_picked":["sneckomod:UnknownClassGUARDIAN+1","sneckomod:DiceCrush","sneckomod:Unknown0Cost"],"picked":"SKIP","floor":49},{"not_picked":["sneckomod:SerpentIdol+1","sneckomod:SoulRoll","sneckomod:UnknownClassGREEN"],"picked":"SKIP","floor":49},{"not_picked":["sneckomod:UnknownClassSLIMEBOUND+1","sneckomod:UnknownWeak+1","sneckomod:UnknownUncommonPower+1"],"picked":"SKIP","floor":49},{"not_picked":["sneckomod:RainOfDice","sneckomod:SlitherStrike","sneckomod:ImprovisedGuard+1"],"picked":"SKIP","floor":49},{"not_picked":["sneckomod:UnknownDraw","sneckomod:QuickMove+1"],"picked":"sneckomod:UnendingSupply+1","floor":52}],"player_experience":2190247,"relics_obtained":[{"floor":0,"key":"Bag of Preparation"},{"floor":0,"key":"Quantum Egg"},{"floor":0,"key":"Durian"},{"floor":1,"key":"Ornamental Fan"},{"floor":8,"key":"StrikeDummy"},{"floor":10,"key":"ReplayFunnel"},{"floor":11,"key":"Toy Ornithopter"},{"floor":24,"key":"Peace Pipe"},{"floor":25,"key":"Juzu Bracelet"},{"floor":27,"key":"Slimebound:PreparedRelic"},{"floor":31,"key":"Kunai"},{"floor":40,"key":"Turnip"},{"floor":41,"key":"reliquary:PartyBalloon"},{"floor":42,"key":"Thread and Needle"},{"floor":44,"key":"Calipers"},{"floor":48,"key":"reliquary:BoilingFlask"},{"floor":52,"key":"bronze:DecasWashers"}],"event_choices":[{"damage_healed":0,"gold_gain":0,"player_choice":"Got Potions","damage_taken":0,"max_hp_gain":0,"max_hp_loss":0,"event_name":"Lab","floor":4,"gold_loss":0},{"damage_healed":0,"gold_gain":0,"player_choice":"Ignored","damage_taken":0,"max_hp_gain":0,"max_hp_loss":0,"event_name":"Vampires","floor":21,"gold_loss":0}],"is_beta":false,"boss_relics":[{"not_picked":["Runic Pyramid","Busted Crown"],"picked":"Replay:Bronze Core"},{"not_picked":["Cursed Key","Kintsugi"],"picked":"Snecko Heart"}],"items_purged_floors":[20],"is_endless":false,"potions_floor_spawned":[8,12,14,15,23,27,28,32,36,42,44,49,52],"ascension_level":11}}