{"host":"9d9dhukr2jywmy0f","time":1613484253,"event":{"mods":["2.2 Compatiblity","Alarm Clock","BaseMod","Bestiary","Block Reminder","Colored Map","Colored Powertips","Curses Come First","DeckTracker","Highlight Path","Key Reminder","Minty Spire (QoL Compilation)","Quick Restart","Rare Cards Sparkle","Relic Sorter","Relic Stats","Reliquary","StSLib","SuperFastMode","Synergy Search","Unceasing Turn Reminder","Unknown Chances"],"gold_per_floor":[109,109,109,184,196,196,222,222,222,222,62,79,110,122,122,196,196,215,231,231,245,245,245],"floor_reached":22,"language":"ZHS","playtime":880,"items_purged":[],"score":488,"play_id":"1e3c7d74-f05d-403c-81cf-4b30268e3f92","local_time":"20210216220413","is_ascension_mode":true,"campfire_choices":[{"data":"Eruption","floor":6.0,"key":"SMITH"},{"data":"Conclude","floor":8.0,"key":"SMITH"},{"data":"TalkToTheHand","floor":10.0,"key":"SMITH"},{"floor":15.0,"key":"RECALL"}],"circlet_count":0,"master_deck":["AscendersBane","Strike_P","Strike_P","Strike_P","Strike_P","Defend_P+1","Defend_P","Defend_P","Eruption+1","Vigilance+1","TalkToTheHand+1","Conclude+1","Alpha","ClearTheMind","DevaForm+1","Wallop","TalkToTheHand+1","Sanctity"],"relics":["PureWater","NeowsBlessing","Incense Burner","keyreminder:keyreminder","Frozen Egg 2","Medical Kit","TeardropLocket","reliquary:Craggleroot"],"acts_visited":["Exordium","TheCity"],"potions_floor_usage":[22],"damage_taken":[{"damage":0.0,"enemies":"Cultist","floor":1.0,"turns":1.0},{"damage":0.0,"enemies":"2 Louse","floor":5.0,"turns":1.0},{"damage":0.0,"enemies":"3 Sentries","floor":7.0,"turns":1.0},{"damage":0.0,"enemies":"Small Slimes","floor":12.0,"turns":2.0},{"damage":0.0,"enemies":"Gremlin Nob","floor":13.0,"turns":3.0},{"damage":0.0,"enemies":"Blue Slaver","floor":14.0,"turns":3.0},{"damage":8.0,"enemies":"The Guardian","floor":16.0,"turns":7.0},{"damage":19.0,"enemies":"3 Byrds","floor":18.0,"turns":4.0},{"damage":0.0,"enemies":"Spheric Guardian","floor":19.0,"turns":1.0},{"damage":17.0,"enemies":"Snake Plant","floor":21.0,"turns":3.0},{"damage":4,"enemies":"Chosen and Byrds","floor":22,"turns":3}],"seed_played":"-2779655268302311196","potions_obtained":[{"floor":1.0,"key":"AttackPotion"},{"floor":5.0,"key":"LiquidMemories"},{"floor":7.0,"key":"Fire Potion"},{"floor":18.0,"key":"DistilledChaos"},{"floor":21.0,"key":"Regen Potion"}],"is_trial":false,"path_per_floor":["M","?","?","?","M","R","E","R","T","R","$","M","E","M","R","B",null,"M","M","?","M","M"],"character_chosen":"WATCHER","items_purchased":["Medical Kit"],"campfire_rested":0,"item_purchase_floors":[11],"current_hp_per_floor":[61,61,41,30,30,30,30,30,30,30,30,30,30,30,30,22,57,38,38,38,21,26,26],"gold":245,"neow_bonus":"THREE_ENEMY_KILL","is_daily":false,"chose_seed":false,"campfire_upgraded":3,"win_rate":0.0,"timestamp":1613484253,"path_taken":["M","?","?","?","M","R","E","R","T","R","$","M","E","M","R","BOSS","M","M","?","M","?"],"items_purchased_type":["Relic"],"build_version":"2020-12-22","purchased_purges":0,"victory":false,"max_hp_per_floor":[68,68,68,68,68,68,68,68,68,68,68,68,68,68,68,68,68,68,68,68,68,68,68],"relic_stats":{"counters":[11,29],"Medical Kit":[0],"obtain_stats":[{"keyreminder:keyreminder":7,"NeowsBlessing":0,"reliquary:Craggleroot":17,"Incense Burner":7,"TeardropLocket":13,"PureWater":0,"Frozen Egg 2":9,"Medical Kit":11},{"keyreminder:keyreminder":3,"NeowsBlessing":0,"reliquary:Craggleroot":7,"Incense Burner":3,"TeardropLocket":5,"PureWater":0,"Frozen Egg 2":3,"Medical Kit":3},{"keyreminder:keyreminder":3,"NeowsBlessing":0,"reliquary:Craggleroot":18,"Incense Burner":3,"TeardropLocket":8,"PureWater":0,"Frozen Egg 2":3,"Medical Kit":3}]},"card_choices":[{"not_picked":["ThirdEye","JustLucky"],"picked":"TalkToTheHand","floor":1.0},{"not_picked":["EmptyMind","PathToVictory"],"picked":"Conclude","floor":5.0},{"not_picked":["SashWhip","CarveReality","Establishment"],"picked":"SKIP","floor":7.0},{"not_picked":["CrushJoints","DeceiveReality","Perseverance"],"picked":"SKIP","floor":12.0},{"not_picked":["Consecrate","EmptyFist"],"picked":"Alpha","floor":13.0},{"not_picked":["Crescendo","EmptyFist"],"picked":"ClearTheMind","floor":14.0},{"not_picked":["Blasphemy","Establishment+1"],"picked":"DevaForm+1","floor":16.0},{"not_picked":["Prostrate","ThirdEye"],"picked":"Wallop","floor":18.0},{"not_picked":["Evaluate","ClearTheMind","Weave"],"picked":"SKIP","floor":19.0},{"not_picked":["FlyingSleeves","JustLucky"],"picked":"Sanctity","floor":21.0}],"player_experience":894817,"relics_obtained":[{"floor":7.0,"key":"Incense Burner"},{"floor":9.0,"key":"Frozen Egg 2"},{"floor":13.0,"key":"TeardropLocket"}],"event_choices":[{"cards_removed":["Defend_P"],"damage_healed":0.0,"max_hp_gain":0.0,"max_hp_loss":0.0,"gold_gain":0.0,"event_name":"Living Wall","player_choice":"Forget","floor":2.0,"gold_loss":0.0,"damage_taken":0.0},{"damage_healed":0.0,"max_hp_gain":0.0,"max_hp_loss":0.0,"gold_gain":0.0,"event_name":"Shining Light","player_choice":"Entered Light","floor":3.0,"gold_loss":0.0,"damage_taken":20.0,"cards_upgraded":["Vigilance","Defend_P"]},{"damage_healed":0.0,"max_hp_gain":0.0,"max_hp_loss":0.0,"gold_gain":75.0,"event_name":"World of Goop","player_choice":"Gather Gold","floor":4.0,"gold_loss":0.0,"damage_taken":11.0},{"damage_healed":0.0,"max_hp_gain":0.0,"max_hp_loss":0.0,"gold_gain":0.0,"event_name":"Duplicator","player_choice":"Copied","floor":20.0,"gold_loss":0.0,"damage_taken":0.0,"cards_obtained":["TalkToTheHand"]}],"is_beta":false,"boss_relics":[{"not_picked":["Runic Dome","SacredBark"],"picked":"reliquary:Craggleroot"}],"items_purged_floors":[],"is_endless":false,"potions_floor_spawned":[1,5,7,18,21],"killed_by":"Chosen and Byrds","ascension_level":20}}