{"host":"whloki2o3dp1b07n","time":1613487207,"event":{"mods":["100% Spire Juice","Abigail Mod","Act Like it!","Arknights","BaseMod","Better Synergies","Block Reminder","Bossed Relics","CapriCore","Colored Map","Colored Powertips","DNKmod","Friendly Minions","GifTheSpireLib","GungeonMod","HexUI Lib","Koishi","Marked Mod","Minty Spire (QoL Compilation)","Poor People Problems","Shapeshifter Mod","StSLib","Swap Starting Deck Mod","The Bug Knight","The Marked","TheSurvivalist","Transform Curses"],"gold_per_floor":[113,113,129,129,143,175,175,75,98,98,133,133,93,2,2,107,107,120,120,130,20,30,30,47,65,65,75,93,93,125,125,125,125,125],"floor_reached":33,"language":"ENG","playtime":1711,"items_purged":["Pain"],"score":300,"play_id":"7a7bc9b7-40d8-485a-b41c-b1c86127f92a","local_time":"20210216095327","is_ascension_mode":false,"campfire_choices":[{"floor":7,"key":"REST"},{"floor":12,"key":"REST"},{"data":"StSShapeShifter:Lynx_Form","floor":15,"key":"SMITH"},{"data":"StSShapeShifter:HydraForm","floor":23,"key":"SMITH"},{"floor":29,"key":"REST"},{"floor":32,"key":"REST"}],"circlet_count":0,"master_deck":["StSShapeShifter:ShapeShifter_Strike","StSShapeShifter:ShapeShifter_Strike","StSShapeShifter:ShapeShifter_Strike","StSShapeShifter:ShapeShifter_Strike","StSShapeShifter:ShapeShifter_Strike","StSShapeShifter:ShapeShifter_Defend+1","StSShapeShifter:ShapeShifter_Defend","StSShapeShifter:ShapeShifter_Defend","StSShapeShifter:ShapeShifter_Defend+1","StSShapeShifter:ShapeShifter_Defend","StSShapeShifter:Tortoise_Form","StSShapeShifter:Lynx_Form+1","StSShapeShifter:ThrashAbout","StSShapeShifter:BarkSkin","StSShapeShifter:UnicornForm","StSShapeShifter:FesteringBite","StSShapeShifter:Sapling","StSShapeShifter:MonkeyForm","StSShapeShifter:Mystical_Branch","StSShapeShifter:EmbraceTheCycle+1","StSShapeShifter:DeepWound","StSShapeShifter:FlowerShield","StSShapeShifter:HydraForm+1","StSShapeShifter:Ensconce+1","StSShapeShifter:PoisonIvy","StSShapeShifter:Synchronicity+1","StSShapeShifter:RockSlide+1","StSShapeShifter:RestoreBalance","StSShapeShifter:EagleForm","StSShapeShifter:Wildfire2+1","StSShapeShifter:OwlForm","StSShapeShifter:PorcupineForm+1"],"relics":["StSShapeShifter:AnimalHeart","StSShapeShifter:TheShapeShiftersMagnolia","Potion Belt","Happy Flower","Frozen Egg 2","DemoMod:RiddleOfLead","WarpedTongs","DemoMod:ClearGuonStone","Ornamental Fan"],"acts_visited":["Exordium","TheCity"],"potions_floor_usage":[11,16,16,16,28,33,33],"damage_taken":[{"damage":0,"enemies":"2 Louse","floor":1,"turns":3},{"damage":2,"enemies":"ats:Genji","floor":3,"turns":3},{"damage":0,"enemies":"Jaw Worm","floor":5,"turns":4},{"damage":19,"enemies":"Gremlin Nob","floor":6,"turns":4},{"damage":16,"enemies":"3 Sentries","floor":11,"turns":4},{"damage":3,"enemies":"The Guardian","floor":16,"turns":11},{"damage":0,"enemies":"Chosen","floor":18,"turns":4},{"damage":8,"enemies":"Shell Parasite","floor":20,"turns":2},{"damage":8,"enemies":"Snecko","floor":22,"turns":3},{"damage":4,"enemies":"Cultist and Chosen","floor":24,"turns":3},{"damage":11,"enemies":"Centurion and Healer","floor":25,"turns":3},{"damage":10,"enemies":"Snecko","floor":27,"turns":3},{"damage":13,"enemies":"Chosen and Byrds","floor":28,"turns":4},{"damage":14,"enemies":"HollowMod:Nosk","floor":30,"turns":8},{"damage":86,"enemies":"Automaton","floor":33,"turns":6}],"seed_played":"6085090342649559675","potions_obtained":[{"floor":5,"key":"Fire Potion"},{"floor":11,"key":"DistilledChaos"},{"floor":13,"key":"FearPotion"},{"floor":13,"key":"DistilledChaos"},{"floor":13,"key":"LiquidBronze"},{"floor":22,"key":"Swift Potion"},{"floor":25,"key":"Explosive Potion"},{"floor":28,"key":"GamblersBrew"}],"is_trial":false,"path_per_floor":["M","?","M","?","M","E","R","$","T","?","E","R","?","$","R","B",null,"M","?","M","$","M","R","M","M","T","M","M","R","E","$","R","B"],"character_chosen":"SHAPESHIFTER","items_purchased":["StSShapeShifter:MonkeyForm","StSShapeShifter:Mystical_Branch","StSShapeShifter:DeepWound","StSShapeShifter:FlowerShield","StSShapeShifter:Synchronicity+1"],"campfire_rested":4,"item_purchase_floors":[8,8,14,14,21],"current_hp_per_floor":[85,68,66,66,66,47,72,72,72,72,56,81,81,81,81,78,95,95,95,87,87,79,79,75,64,64,54,41,69,55,55,83,0,0],"gold":125,"neow_bonus":"TEN_PERCENT_HP_BONUS","is_daily":false,"chose_seed":false,"campfire_upgraded":2,"win_rate":0.0,"timestamp":1613487207,"path_taken":["M","?","M","?","M","E","R","$","T","?","E","R","?","$","R","BOSS","M","?","?","$","M","R","M","M","T","M","M","R","E","$","R","BOSS"],"items_purchased_type":["Card","Card","Card","Card","Card"],"build_version":"2020-12-22","purchased_purges":1,"victory":false,"max_hp_per_floor":[85,85,85,85,85,85,85,85,85,85,85,85,85,85,85,85,95,95,95,95,95,95,95,95,95,95,95,95,95,95,95,95,95,95],"card_choices":[{"not_picked":["StSShapeShifter:FesteringBite","StSShapeShifter:WiltingWrath"],"picked":"StSShapeShifter:ThrashAbout","floor":1},{"not_picked":["StSShapeShifter:FesteringBite","StSShapeShifter:SquirrelForm"],"picked":"StSShapeShifter:BarkSkin","floor":3},{"not_picked":["StSShapeShifter:Rest","StSShapeShifter:FlowerShield"],"picked":"StSShapeShifter:FesteringBite","floor":5},{"not_picked":["StSShapeShifter:RitualOfTheExtinct","StSShapeShifter:Maul"],"picked":"StSShapeShifter:Sapling","floor":6},{"not_picked":["StSShapeShifter:CosmicShifter+1","StSShapeShifter:BladeOfGrass"],"picked":"StSShapeShifter:EmbraceTheCycle+1","floor":11},{"not_picked":["StSShapeShifter:PhoenixForm","StSShapeShifter:Blossom2"],"picked":"StSShapeShifter:HydraForm","floor":16},{"not_picked":["StSShapeShifter:FlowerShield","StSShapeShifter:Rabid+1"],"picked":"StSShapeShifter:Ensconce+1","floor":18},{"not_picked":["StSShapeShifter:OakBlade+1","StSShapeShifter:DiverseSpirit+1"],"picked":"StSShapeShifter:PoisonIvy","floor":20},{"not_picked":["StSShapeShifter:ThornToss","StSShapeShifter:OpportuneSwoop"],"picked":"StSShapeShifter:RockSlide+1","floor":22},{"not_picked":["StSShapeShifter:Roar","StSShapeShifter:FesteringBite+1"],"picked":"StSShapeShifter:RestoreBalance","floor":24},{"not_picked":["StSShapeShifter:ShiftingStrike+1","StSShapeShifter:MonkeyForm"],"picked":"StSShapeShifter:EagleForm","floor":25},{"not_picked":["StSShapeShifter:BarkSkin","StSShapeShifter:SunflowerShuriken+1"],"picked":"StSShapeShifter:Wildfire2+1","floor":27},{"not_picked":["StSShapeShifter:DeerForm","StSShapeShifter:Efflorescence+1"],"picked":"StSShapeShifter:OwlForm","floor":28},{"not_picked":["StSShapeShifter:HummingbirdForm","StSShapeShifter:Guard"],"picked":"StSShapeShifter:PorcupineForm+1","floor":30}],"player_experience":1145912,"relics_obtained":[{"floor":6,"key":"Potion Belt"},{"floor":9,"key":"Happy Flower"},{"floor":11,"key":"Frozen Egg 2"},{"floor":26,"key":"DemoMod:ClearGuonStone"},{"floor":30,"key":"Ornamental Fan"}],"event_choices":[{"damage_healed":0,"gold_gain":0,"player_choice":"Entered Light","damage_taken":17,"max_hp_gain":0,"max_hp_loss":0,"event_name":"Shining Light","floor":2,"gold_loss":0,"cards_upgraded":["StSShapeShifter:ShapeShifter_Defend","StSShapeShifter:ShapeShifter_Defend"]},{"damage_healed":0,"gold_gain":0,"player_choice":"Ignored","damage_taken":0,"max_hp_gain":0,"max_hp_loss":0,"event_name":"Liars Game","floor":10,"gold_loss":0},{"damage_healed":0,"gold_gain":0,"player_choice":"Bought 3 Potions","damage_taken":0,"max_hp_gain":0,"max_hp_loss":0,"event_name":"The Woman in Blue","floor":13,"gold_loss":0},{"damage_healed":0,"gold_gain":0,"player_choice":"Rummage","damage_taken":0,"relics_obtained":["WarpedTongs"],"max_hp_gain":0,"max_hp_loss":0,"event_name":"Accursed Blacksmith","floor":19,"gold_loss":0,"cards_obtained":["Pain"]}],"is_beta":false,"boss_relics":[{"not_picked":["Tiny House","Astrolabe"],"picked":"DemoMod:RiddleOfLead"}],"items_purged_floors":[21],"is_endless":false,"potions_floor_spawned":[5,11,22,25,28],"killed_by":"Automaton","ascension_level":0}}