{"host":"Doisman","time":1613491606,"event":{"mods":["AchievementEnabler","BaseMod","Better Note","Curses Come First","Minty Spire (QoL Compilation)","Permanent Neow","Quick Restart","Relic Stats","Replay The Spire","StSLib","slay the spire mod where everything is the same but ironclad has a cowboy hat"],"gold_per_floor":[114,129,144,22,22,22,52,67,67,82,82,97,97,112,112,112,112],"floor_reached":16,"language":"ENG","playtime":756,"items_purged":["Strike_P"],"score":179,"play_id":"53450da9-aec4-45cd-8d1e-5d9cb743629d","local_time":"20210216100646","daily_mods":["Specialized","ControlledChaos","Lethality"],"is_ascension_mode":false,"campfire_choices":[{"data":"TalkToTheHand","floor":6,"key":"SMITH"},{"data":"CutThroughFate","floor":13,"key":"SMITH"},{"data":"Sanctity","floor":15,"key":"SMITH"}],"circlet_count":0,"master_deck":["Strike_P","Strike_P","Strike_P","Defend_P","Defend_P","Defend_P","Defend_P","Eruption","Vigilance","DeusExMachina","DeusExMachina","DeusExMachina","DeusExMachina","DeusExMachina","TalkToTheHand+1","Adaptation","CutThroughFate+1","Protect","Evaluate","CutThroughFate+1","Sanctity+1"],"relics":["PureWater","Frozen Eye","Vajra","PreservedInsect"],"acts_visited":["Exordium"],"potions_floor_usage":[8,12],"damage_taken":[{"damage":0.0,"enemies":"Small Slimes","floor":1.0,"turns":2.0},{"damage":0.0,"enemies":"Jaw Worm","floor":2.0,"turns":1.0},{"damage":9,"enemies":"Cultist","floor":3,"turns":4},{"damage":8,"enemies":"Replay:BlueRogue","floor":7,"turns":5},{"damage":9,"enemies":"3 Louse","floor":8,"turns":2},{"damage":9,"enemies":"2 Fungi Beasts","floor":10,"turns":3},{"damage":0,"enemies":"Exordium Wildlife","floor":12,"turns":2},{"damage":0,"enemies":"Gremlin Gang","floor":14,"turns":4}],"seed_played":"2711566965655028651","potions_obtained":[{"floor":1.0,"key":"Swift Potion"},{"floor":3,"key":"Fire Potion"},{"floor":8,"key":"Strength Potion"},{"floor":10,"key":"FearPotion"}],"is_trial":false,"path_per_floor":["M","M","M","$","?","R","E","M","T","M","$","M","R","M","R","B"],"character_chosen":"WATCHER","items_purchased":["CutThroughFate"],"campfire_rested":0,"item_purchase_floors":[4],"current_hp_per_floor":[72,72,63,63,63,63,55,46,46,37,37,37,37,37,37,30,30],"gold":112,"neow_bonus":"","is_daily":true,"chose_seed":false,"campfire_upgraded":3,"win_rate":0.0,"timestamp":1613491606,"path_taken":["M","M","M","$","?","R","E","M","T","M","$","M","R","M","R","BOSS"],"items_purchased_type":["Card"],"build_version":"2020-12-18","purchased_purges":1,"victory":false,"max_hp_per_floor":[72,72,72,72,72,72,72,72,72,72,72,72,72,72,72,72,72],"relic_stats":{"counters":[9,34],"PreservedInsect":0,"obtain_stats":[{"Frozen Eye":0,"Vajra":7,"PreservedInsect":9,"PureWater":0},{"Frozen Eye":0,"Vajra":4,"PreservedInsect":5,"PureWater":0},{"Frozen Eye":0,"Vajra":12,"PreservedInsect":14,"PureWater":0}]},"card_choices":[{"not_picked":["EmptyBody","Vengeance"],"picked":"TalkToTheHand","floor":1.0},{"not_picked":["Halt","CarveReality","Prostrate"],"picked":"SKIP","floor":2.0},{"not_picked":["Halt","FollowUp"],"picked":"Adaptation","floor":3},{"not_picked":["Collect","FollowUp","PathToVictory"],"picked":"SKIP","floor":7},{"not_picked":["Replay:BluntJabs","Consecrate"],"picked":"Protect","floor":8},{"not_picked":["PathToVictory","Replay:BluntJabs"],"picked":"Evaluate","floor":10},{"not_picked":["Crescendo","Perseverance"],"picked":"CutThroughFate","floor":12},{"not_picked":["LikeWater","FlurryOfBlows"],"picked":"Sanctity","floor":14}],"player_experience":1131647,"relics_obtained":[{"floor":7,"key":"Vajra"},{"floor":9,"key":"PreservedInsect"}],"event_choices":[],"is_beta":true,"boss_relics":[],"items_purged_floors":[4],"is_endless":false,"potions_floor_spawned":[1,3,8,10],"killed_by":"Fading Forest","ascension_level":0}}