{"host":"2i1rjl87isetstuj","time":1613476367,"event":{"mods":["ATMod(°¢èªMod)","Act Like it!","BaseMod","Better Vampires","Challenge The Spire","Hallownest","Lobotomy","LobotomyExtend","Marked Mod","Minty Spire (QoL Compilation)","Quick Restart","Shop Mod","StSLib","Waifu the Spire","[IsaacMod]ÒÔÈö¼âËþ","¡¾¹¦ÄÜMod¡¿»ìãçÖ®»·ÐÞ¸´²¹¶¡","óô»ðÖ¸ÄÏ"],"gold_per_floor":[112,387,398,417,436,467,320,345,345,359,359,369,369,409,409,532,532,573,668,758,758,819,819,887,946,946,946,946,946,946,982,982,1153,1153,1297,1335,1335,1429,1429,1464,1464,1464,1543,1552,1609,1609,1689,1689,1767,1853,1967,1967,2124],"floor_reached":17,"language":"ZHS","playtime":6158,"items_purged":["Strike_R","Strike_R","Strike_R","Strike_R","Strike_R","Regret","Defend_R","Defend_R","SuicideKing","Reckless Charge","Defend_R+1"],"score":473,"play_id":"95a3e6f3-08cf-462e-86f5-c0516ea28b26","local_time":"20210216195247","is_ascension_mode":false,"campfire_choices":[{"data":"1","floor":11,"key":"LIFT"},{"data":"2","floor":15,"key":"LIFT"}],"circlet_count":0,"master_deck":["Defend_R+1","Bash","AT_Dispersion+1","Thunderclap","AT_ManFootWork","Seeing Red","Offering","Sword Boomerang","Shrug It Off","AT_CaressingTears","Armaments","Heavy Blade","Metallicize","Cleave","Armaments","Shrug It Off","Berserk","Rupture","Uppercut","Sword Boomerang","Finesse","Clothesline","Demon Form","Finesse","Dropkick","Armaments","Uppercut","Master of Strategy","Double Tap","Pommel Strike","Spot Weakness","AT_ShrugMaster","Metallicize+1","Spot Weakness","AT_TearsDenial","Inflame+1","AT_ShrugMaster+1","AT_DrawKnifeCut","Limit Break+1"],"relics":["Burning Blood","HushsDoor","SteamSale","Matryoshka","SteamSale","Lantern","TheBattery","AT_Kusabimaru","Tiny Chest","EdensBlessing","BFFS","Blue Candle","AT_ArcaneBoots","Anchor","AT_MibuBalloonWealth","Lee\u0027s Waffle","GuppysTail","Art of War","Runic Cube","Mummified Hand","AnarchistCookbook","Shovel","War Paint","Chaos","Pen Nib","Void","PillsDrop","Meat on the Bone","Paper Crane","GuppysHead","Potion Belt","DoctorsRemote","TwistedFunnel","Toolbox","Unceasing Top","SlaversCollar","RottenBaby","Nunchaku","AT_TimeSand","TuHaoJin","CaptainsWheel","BlankCard","D6","Snake Skull","Happy Flower","PunchingBag","Bottled Tornado","Frozen Egg 2","LaetitiaHeart","AT_ATBox","Du-Vu Doll","CeramicFish","Dream Catcher","TheAbacus","AT_GoldPhoenixTree","NineVolt","Centennial Puzzle","GuppysPaw","Girya","Letter Opener","Toxic Egg 2","SatanicBible","LetterFromLob"],"acts_visited":["Exordium","TheCity","TheBeyond"],"potions_floor_usage":[17,17,17,17,17],"damage_taken":[{"damage":2.0,"enemies":"Small Slimes","floor":1.0,"turns":4.0},{"damage":3.0,"enemies":"Cultist","floor":3.0,"turns":4.0},{"damage":8.0,"enemies":"2 Louse","floor":4.0,"turns":2.0},{"damage":12.0,"enemies":"Red Slaver","floor":5.0,"turns":5.0},{"damage":42.0,"enemies":"Gremlin Nob","floor":6.0,"turns":6.0},{"damage":33.0,"enemies":"Lagavulin","floor":8.0,"turns":7.0},{"damage":0.0,"enemies":"Exordium Wildlife","floor":10.0,"turns":2.0},{"damage":0.0,"enemies":"2 Fungi Beasts","floor":12.0,"turns":2.0},{"damage":0.0,"enemies":"Red Slaver","floor":14.0,"turns":2.0},{"damage":46.0,"enemies":"Hexaghost","floor":16.0,"turns":12.0},{"damage":3.0,"enemies":"Chosen","floor":18.0,"turns":7.0},{"damage":65.0,"enemies":"Hiden Room Battle","floor":19.0,"turns":5.0},{"damage":29.0,"enemies":"3 Byrds","floor":20.0,"turns":5.0},{"damage":0.0,"enemies":"Shelled Parasite and Fungi","floor":22.0,"turns":4.0},{"damage":10.0,"enemies":"Centurion and Healer","floor":24.0,"turns":7.0},{"damage":15.0,"enemies":"Book of Stabbing","floor":25.0,"turns":5.0},{"damage":0.0,"enemies":"Snecko","floor":31.0,"turns":3.0},{"damage":9,"enemies":"Automaton","floor":33,"turns":4},{"damage":0,"enemies":"3 Darklings","floor":35,"turns":3},{"damage":0,"enemies":"Orb Walker","floor":36,"turns":2},{"damage":0,"enemies":"Orb Walker","floor":38,"turns":1},{"damage":6,"enemies":"Orb Walker","floor":38,"turns":1},{"damage":0,"enemies":"Cultist","floor":1,"turns":1},{"damage":0,"enemies":"Jaw Worm","floor":3,"turns":1},{"damage":8,"enemies":"2 Louse","floor":6,"turns":1},{"damage":0,"enemies":"Lagavulin","floor":8,"turns":2},{"damage":0,"enemies":"2 Fungi Beasts","floor":12,"turns":1},{"damage":0,"enemies":"Gremlin Nob","floor":13,"turns":1},{"damage":0,"enemies":"Gremlin Gang","floor":14,"turns":1},{"damage":0,"enemies":"The Guardian","floor":16,"turns":1},{"damage":0,"enemies":"Malkuth","floor":17,"turns":2},{"damage":8,"enemies":"Hod","floor":17,"turns":3},{"damage":16,"enemies":"Geburah","floor":17,"turns":5},{"damage":16,"enemies":"Binah","floor":17,"turns":5},{"damage":18,"enemies":"Angela","floor":17,"turns":3}],"seed_played":"-2393778513353815411","potions_obtained":[{"floor":1.0,"key":"Swift Potion"},{"floor":3.0,"key":"Block Potion"},{"floor":6.0,"key":"Energy Potion"},{"floor":16.0,"key":"CultistPotion"},{"floor":22.0,"key":"PowerPotion"},{"floor":24.0,"key":"DistilledChaos"},{"floor":25.0,"key":"ElixirPotion"}],"is_trial":false,"path_per_floor":["M","?","M","M","M","E","$","E","T","M","R","M","R","M","R","B",null,"M","?","M","$","M","R","M","E","T","T","R","$","R","M","R","B",null,"M","M","$","?","M","T","M","$","?","M","$","E","T","T","R","M","?","M","R","B",null],"character_chosen":"IRONCLAD","items_purchased":["Diplopia","Lantern","TheBattery","Sword Boomerang","Shrug It Off","AT_CaressingTears","MerchantsRug","EssenceOfSteel","BFFS","Blue Candle","AT_SpeedBoots","HeartOfIron","BlessingOfTheForge","Armaments","Anchor","AT_MibuBalloonWealth","Metallicize","Cleave","Lee\u0027s Waffle","GuppysTail","Art of War","Shrug It Off","Shovel","War Paint","Chaos","SkillPotion","LiquidBronze","Weak Potion","Pen Nib","Void","PillsDrop","Finesse","BloodPotion","DoctorsRemote","TwistedFunnel","Toolbox","Finesse","Unceasing Top","SlaversCollar","Dropkick","RottenBaby","Nunchaku","Emotion Chip","Armaments","Strength Potion","EssenceOfSteel","Fire Potion","AT_TimeSand","TuHaoJin","CaptainsWheel","Uppercut","Master of Strategy","D6","Spot Weakness","AT_ShrugMaster","Snake Skull","Happy Flower","PunchingBag","Bottled Tornado","Frozen Egg 2","MerchantsRug","AT_TearsDenial","CeramicFish","Dream Catcher","TheAbacus","MerchantsRug","NineVolt","Centennial Puzzle","GuppysPaw","AT_ShrugMaster+1"],"campfire_rested":0,"item_purchase_floors":[7,7,7,7,7,7,7,7,11,11,11,11,11,11,13,13,13,13,15,15,15,15,21,21,21,21,21,21,23,23,23,23,23,28,28,28,28,29,29,29,30,30,30,30,30,30,30,32,32,32,32,32,37,37,37,37,37,37,37,37,37,4,4,4,4,7,7,7,7,7],"current_hp_per_floor":[80,80,80,78,72,36,36,9,9,15,15,21,21,27,87,50,87,87,29,7,7,14,14,27,18,18,18,18,18,18,36,36,45,82,82,82,82,82,82,82,82,75,73,73,79,79,79,79,82,82,82,82,82],"gold":2249,"neow_bonus":"UPGRADE_CARD","is_daily":false,"chose_seed":false,"campfire_upgraded":0,"win_rate":0.0,"timestamp":1613476367,"path_taken":["M","?","M","?","M","E","$","E","T","M","R","?","R","M","R","BOSS","M","?","M","$","?","R","M","E","T","?","R","$","R","M","R","BOSS","M","M","$","?","M","?","M","$","?","M","$","E","T","?","R","M","?","M","R","BOSS"],"items_purchased_type":["Relic","Card","Relic","Card","Card","Card","Relic","Potion","Relic","Relic","Relic","Potion","Potion","Card","Relic","Relic","Card","Card","Relic","Relic","Relic","Card","Relic","Relic","Card","Potion","Potion","Potion","Relic","Card","Relic","Card","Potion","Relic","Relic","Relic","Card","Relic","Relic","Card","Relic","Relic","Relic","Card","Potion","Potion","Potion","Relic","Relic","Relic","Card","Card","Relic","Card","Card","Relic","Relic","Relic","Relic","Relic","Relic","Card","Relic","Relic","Relic","Relic","Relic","Relic","Relic","Card"],"build_version":"2020-12-22","purchased_purges":11,"victory":true,"max_hp_per_floor":[80,80,80,80,80,80,80,80,80,80,80,80,80,80,87,87,87,87,87,87,87,87,87,87,82,82,82,82,82,82,82,82,82,82,82,82,82,82,82,82,82,82,82,82,82,82,82,82,82,82,82,82,82],"card_choices":[{"not_picked":[],"picked":"SuicideKing","floor":0.0},{"not_picked":["Twin Strike","Searing Blow"],"picked":"Thunderclap","floor":1.0},{"not_picked":["Clothesline","Seeing Red"],"picked":"Bomb","floor":3.0},{"not_picked":["Warcry","Pommel Strike"],"picked":"AT_ManFootWork","floor":4.0},{"not_picked":["Clothesline","Body Slam"],"picked":"Seeing Red","floor":5.0},{"not_picked":["Sword Boomerang","Pommel Strike"],"picked":"Offering","floor":6.0},{"not_picked":["Double Tap","Second Wind"],"picked":"Reckless Charge","floor":8.0},{"not_picked":["AT_CaressingTears","AT_BodySlamDance","Clash"],"picked":"SKIP","floor":10.0},{"not_picked":["Armaments","Sword Boomerang"],"picked":"Heavy Blade","floor":12.0},{"not_picked":["Clash","Dark Embrace"],"picked":"Armaments","floor":14.0},{"not_picked":["Impervious","Corruption"],"picked":"Berserk","floor":16.0},{"not_picked":["AT_BodySlamDance","Hemokinesis"],"picked":"Rupture","floor":18.0},{"not_picked":["Bloodletting+1","Warcry+1"],"picked":"Uppercut","floor":19.0},{"not_picked":["Armaments","Headbutt"],"picked":"Sword Boomerang","floor":20.0},{"not_picked":["Body Slam","Shrug It Off+1","Burning Pact"],"picked":"SKIP","floor":22.0},{"not_picked":["Twin Strike","Entrench"],"picked":"Clothesline","floor":24.0},{"not_picked":["Rupture","Fire Breathing"],"picked":"Demon Form","floor":25.0},{"not_picked":["AT_BodySlamDance","Sentinel","Feel No Pain+1"],"picked":"SKIP","floor":31.0},{"not_picked":["Berserk","Feed"],"picked":"Double Tap","floor":33},{"not_picked":["Combust","Flex"],"picked":"Pommel Strike","floor":35},{"not_picked":["Sword Boomerang","Twin Strike","Cleave+1"],"picked":"SKIP","floor":36},{"not_picked":["AT_IchimonjiDouble","Heavy Blade"],"picked":"Metallicize+1","floor":1},{"not_picked":["Body Slam","Twin Strike"],"picked":"Spot Weakness","floor":3},{"not_picked":["Thunderclap","Clothesline"],"picked":"Inflame+1","floor":6},{"not_picked":["Flame Barrier","Havoc","Cleave"],"picked":"SKIP","floor":8},{"not_picked":["Armaments+1","Feel No Pain+1"],"picked":"AT_DrawKnifeCut","floor":12},{"not_picked":["AT_DiedThrough+1","Shrug It Off+1","Uppercut"],"picked":"SKIP","floor":14},{"not_picked":["Brutality+1","Exhume+1"],"picked":"Limit Break+1","floor":16}],"player_experience":135755,"relics_obtained":[{"floor":6.0,"key":"Matryoshka"},{"floor":8.0,"key":"AT_Kusabimaru"},{"floor":9.0,"key":"Tiny Chest"},{"floor":9.0,"key":"EdensBlessing"},{"floor":19.0,"key":"Mummified Hand"},{"floor":19.0,"key":"AnarchistCookbook"},{"floor":25.0,"key":"Meat on the Bone"},{"floor":26.0,"key":"Paper Crane"},{"floor":26.0,"key":"GuppysHead"},{"floor":27.0,"key":"Potion Belt"},{"floor":1,"key":"LetterFromLob"},{"floor":2,"key":"Du-Vu Doll"},{"floor":3,"key":"LetterFromLob"},{"floor":8,"key":"Girya"},{"floor":9,"key":"Letter Opener"},{"floor":10,"key":"Toxic Egg 2"},{"floor":12,"key":"LetterFromLob"},{"floor":13,"key":"SatanicBible"},{"floor":16,"key":"LetterFromLob"}],"event_choices":[{"damage_healed":0.0,"max_hp_gain":0.0,"max_hp_loss":0.0,"gold_gain":275.0,"event_name":"Golden Shrine","player_choice":"Desecrate","floor":2.0,"gold_loss":0.0,"damage_taken":0.0,"cards_obtained":["Regret"]},{"damage_healed":0.0,"max_hp_gain":0.0,"max_hp_loss":0.0,"gold_gain":0.0,"event_name":"HidenRoomEvent","player_choice":"Fight","floor":19.0,"gold_loss":0.0,"damage_taken":0.0},{"damage_healed":0,"gold_gain":0,"player_choice":"Success","damage_taken":7,"relics_obtained":["AT_GoldPhoenixTree"],"max_hp_gain":0,"max_hp_loss":0,"event_name":"Scrap Ooze","floor":5,"gold_loss":0},{"damage_healed":0,"gold_gain":30,"player_choice":"Searched \u00273\u0027 times","damage_taken":0,"max_hp_gain":0,"max_hp_loss":0,"event_name":"Dead Adventurer","floor":13,"gold_loss":0}],"is_beta":false,"boss_relics":[{"not_picked":["Cursed Key","Velvet Choker"],"picked":"Runic Cube"},{"not_picked":[]},{"not_picked":["Bird Faced Urn","AT_EbonyIvory"],"picked":"BlankCard"},{"not_picked":[]}],"items_purged_floors":[7,11,13,15,21,23,28,29,30,32,7],"is_endless":false,"potions_floor_spawned":[1,3,6,8,16,18,22,24,25,31,36,1,13,14],"ascension_level":0}}