{"host":"vyjryxuuuxkt43k4","time":1613467352,"event":{"mods":["AchievementEnabler","BaseMod","Colored Map","DeckTracker","Keyboard Shortcuts","Minty Spire (QoL Compilation)","Permanent Neow","Quick Restart","StSLib","SuperFastMode","everything is the same but u backflip on backflip"],"gold_per_floor":[14,27,27,177,177,177,206,33,79,92,17,17,44,62,62,141,141,156,46,58,58,29,29,44,44,67,67,94,94,94,110,110,186,186,201,214,28,54,74,74,104,115,115,141,154,154,0,13,13,13,13,13,13,13,38,38,38],"floor_reached":56,"language":"KOR","playtime":4634,"items_purged":["Doubt","Bash"],"score":2141,"play_id":"b5276cfa-0b54-4bb6-9776-4f1594d7b4b6","local_time":"20210216182232","is_ascension_mode":true,"campfire_choices":[{"data":"Whirlwind","floor":6.0,"key":"SMITH"},{"floor":12.0,"key":"REST"},{"data":"True Grit","floor":15.0,"key":"SMITH"},{"data":"Entrench","floor":23.0,"key":"SMITH"},{"data":"Barricade","floor":25.0,"key":"SMITH"},{"data":"Body Slam","floor":29.0,"key":"SMITH"},{"data":"Shockwave","floor":32.0,"key":"SMITH"},{"data":"Dark Embrace","floor":40.0,"key":"SMITH"},{"floor":49.0,"key":"RECALL"},{"data":"Feel No Pain","floor":53.0,"key":"SMITH"}],"circlet_count":0,"master_deck":["AscendersBane","True Grit+1","Whirlwind+1","Battle Trance","Flame Barrier","Ghostly Armor","Pommel Strike","Barricade+1","Entrench+1","Body Slam+1","Havoc","Feel No Pain","Shockwave+1","Feel No Pain+1","Flex","Spot Weakness+1","Feed","Shrug It Off+1","Dark Embrace+1"],"relics":["Burning Blood","Du-Vu Doll","Mercury Hourglass","TheAbacus","Anchor","Dream Catcher","Pandora\u0027s Box","Juzu Bracelet","MealTicket","Unceasing Top","Busted Crown","PreservedInsect","Bag of Preparation","Orichalcum","Red Mask","Bottled Tornado"],"acts_visited":["Exordium","TheCity","TheBeyond","TheEnding"],"potions_floor_usage":[56],"damage_taken":[{"damage":9.0,"enemies":"Jaw Worm","floor":1.0,"turns":4.0},{"damage":12.0,"enemies":"Small Slimes","floor":2.0,"turns":2.0},{"damage":54.0,"enemies":"Lagavulin","floor":7.0,"turns":9.0},{"damage":1.0,"enemies":"Cultist","floor":10.0,"turns":5.0},{"damage":10.0,"enemies":"3 Sentries","floor":13.0,"turns":4.0},{"damage":0.0,"enemies":"Gremlin Gang","floor":14.0,"turns":2.0},{"damage":13.0,"enemies":"Slime Boss","floor":16.0,"turns":7.0},{"damage":3.0,"enemies":"2 Thieves","floor":18.0,"turns":4.0},{"damage":0.0,"enemies":"3 Byrds","floor":20.0,"turns":2.0},{"damage":2.0,"enemies":"Centurion and Healer","floor":24.0,"turns":7.0},{"damage":13.0,"enemies":"Slavers","floor":28.0,"turns":3.0},{"damage":0.0,"enemies":"Cultist and Chosen","floor":31.0,"turns":7.0},{"damage":0.0,"enemies":"Champ","floor":33.0,"turns":10.0},{"damage":36.0,"enemies":"3 Darklings","floor":35.0,"turns":5.0},{"damage":0.0,"enemies":"3 Shapes","floor":36.0,"turns":7.0},{"damage":7.0,"enemies":"Writhing Mass","floor":39.0,"turns":6.0},{"damage":25.0,"enemies":"Reptomancer","floor":41.0,"turns":8.0},{"damage":7.0,"enemies":"Spire Growth","floor":42.0,"turns":7.0},{"damage":0.0,"enemies":"Giant Head","floor":44.0,"turns":7.0},{"damage":0.0,"enemies":"Sphere and 2 Shapes","floor":45.0,"turns":5.0},{"damage":20.0,"enemies":"Jaw Worm Horde","floor":48.0,"turns":5.0},{"damage":0.0,"enemies":"Time Eater","floor":50.0,"turns":12.0},{"damage":12.0,"enemies":"Awakened One","floor":51.0,"turns":8.0},{"damage":49.0,"enemies":"Shield and Spear","floor":55.0,"turns":7.0},{"damage":58,"enemies":"The Heart","floor":56,"turns":9}],"seed_played":"-3097114747598226188","potions_obtained":[{"floor":1.0,"key":"Block Potion"},{"floor":10.0,"key":"SkillPotion"},{"floor":14.0,"key":"EntropicBrew"},{"floor":16.0,"key":"Swift Potion"},{"floor":24.0,"key":"FearPotion"},{"floor":28.0,"key":"Fire Potion"},{"floor":35.0,"key":"Block Potion"},{"floor":41.0,"key":"FearPotion"},{"floor":42.0,"key":"LiquidBronze"},{"floor":45.0,"key":"BloodPotion"},{"floor":55.0,"key":"Weak Potion"}],"is_trial":false,"path_per_floor":["M","M","?","?","T","R","E","$","T","M","$","R","E","M","R","B",null,"M","$","M","?","$","R","M","R","T","?","E","R","?","M","R","B",null,"M","M","$","T","M","R","E","M","T","E","M","?","?","M","R","B","B",null,"R","$","E","B"],"character_chosen":"IRONCLAD","items_purchased":["TheAbacus","EntropicBrew","Flex","Dark Embrace"],"campfire_rested":1,"item_purchase_floors":[8,19,22,37],"current_hp_per_floor":[65,59,59,59,59,59,11,11,11,16,16,38,34,40,40,33,65,68,68,74,75,75,75,75,75,75,54,47,47,47,53,53,59,75,48,57,72,72,71,71,52,54,54,60,69,69,69,76,76,82,79,93,93,98,55,0,0],"gold":38,"neow_bonus":"TRANSFORM_TWO_CARDS","is_daily":false,"chose_seed":false,"campfire_upgraded":8,"win_rate":0.0,"timestamp":1613467352,"path_taken":["M","M","?","?","?","R","E","?","T","M","$","R","E","M","R","BOSS","M","$","M","?","$","R","M","R","T","?","E","R","?","M","R","BOSS","M","M","?","?","M","R","E","M","T","E","M","?","?","M","R","BOSS","BOSS","R","$","E","BOSS"],"items_purchased_type":["Relic","Potion","Card","Card"],"build_version":"2020-12-22","purchased_purges":2,"victory":false,"max_hp_per_floor":[75,75,75,75,75,75,75,75,75,75,75,75,75,75,75,75,75,75,75,75,75,75,75,75,75,75,80,80,80,80,80,80,80,80,83,86,86,86,86,86,86,89,89,89,92,92,92,95,95,95,98,98,98,98,98,98,98],"card_choices":[{"not_picked":["Pommel Strike","Havoc"],"picked":"Battle Trance","floor":1.0},{"not_picked":["Clash","Intimidate"],"picked":"Flame Barrier","floor":2.0},{"not_picked":["Spot Weakness","Sentinel"],"picked":"Shrug It Off","floor":7.0},{"not_picked":["Sever Soul","Clash"],"picked":"Ghostly Armor","floor":10.0},{"not_picked":["Havoc","Armaments","Pummel"],"picked":"SKIP","floor":13.0},{"not_picked":["Intimidate","Exhume"],"picked":"Pommel Strike","floor":14.0},{"not_picked":["Fiend Fire","Immolate"],"picked":"Barricade","floor":16.0},{"not_picked":["Cleave","Wild Strike","Iron Wave"],"picked":"SKIP","floor":18.0},{"not_picked":["True Grit","Reaper"],"picked":"Feel No Pain","floor":20.0},{"not_picked":["Thunderclap","True Grit"],"picked":"Shrug It Off","floor":24.0},{"not_picked":["Intimidate","Bludgeon"],"picked":"Spot Weakness+1","floor":28.0},{"not_picked":["Flame Barrier","Uppercut","Perfected Strike"],"picked":"SKIP","floor":31.0},{"not_picked":["Barricade","Double Tap"],"picked":"Feed","floor":33.0},{"not_picked":[],"picked":"Shrug It Off+1","floor":35.0},{"not_picked":["Pummel"],"picked":"SKIP","floor":36.0},{"not_picked":["Clothesline"],"picked":"SKIP","floor":39.0},{"not_picked":["Double Tap"],"picked":"SKIP","floor":41.0},{"not_picked":["Dropkick+1"],"picked":"SKIP","floor":42.0},{"not_picked":["Cleave"],"picked":"SKIP","floor":44.0},{"not_picked":["Shrug It Off"],"picked":"SKIP","floor":45.0},{"not_picked":["Infernal Blade"],"picked":"SKIP","floor":48.0},{"not_picked":["Clothesline"],"picked":"SKIP","floor":55.0}],"player_experience":996299,"relics_obtained":[{"floor":5.0,"key":"Du-Vu Doll"},{"floor":7.0,"key":"Mercury Hourglass"},{"floor":9.0,"key":"Anchor"},{"floor":13.0,"key":"Dream Catcher"},{"floor":26.0,"key":"Juzu Bracelet"},{"floor":28.0,"key":"MealTicket"},{"floor":38.0,"key":"PreservedInsect"},{"floor":41.0,"key":"Bag of Preparation"},{"floor":44.0,"key":"Orichalcum"},{"floor":55.0,"key":"Bottled Tornado"}],"event_choices":[{"cards_removed":["Strike_R"],"damage_healed":0.0,"max_hp_gain":0.0,"max_hp_loss":0.0,"gold_gain":0.0,"event_name":"Living Wall","player_choice":"Forget","floor":3.0,"gold_loss":0.0,"damage_taken":0.0},{"damage_healed":0.0,"max_hp_gain":0.0,"max_hp_loss":0.0,"gold_gain":150.0,"event_name":"Liars Game","player_choice":"AGREE","floor":4.0,"gold_loss":0.0,"damage_taken":0.0,"cards_obtained":["Doubt"]},{"cards_removed":["Thunderclap"],"damage_healed":5.0,"max_hp_gain":0.0,"max_hp_loss":0.0,"gold_gain":0.0,"event_name":"Bonfire Elementals","player_choice":"Offered Common","floor":21.0,"gold_loss":0.0,"damage_taken":0.0},{"cards_removed":["Thunderclap"],"damage_healed":5.0,"max_hp_gain":0.0,"max_hp_loss":0.0,"gold_gain":0.0,"event_name":"Bonfire Elementals","player_choice":"Offered Special","floor":21.0,"gold_loss":0.0,"damage_taken":0.0},{"damage_healed":0.0,"max_hp_gain":5.0,"max_hp_loss":0.0,"gold_gain":0.0,"event_name":"Forgotten Altar","player_choice":"Shed Blood","floor":27.0,"gold_loss":0.0,"damage_taken":26.0},{"cards_removed":["Shrug It Off"],"damage_healed":0.0,"max_hp_gain":0.0,"max_hp_loss":0.0,"gold_gain":0.0,"event_name":"WeMeetAgain","player_choice":"Gave Card","floor":30.0,"gold_loss":0.0,"damage_taken":0.0,"relics_obtained":["Unceasing Top"]},{"cards_removed":["Shrug It Off"],"damage_healed":0.0,"max_hp_gain":0.0,"max_hp_loss":0.0,"gold_gain":0.0,"event_name":"Falling","player_choice":"Removed Skill","floor":46.0,"gold_loss":0.0,"damage_taken":0.0},{"damage_healed":0.0,"max_hp_gain":0.0,"max_hp_loss":0.0,"gold_gain":0.0,"event_name":"Tomb of Lord Red Mask","player_choice":"Paid","floor":47.0,"gold_loss":154.0,"damage_taken":0.0,"relics_obtained":["Red Mask"]}],"is_beta":false,"boss_relics":[{"not_picked":["SacredBark","Mark of Pain"],"picked":"Pandora\u0027s Box"},{"not_picked":["Empty Cage","Calling Bell"],"picked":"Busted Crown"}],"items_purged_floors":[11,37],"is_endless":false,"potions_floor_spawned":[1,10,14,16,24,28,35,41,42,45,55],"killed_by":"The Heart","ascension_level":20}}