{"host":"lg1piimdyocafd6j","time":1613503490,"event":{"mods":["AchievementEnabler","BaseMod","Better Third Choice","BetterRewards","Colored Map","Colored Powertips","Downfall","Minty Spire (QoL Compilation)","Quick Restart","Rare Cards Sparkle","Remove Card Discount Mod","Shop Mod","StSLib","SuperFastMode"],"gold_per_floor":[111,127,142,37,47,47,0,0,0,10,10,0,13,42,42,141,141,158,177,177,189,202,202,221,221,270,266,365,181,181,191,191,293,293,312,234,248,248,248,248,92,92,92,0,0,0,0,14,14,14,14],"floor_reached":50,"language":"ENG","playtime":2415,"items_purged":["Strike_G","Neutralize","Strike_G","Defend_G","Strike_G","Defend_G","Defend_G","Strike_G","Strike_G+1","Poisoned Stab+1","Defend_G","Deadly Poison+1","Noxious Fumes","Defend_G+1","Concentrate+1"],"score":490,"play_id":"7476b1d5-cbd9-46f5-be46-3331a3c9dd8f","local_time":"20210216202450","is_ascension_mode":false,"campfire_choices":[{"floor":6,"key":"RECALL"},{"floor":11,"key":"REST"},{"data":"Noxious Fumes","floor":15,"key":"SMITH"},{"data":"Poisoned Stab","floor":23,"key":"SMITH"},{"data":"Survivor","floor":25,"key":"SMITH"},{"data":"Noxious Fumes","floor":30,"key":"SMITH"},{"floor":32,"key":"REST"},{"floor":40,"key":"REST"},{"floor":42,"key":"REST"},{"floor":45,"key":"REST"},{"floor":49,"key":"REST"}],"circlet_count":0,"master_deck":["Survivor+1","Poisoned Stab+1","Noxious Fumes+1","Poisoned Stab+1","Poisoned Stab+1","Crippling Poison+1","Poisoned Stab+1","Deflect+1","Deflect+1","Noxious Fumes+1","Deadly Poison+1","Deadly Poison+1","Outmaneuver+1","Good Instincts+1","Catalyst+1"],"relics":["Ring of the Snake","Whetstone","DollysMirror","Toxic Egg 2","Bottled Lightning","SlaversCollar","Juzu Bracelet","TwistedFunnel","SacredBark","Lee\u0027s Waffle","InkBottle"],"acts_visited":["Exordium","TheCity","TheBeyond"],"potions_floor_usage":[33,50,50,50],"damage_taken":[{"damage":2,"enemies":"Small Slimes","floor":1,"turns":3},{"damage":0,"enemies":"2 Louse","floor":2,"turns":3},{"damage":0,"enemies":"Cultist","floor":3,"turns":2},{"damage":13,"enemies":"Gremlin Gang","floor":5,"turns":3},{"damage":0,"enemies":"2 Fungi Beasts","floor":10,"turns":2},{"damage":0,"enemies":"Blue Slaver","floor":13,"turns":2},{"damage":3,"enemies":"Lagavulin","floor":14,"turns":5},{"damage":4,"enemies":"Hexaghost","floor":16,"turns":7},{"damage":0,"enemies":"2 Thieves","floor":18,"turns":4},{"damage":0,"enemies":"Chosen","floor":19,"turns":4},{"damage":3,"enemies":"Snake Plant","floor":21,"turns":4},{"damage":8,"enemies":"Sentry and Sphere","floor":22,"turns":4},{"damage":4,"enemies":"Snecko","floor":24,"turns":5},{"damage":0,"enemies":"3 Cultists","floor":31,"turns":4},{"damage":16,"enemies":"Champ","floor":33,"turns":6},{"damage":2,"enemies":"3 Shapes","floor":35,"turns":3},{"damage":1,"enemies":"3 Darklings","floor":37,"turns":4},{"damage":5,"enemies":"Sphere and 2 Shapes","floor":48,"turns":4},{"damage":75,"enemies":"Time Eater","floor":50,"turns":9}],"seed_played":"-7387622589377876178","potions_obtained":[{"floor":3,"key":"PowerPotion"},{"floor":5,"key":"PowerPotion"},{"floor":13,"key":"DistilledChaos"},{"floor":14,"key":"DuplicationPotion"},{"floor":31,"key":"DistilledChaos"},{"floor":37,"key":"EssenceOfSteel"}],"is_trial":false,"path_per_floor":["M","M","M","$","M","R","$","?","T","M","R","?","M","E","R","B",null,"M","M","?","M","M","R","M","R","T","$","?","$","R","M","R","B",null,"M","$","M","?","?","R","$","R","T","$","R","$","?","M","R","B"],"character_chosen":"THE_SILENT","items_purchased":["Poisoned Stab","Noxious Fumes","Whetstone","Poisoned Stab","DollysMirror","Toxic Egg 2","Poisoned Stab","Noxious Fumes","Deflect+1","TwistedFunnel","Noxious Fumes","Concentrate+1","Lee\u0027s Waffle","Good Instincts+1"],"campfire_rested":6,"item_purchase_floors":[0,0,0,0,0,0,4,4,7,29,29,36,41,44],"current_hp_per_floor":[68,68,68,68,55,55,55,41,41,41,62,62,62,59,59,55,70,70,70,70,67,59,59,55,55,55,55,55,55,55,55,70,54,70,68,68,67,67,66,66,73,73,73,73,73,73,73,68,73,0,0],"gold":14,"neow_bonus":"","is_daily":false,"chose_seed":false,"campfire_upgraded":4,"win_rate":0.0,"timestamp":1613503490,"path_taken":["M","M","M","$","M","R","$","?","T","M","R","?","M","E","R","BOSS","M","M","?","M","?","R","?","R","T","$","?","$","R","M","R","BOSS","M","$","M","?","?","R","?","R","T","$","R","$","?","M","R","BOSS"],"items_purchased_type":["Card","Card","Relic","Card","Relic","Relic","Card","Card","Card","Relic","Card","Card","Relic","Card"],"build_version":"2020-12-22","purchased_purges":15,"victory":false,"max_hp_per_floor":[70,70,70,70,70,70,70,70,70,70,70,70,70,70,70,70,70,70,70,70,70,70,70,70,70,70,70,70,70,70,70,70,70,70,70,70,70,70,66,66,73,73,73,73,73,73,73,73,73,73,73],"card_choices":[{"not_picked":["Terror+1","Backflip+1","Underhanded Strike"],"picked":"SKIP","floor":1},{"not_picked":["Reflex+1","Riddle With Holes","Flechettes"],"picked":"SKIP","floor":2},{"not_picked":["Dagger Spray","Acrobatics+1"],"picked":"Crippling Poison+1","floor":3},{"not_picked":["Outmaneuver+1","Dagger Spray"],"picked":"Deflect+1","floor":5},{"not_picked":["Poisoned Stab","Dash","Blade Dance+1"],"picked":"SKIP","floor":10},{"not_picked":["Dagger Spray","Corpse Explosion+1"],"picked":"Backflip+1","floor":13},{"not_picked":["Prepared+1","Dagger Throw","Dagger Spray"],"picked":"SKIP","floor":14},{"not_picked":["Calculated Gamble+1","Underhanded Strike","Prepared+1"],"picked":"SKIP","floor":18},{"not_picked":["Heel Hook","Expertise+1"],"picked":"Deadly Poison+1","floor":19},{"not_picked":["Sucker Punch+1","Choke"],"picked":"Poisoned Stab+1","floor":21},{"not_picked":["Outmaneuver+1","Acrobatics+1","Dash"],"picked":"SKIP","floor":22},{"not_picked":["Tactician+1","Skewer","Dash+1"],"picked":"SKIP","floor":24},{"not_picked":["Leg Sweep+1","Dagger Throw"],"picked":"Deadly Poison+1","floor":31},{"not_picked":["Dodge and Roll+1","Leg Sweep+1"],"picked":"Deadly Poison+1","floor":35},{"not_picked":["Backstab+1","Setup+1"],"picked":"Outmaneuver+1","floor":37},{"not_picked":["Underhanded Strike","Acrobatics+1"],"picked":"Catalyst+1","floor":48}],"player_experience":157141,"relics_obtained":[{"floor":14,"key":"Bottled Lightning"},{"floor":26,"key":"Juzu Bracelet"},{"floor":43,"key":"InkBottle"}],"event_choices":[{"damage_healed":55,"gold_gain":0,"player_choice":"Upgrade","damage_taken":14,"max_hp_gain":0,"max_hp_loss":70,"event_name":"betterThird:BetterShining","floor":8,"gold_loss":0,"cards_upgraded":["Defend_G","Poisoned Stab"]},{"damage_healed":0,"gold_gain":0,"player_choice":"Left","damage_taken":0,"max_hp_gain":0,"max_hp_loss":0,"event_name":"betterThird:BetterGoop","floor":12,"gold_loss":10},{"damage_healed":0,"gold_gain":0,"player_choice":"Ignored","damage_taken":0,"max_hp_gain":0,"max_hp_loss":0,"event_name":"Transmorgrifier","floor":20,"gold_loss":0},{"damage_healed":0,"gold_gain":99,"player_choice":"Steal","damage_taken":0,"max_hp_gain":0,"max_hp_loss":0,"event_name":"betterThird:BetterNest","floor":28,"gold_loss":0},{"damage_healed":0,"gold_gain":0,"player_choice":"Ignored","damage_taken":0,"max_hp_gain":0,"max_hp_loss":0,"event_name":"Tomb of Lord Red Mask","floor":38,"gold_loss":0},{"damage_healed":0,"gold_gain":0,"player_choice":"Max HP","damage_taken":0,"max_hp_gain":0,"max_hp_loss":4,"event_name":"Winding Halls","floor":39,"gold_loss":0},{"cards_removed":["Backflip"],"damage_healed":5,"gold_gain":0,"player_choice":"Offered Common","damage_taken":0,"max_hp_gain":0,"max_hp_loss":0,"event_name":"Bonfire Elementals","floor":47,"gold_loss":0},{"cards_removed":["Backflip"],"damage_healed":5,"gold_gain":0,"player_choice":"Offered Special","damage_taken":0,"max_hp_gain":0,"max_hp_loss":0,"event_name":"Bonfire Elementals","floor":47,"gold_loss":0}],"is_beta":false,"boss_relics":[{"not_picked":["WristBlade","bronze:MakeshiftBattery"],"picked":"SlaversCollar"},{"not_picked":["Busted Crown","Calling Bell"],"picked":"SacredBark"}],"items_purged_floors":[0,0,0,0,0,0,0,0,4,27,27,36,36,36,41],"is_endless":false,"potions_floor_spawned":[2,3,5,13,14,18,22,31,37],"killed_by":"Time Eater","ascension_level":0}}