{"host":"19tvufa8xx4wr4o1","time":1613437069,"event":{"mods":["AchievementEnabler","BaseMod","Better Sensory Stone","Better Third Choice","Highlight Path","Minty Spire (QoL Compilation)","Relic Stats","StSLib"],"gold_per_floor":[111,111,186,201,51,85,48,48,48,75,75,75,93,123,123,200,200,216,131,56,56,40,75,75,86,86,86,99,129,19,33,33,107,107,122,22,22,97,97,97,129,129,154,187,187,187,14,64,64,64],"floor_reached":51,"language":"ENG","playtime":1785,"items_purged":["Strike_G","Backstab","Parasite"],"score":1499,"play_id":"77fe5f2e-d792-4f2e-85cd-e44349f6a1dc","local_time":"20210215185749","is_ascension_mode":true,"campfire_choices":[{"data":"Predator","floor":8.0,"key":"SMITH"},{"data":"Noxious Fumes","floor":12.0,"key":"SMITH"},{"data":"Malaise","floor":15.0,"key":"SMITH"},{"data":"Noxious Fumes","floor":24,"key":"SMITH"},{"data":"Footwork","floor":27,"key":"SMITH"},{"data":"Well Laid Plans","floor":32,"key":"SMITH"},{"data":"Bullet Time","floor":40,"key":"SMITH"},{"data":"A Thousand Cuts","floor":42,"key":"SMITH"},{"data":"Burst","floor":46,"key":"SMITH"},{"data":"Dash","floor":49,"key":"SMITH"}],"circlet_count":0,"master_deck":["AscendersBane","Defend_G","Defend_G","Defend_G","Defend_G","Defend_G","Survivor","Neutralize+1","Noxious Fumes+1","Predator+1","Dash+1","Noxious Fumes+1","All Out Attack","Malaise+1","Burst+1","Acrobatics+1","Glass Knife+1","Backstab+1","Well Laid Plans+1","PiercingWail+1","Footwork+1","Bullet Time+1","PiercingWail","A Thousand Cuts+1","Backflip","Terror"],"relics":["Ring of the Snake","NeowsBlessing","Happy Flower","Bottled Tornado","Oddly Smooth Stone","Omamori","Astrolabe","FossilizedHelix","Bottled Lightning","Boot","Vajra","Cursed Key","Gremlin Horn","Juzu Bracelet","Potion Belt","Art of War"],"acts_visited":["Exordium","TheCity","TheBeyond"],"potions_floor_usage":[33,35,50,50],"damage_taken":[{"damage":0.0,"enemies":"Jaw Worm","floor":1.0,"turns":1.0},{"damage":0.0,"enemies":"2 Louse","floor":4.0,"turns":1.0},{"damage":0.0,"enemies":"3 Sentries","floor":6.0,"turns":2.0},{"damage":0.0,"enemies":"Gremlin Nob","floor":10.0,"turns":4.0},{"damage":0.0,"enemies":"Cultist","floor":13.0,"turns":3.0},{"damage":9.0,"enemies":"Lagavulin","floor":14.0,"turns":5.0},{"damage":6.0,"enemies":"Hexaghost","floor":16.0,"turns":11.0},{"damage":6.0,"enemies":"Shell Parasite","floor":18.0,"turns":5.0},{"damage":6.0,"enemies":"2 Thieves","floor":22.0,"turns":4.0},{"damage":3.0,"enemies":"Slavers","floor":23.0,"turns":5.0},{"damage":0,"enemies":"3 Cultists","floor":25,"turns":4},{"damage":0,"enemies":"Snake Plant","floor":28,"turns":5},{"damage":2,"enemies":"Gremlin Leader","floor":29,"turns":9},{"damage":0,"enemies":"Snecko","floor":31,"turns":4},{"damage":27,"enemies":"Champ","floor":33,"turns":17},{"damage":1,"enemies":"3 Darklings","floor":35,"turns":6},{"damage":2,"enemies":"Nemesis","floor":41,"turns":11},{"damage":0,"enemies":"Reptomancer","floor":44,"turns":6},{"damage":0,"enemies":"Time Eater","floor":50,"turns":16}],"seed_played":"713035784098018579","potions_obtained":[{"floor":6.0,"key":"Block Potion"},{"floor":10.0,"key":"SteroidPotion"},{"floor":13.0,"key":"Fire Potion"},{"floor":22.0,"key":"Dexterity Potion"},{"floor":28,"key":"SkillPotion"},{"floor":33,"key":"Energy Potion"},{"floor":35,"key":"Strength Potion"}],"is_trial":false,"path_per_floor":["M","?","?","M","$","E","$","R","T","E","?","R","M","E","R","B",null,"M","?","$","?","M","E","R","M","T","R","M","E","?","M","R","B",null,"M","$","?","T","?","R","E","R","T","E","?","R","$","?","R","B",null],"character_chosen":"THE_SILENT","items_purchased":["Predator","Backstab","Noxious Fumes","SteroidPotion"],"campfire_rested":0,"item_purchase_floors":[5,5,7,47],"current_hp_per_floor":[59,59,48,48,48,48,48,48,48,48,48,48,48,39,39,33,58,52,52,52,52,46,43,43,43,43,43,43,41,41,41,41,14,53,52,52,65,65,65,65,63,63,63,63,63,63,63,63,63,63],"gold":64,"neow_bonus":"THREE_ENEMY_KILL","is_daily":false,"chose_seed":false,"campfire_upgraded":10,"win_rate":0.0,"timestamp":1613437069,"path_taken":["M","?","?","M","$","E","$","R","T","E","?","R","M","E","R","BOSS","M","?","$","?","M","E","R","M","T","R","M","E","?","?","R","BOSS","M","$","?","?","?","R","E","R","T","E","?","R","$","?","R","BOSS"],"items_purchased_type":["Card","Card","Card","Potion"],"build_version":"2020-12-22","purchased_purges":3,"victory":true,"max_hp_per_floor":[66,66,66,66,66,66,66,66,66,66,66,66,66,66,66,66,66,66,66,66,66,66,66,66,66,66,66,66,66,66,66,66,66,66,66,66,66,66,66,66,66,66,66,66,66,66,63,63,63,63],"relic_stats":{"Happy Flower":[38],"Gremlin Horn":[3,5],"counters":[19,119],"Astrolabe":["Acrobatics","Glass Knife","Backstab"],"Juzu Bracelet":1,"Art of War":[3],"Boot":[20],"Cursed Key":2,"obtain_stats":[{"Potion Belt":43,"NeowsBlessing":0,"Happy Flower":6,"Gremlin Horn":38,"Astrolabe":17,"Oddly Smooth Stone":10,"Vajra":29,"Omamori":14,"Juzu Bracelet":41,"Bottled Tornado":9,"Boot":26,"Cursed Key":34,"Art of War":44,"Bottled Lightning":23,"FossilizedHelix":19,"Ring of the Snake":0},{"Potion Belt":17,"NeowsBlessing":0,"Happy Flower":3,"Gremlin Horn":16,"Astrolabe":7,"Oddly Smooth Stone":4,"Vajra":13,"Omamori":6,"Juzu Bracelet":17,"Bottled Tornado":3,"Boot":11,"Cursed Key":15,"Art of War":18,"Bottled Lightning":10,"FossilizedHelix":8,"Ring of the Snake":0},{"Potion Belt":97,"NeowsBlessing":0,"Happy Flower":4,"Gremlin Horn":86,"Astrolabe":27,"Oddly Smooth Stone":8,"Vajra":59,"Omamori":16,"Juzu Bracelet":97,"Bottled Tornado":4,"Boot":45,"Cursed Key":80,"Art of War":103,"Bottled Lightning":41,"FossilizedHelix":32,"Ring of the Snake":0}],"Ring of the Snake":[38]},"card_choices":[{"not_picked":["Quick Slash","Concentrate","Prepared"],"picked":"SKIP","floor":1.0},{"not_picked":["Poisoned Stab","Quick Slash"],"picked":"Noxious Fumes","floor":4.0},{"not_picked":["Slice","Infinite Blades"],"picked":"Dash","floor":6.0},{"not_picked":["Finisher","Poisoned Stab","Distraction"],"picked":"SKIP","floor":10.0},{"not_picked":["Bane","Sucker Punch"],"picked":"All Out Attack","floor":13.0},{"not_picked":["Bane","Eviscerate"],"picked":"Malaise","floor":14.0},{"not_picked":["Venomology","Doppelganger"],"picked":"Burst","floor":16.0},{"not_picked":["Prepared","Quick Slash"],"picked":"Well Laid Plans","floor":18.0},{"not_picked":["Backflip","Outmaneuver","Poisoned Stab"],"picked":"SKIP","floor":22.0},{"not_picked":["Backstab","Underhanded Strike"],"picked":"PiercingWail","floor":23.0},{"not_picked":["Quick Slash","Slice"],"picked":"Footwork","floor":25},{"not_picked":["Finisher","Setup+1","Dagger Throw"],"picked":"SKIP","floor":28},{"not_picked":["Underhanded Strike","Calculated Gamble"],"picked":"Bullet Time","floor":29},{"not_picked":["Poisoned Stab+1","Masterful Stab"],"picked":"PiercingWail","floor":31},{"not_picked":["Tools of the Trade","Envenom"],"picked":"A Thousand Cuts","floor":33},{"not_picked":["Deflect","Underhanded Strike","Flying Knee"],"picked":"SKIP","floor":35},{"not_picked":["Dagger Spray+1","Accuracy"],"picked":"Backflip","floor":41},{"not_picked":["Blade Dance+1","Outmaneuver"],"picked":"Terror","floor":44}],"player_experience":642506,"relics_obtained":[{"floor":6.0,"key":"Happy Flower"},{"floor":9.0,"key":"Bottled Tornado"},{"floor":10.0,"key":"Oddly Smooth Stone"},{"floor":14.0,"key":"Omamori"},{"floor":23.0,"key":"Bottled Lightning"},{"floor":26,"key":"Boot"},{"floor":29,"key":"Vajra"},{"floor":38,"key":"Gremlin Horn"},{"floor":41,"key":"Juzu Bracelet"},{"floor":43,"key":"Potion Belt"},{"floor":44,"key":"Art of War"}],"event_choices":[{"damage_healed":0.0,"max_hp_gain":0.0,"max_hp_loss":0.0,"gold_gain":0.0,"event_name":"Living Wall","player_choice":"Grow","floor":2.0,"gold_loss":0.0,"damage_taken":0.0,"cards_upgraded":["Neutralize"]},{"damage_healed":0.0,"max_hp_gain":0.0,"max_hp_loss":0.0,"gold_gain":75.0,"event_name":"betterThird:BetterGoop","player_choice":"Gold","floor":3.0,"gold_loss":0.0,"damage_taken":11.0},{"damage_healed":0.0,"max_hp_gain":0.0,"max_hp_loss":0.0,"gold_gain":0.0,"event_name":"betterThird:BetterSerpent","player_choice":"Ignored","floor":11.0,"gold_loss":0.0,"damage_taken":75.0},{"damage_healed":0.0,"max_hp_gain":0.0,"max_hp_loss":0.0,"gold_gain":0.0,"event_name":"Addict","player_choice":"Obtained Relic","floor":19.0,"gold_loss":85.0,"damage_taken":0.0,"relics_obtained":["FossilizedHelix"]},{"damage_healed":0.0,"max_hp_gain":0.0,"max_hp_loss":0.0,"gold_gain":0.0,"event_name":"The Mausoleum","player_choice":"Ignored","floor":21.0,"gold_loss":0.0,"damage_taken":0.0},{"cards_removed":["Strike_G"],"damage_healed":0,"gold_gain":0,"player_choice":"Upgrade and Remove","damage_taken":0,"max_hp_gain":0,"max_hp_loss":0,"event_name":"Designer","floor":30,"gold_loss":110,"cards_upgraded":["PiercingWail"]},{"damage_healed":13,"gold_gain":0,"player_choice":"Writhe","damage_taken":0,"max_hp_gain":0,"max_hp_loss":0,"event_name":"Winding Halls","floor":37,"gold_loss":0,"cards_obtained":["Writhe"]},{"damage_healed":0,"gold_gain":0,"player_choice":"Ignored","damage_taken":0,"max_hp_gain":0,"max_hp_loss":0,"event_name":"Mysterious Sphere","floor":39,"gold_loss":0},{"damage_healed":0,"gold_gain":0,"player_choice":"Ignored","damage_taken":0,"max_hp_gain":0,"max_hp_loss":0,"event_name":"Tomb of Lord Red Mask","floor":45,"gold_loss":0},{"damage_healed":0,"gold_gain":50,"player_choice":"Pray","damage_taken":0,"max_hp_gain":0,"max_hp_loss":0,"event_name":"Golden Shrine","floor":48,"gold_loss":0}],"is_beta":false,"boss_relics":[{"not_picked":["WristBlade","Ectoplasm"],"picked":"Astrolabe"},{"not_picked":["Empty Cage","SlaversCollar"],"picked":"Cursed Key"}],"items_purged_floors":[20,36,47],"is_endless":false,"potions_floor_spawned":[6,10,13,16,22,28,33,35,41],"ascension_level":15}}