{"host":"0ntunplbxyg40l63","time":1613473523,"event":{"mods":["BaseMod","Colored Powertips","Downfall","Minty Spire (QoL Compilation)","StSLib"],"gold_per_floor":[99,99,99,99,174,193,193,11,11,0,12,24,199,211,228,325,325,325,325],"floor_reached":17,"language":"ENG","playtime":896,"items_purged":[],"score":145,"play_id":"0517a49c-cf1c-414c-895d-9557fc31a6f5","local_time":"20210216110523","is_ascension_mode":false,"campfire_choices":[{"floor":1.0,"key":"RECALL"}],"circlet_count":0,"master_deck":["Slimebound:Strike_Slimebound","Slimebound:Strike_Slimebound","Slimebound:Strike_Slimebound","Slimebound:Tackle","Slimebound:Defend_Slimebound","Slimebound:Defend_Slimebound","Slimebound:Defend_Slimebound","Slimebound:Defend_Slimebound","Slimebound:Split","Slimebound:CorrosiveSpit","Slimebound:Grow","Slimebound:BestDefense","Slimebound:SplitBruiser","Slimebound:SplitLeeching","Slimebound:Schlurp","Slimebound:LeechingTouch","Slimebound:Teamwork","Slimebound:SplitBruiser","Slimebound:SlimeSpikes","Doubt","Slimebound:SplitLeeching","Slimebound:SlimeBarrage","Slimebound:WasteNot"],"relics":["Slimebound:AbsorbEndCombat","downfall:HeartsMalice","WingedGreaves","Membership Card","downfall:ShatteredFragment","Busted Crown"],"acts_visited":["Exordium","TheCity"],"potions_floor_usage":[],"damage_taken":[{"damage":0.0,"enemies":"Cultist","floor":2.0,"turns":1.0},{"damage":0.0,"enemies":"Small Slimes","floor":3.0,"turns":1.0},{"damage":0.0,"enemies":"2 Louse","floor":4.0,"turns":1.0},{"damage":14.0,"enemies":"Blue Slaver","floor":6.0,"turns":4.0},{"damage":0.0,"enemies":"downfall:FleeingMerchant","floor":8.0,"turns":4.0},{"damage":1.0,"enemies":"downfall:FleeingMerchant","floor":10.0,"turns":4.0},{"damage":0.0,"enemies":"2 Fungi Beasts","floor":11.0,"turns":3.0},{"damage":0.0,"enemies":"Large Slime","floor":12.0,"turns":5.0},{"damage":18.0,"enemies":"Gremlin Gang","floor":14.0,"turns":3.0},{"damage":8.0,"enemies":"Red Slaver","floor":15.0,"turns":5.0},{"damage":21.0,"enemies":"SI_SHIV_ARCHETYPE","floor":16.0,"turns":9.0}],"seed_played":"-8593785649250426060","potions_obtained":[{"floor":6.0,"key":"hexamod:SoulburnPotion"},{"floor":11.0,"key":"Ancient Potion"},{"floor":12.0,"key":"PowerPotion"},{"floor":16.0,"key":"PowerPotion"}],"is_trial":false,"path_per_floor":["R","M","M","M","?","M","T","$","?","$","M","M","?","M","M","B",null],"character_chosen":"SLIMEBOUND","items_purchased":["Membership Card","Slimebound:LeechingTouch"],"campfire_rested":0,"item_purchase_floors":[8,8],"current_hp_per_floor":[65,65,65,65,65,55,55,57,39,44,46,48,48,30,24,26,65,65,65],"gold":325,"neow_bonus":"THREE_ENEMY_KILL","is_daily":false,"chose_seed":false,"campfire_upgraded":0,"win_rate":0.0,"timestamp":1613473523,"path_taken":["R","M","M","M","?","M","T","$","?","$","M","M","?","?","M","BOSS"],"items_purchased_type":["Relic","Card"],"build_version":"2020-12-22","purchased_purges":0,"victory":false,"max_hp_per_floor":[65,65,65,65,65,65,65,65,65,65,65,65,65,65,65,65,65,65,65],"card_choices":[{"not_picked":["Slimebound:PressTheAttack","Slimebound:LeechEnergy"],"picked":"Slimebound:Grow","floor":2.0},{"not_picked":["Slimebound:HauntingLick","Slimebound:RejuvenatingLick"],"picked":"Slimebound:BestDefense","floor":3.0},{"not_picked":["Slimebound:SplitMire","Slimebound:RollThrough"],"picked":"Slimebound:SplitBruiser","floor":4.0},{"not_picked":["Slimebound:Schlurp","Slimebound:DisruptingSlam"],"picked":"Slimebound:SplitLeeching","floor":6.0},{"not_picked":["Slimebound:Prepare","Slimebound:SlimeTap"],"picked":"Slimebound:Schlurp","floor":8.0},{"not_picked":["Slimebound:BestDefense","Slimebound:ComboTackle"],"picked":"Slimebound:Teamwork","floor":10.0},{"not_picked":["Slimebound:SamplingLick","Slimebound:RollThrough"],"picked":"Slimebound:SplitBruiser","floor":11.0},{"not_picked":["Slimebound:GoopTackle","Slimebound:ProtectTheBoss"],"picked":"Slimebound:SlimeSpikes","floor":12.0},{"not_picked":["Slimebound:RollThrough","Slimebound:Chomp"],"picked":"Slimebound:SplitLeeching","floor":14.0},{"not_picked":["Slimebound:MassFeed","Slimebound:GoopTackle"],"picked":"Slimebound:SlimeBarrage","floor":15.0},{"not_picked":["Slimebound:MassFeed","Slimebound:RallyTheTroops"],"picked":"Slimebound:WasteNot","floor":16.0}],"player_experience":54700,"relics_obtained":[{"floor":7.0,"key":"WingedGreaves"}],"event_choices":[],"is_beta":false,"boss_relics":[{"not_picked":["Runic Dome","Empty Cage"],"picked":"Busted Crown"}],"items_purged_floors":[],"is_endless":false,"potions_floor_spawned":[6,11,12,14,15,16],"ascension_level":0}}