{"host":"13o02hya6v6rzuva","time":1613502795,"event":{"mods":["BaseMod","Minty Spire (QoL Compilation)","Relic Stats"],"gold_per_floor":[110,110,125,135,135,135,162,162,162,172,182,200,218,238,238,341,341,353,353,353],"floor_reached":19,"language":"ENG","playtime":620,"items_purged":[],"score":277,"play_id":"cee04443-246c-431a-ab6b-42af71422252","local_time":"20210216201315","is_ascension_mode":true,"campfire_choices":[{"data":"Bash","floor":6,"key":"SMITH"},{"data":"Juggernaut","floor":15,"key":"SMITH"}],"circlet_count":0,"master_deck":["AscendersBane","Strike_R","Strike_R","Strike_R","Strike_R","Strike_R","Defend_R","Defend_R","Defend_R","Defend_R","Bash+1","Thunderclap","Ghostly Armor","Juggernaut+1","True Grit","Pommel Strike","Feel No Pain+1","Disarm","Shrug It Off","Feed","Battle Trance"],"relics":["Black Blood","NeowsBlessing","Question Card","Frozen Egg 2","Red Skull"],"acts_visited":["Exordium","TheCity"],"potions_floor_usage":[13,16,19],"damage_taken":[{"damage":0,"enemies":"2 Louse","floor":1,"turns":1},{"damage":0,"enemies":"Cultist","floor":3,"turns":1},{"damage":0,"enemies":"Jaw Worm","floor":4,"turns":1},{"damage":66,"enemies":"Lagavulin","floor":7,"turns":8},{"damage":4,"enemies":"Red Slaver","floor":10,"turns":5},{"damage":13,"enemies":"Blue Slaver","floor":11,"turns":2},{"damage":2,"enemies":"Looter","floor":12,"turns":3},{"damage":4,"enemies":"Red Slaver","floor":13,"turns":3},{"damage":7,"enemies":"3 Louse","floor":14,"turns":4},{"damage":14,"enemies":"The Guardian","floor":16,"turns":12},{"damage":26,"enemies":"3 Byrds","floor":18,"turns":5},{"damage":89,"enemies":"Masked Bandits","floor":19,"turns":5}],"seed_played":"2381558173914287387","potions_obtained":[{"floor":11,"key":"SkillPotion"},{"floor":12,"key":"AttackPotion"},{"floor":13,"key":"FairyPotion"},{"floor":14,"key":"DistilledChaos"},{"floor":16,"key":"DuplicationPotion"}],"is_trial":false,"path_per_floor":["M","?","M","M","$","R","E","?","T","M","M","M","M","M","R","B",null,"M","?"],"character_chosen":"IRONCLAD","items_purchased":[],"campfire_rested":0,"item_purchase_floors":[],"current_hp_per_floor":[78,80,80,80,80,80,20,20,20,22,15,19,21,20,20,12,63,49,0,0],"gold":353,"neow_bonus":"THREE_ENEMY_KILL","is_daily":false,"chose_seed":false,"campfire_upgraded":2,"win_rate":0.0,"timestamp":1613502795,"path_taken":["M","?","?","M","$","R","E","?","T","M","?","M","M","M","R","BOSS","M","?"],"items_purchased_type":[],"build_version":"2020-12-22","purchased_purges":0,"victory":false,"max_hp_per_floor":[80,80,80,80,80,80,80,80,80,80,80,80,80,80,80,80,80,80,83,83],"relic_stats":{"counters":[12,50],"Black Blood":60,"Question Card":7,"obtain_stats":[{"NeowsBlessing":0,"Black Blood":17,"Frozen Egg 2":8,"Question Card":7,"Burning Blood":0,"Red Skull":9},{"NeowsBlessing":0,"Black Blood":10,"Frozen Egg 2":4,"Question Card":4,"Burning Blood":0,"Red Skull":4},{"NeowsBlessing":0,"Black Blood":40,"Frozen Egg 2":11,"Question Card":11,"Burning Blood":0,"Red Skull":11}]},"card_choices":[{"not_picked":["Clash","Power Through"],"picked":"Iron Wave","floor":1},{"not_picked":["Seeing Red","Armaments"],"picked":"Thunderclap","floor":3},{"not_picked":["Heavy Blade","Anger"],"picked":"Ghostly Armor","floor":4},{"not_picked":["Uppercut","Flame Barrier"],"picked":"Juggernaut","floor":7},{"not_picked":["Sword Boomerang","Rupture+1","Pommel Strike"],"picked":"True Grit","floor":10},{"not_picked":["Infernal Blade","Intimidate","Perfected Strike"],"picked":"Pommel Strike","floor":11},{"not_picked":["Perfected Strike","Flex","Searing Blow"],"picked":"Feel No Pain+1","floor":12},{"not_picked":["Flex","Perfected Strike","Intimidate"],"picked":"Disarm","floor":13},{"not_picked":["Body Slam","Perfected Strike","Havoc"],"picked":"Shrug It Off","floor":14},{"not_picked":["Limit Break","Demon Form+1","Double Tap"],"picked":"Feed","floor":16},{"not_picked":["Whirlwind","Flex","Clash"],"picked":"Battle Trance","floor":18}],"player_experience":1226114,"relics_obtained":[{"floor":7,"key":"Question Card"},{"floor":9,"key":"Red Skull"}],"event_choices":[{"damage_healed":2,"gold_gain":0,"player_choice":"Full Heal","damage_taken":0,"max_hp_gain":0,"max_hp_loss":0,"event_name":"Wheel of Change","floor":2,"gold_loss":0},{"cards_removed":["Iron Wave"],"damage_healed":0,"gold_gain":0,"player_choice":"Gave Card","damage_taken":0,"relics_obtained":["Frozen Egg 2"],"max_hp_gain":0,"max_hp_loss":0,"event_name":"WeMeetAgain","floor":8,"gold_loss":0},{"damage_healed":0,"gold_gain":0,"player_choice":"Fought Bandits","damage_taken":0,"max_hp_gain":0,"max_hp_loss":0,"event_name":"Masked Bandits","floor":19,"gold_loss":0}],"is_beta":false,"boss_relics":[{"not_picked":["Black Star","Velvet Choker"],"picked":"Black Blood"}],"items_purged_floors":[],"is_endless":false,"potions_floor_spawned":[11,12,13,14,16],"killed_by":"Masked Bandits","ascension_level":12}}