{"host":"6406jj8da6015sxr","time":1613467620,"event":{"mods":["AchievementEnabler","BaseMod","Colored Map","DeckTracker","Keyboard Shortcuts","Minty Spire (QoL Compilation)","Permanent Neow","Relic Stats","SuperFastMode","everything is the same but u backflip on backflip"],"gold_per_floor":[119,136,147,30,47,47,78,98,98,98,110,128,0,14,14,109,109,120,80,9,27,41,70,70,17,40,70,70,70],"floor_reached":28,"language":"KOR","playtime":1153,"items_purged":[],"score":262,"play_id":"ccf38097-3e2d-4770-a500-d10211761668","local_time":"20210216182700","is_ascension_mode":false,"campfire_choices":[{"data":"Zap","floor":6.0,"key":"SMITH"},{"data":"Beam Cell","floor":10,"key":"SMITH"},{"floor":15,"key":"REST"},{"floor":24,"key":"REST"}],"circlet_count":0,"master_deck":["Strike_B","Strike_B","Strike_B","Strike_B","Defend_B","Defend_B","Defend_B","Defend_B","Zap+1","Dualcast","Gash","Loop","Turbo","Conserve Battery","Sweeping Beam+1","Steam","BootSequence","White Noise+1","Beam Cell+1","Gash","Redo","Storm","Gash","Conserve Battery","Hyperbeam","Rebound","Loop","Compile Driver","Compile Driver","Cold Snap+1","Conserve Battery","Defragment"],"relics":["Cracked Core","Omamori","Lizard Tail","Black Star","Bird Faced Urn","Calipers","Vajra","Potion Belt","Smiling Mask"],"acts_visited":["Exordium","TheCity"],"potions_floor_usage":[16,16,23,23,23,27,28],"damage_taken":[{"damage":0.0,"enemies":"Cultist","floor":1.0,"turns":3.0},{"damage":2.0,"enemies":"Small Slimes","floor":2.0,"turns":4.0},{"damage":6.0,"enemies":"Jaw Worm","floor":3.0,"turns":3.0},{"damage":6.0,"enemies":"3 Louse","floor":5.0,"turns":3.0},{"damage":15.0,"enemies":"Lagavulin","floor":7.0,"turns":7.0},{"damage":8,"enemies":"Large Slime","floor":8,"turns":6},{"damage":0,"enemies":"2 Fungi Beasts","floor":11,"turns":2},{"damage":4,"enemies":"Exordium Thugs","floor":12,"turns":4},{"damage":1,"enemies":"Lots of Slimes","floor":14,"turns":3},{"damage":53,"enemies":"Hexaghost","floor":16,"turns":11},{"damage":15,"enemies":"Spheric Guardian","floor":18,"turns":4},{"damage":0,"enemies":"Chosen","floor":21,"turns":4},{"damage":42,"enemies":"3 Cultists","floor":22,"turns":5},{"damage":19,"enemies":"Slavers","floor":23,"turns":4},{"damage":34,"enemies":"Book of Stabbing","floor":27,"turns":6},{"damage":20,"enemies":"Centurion and Healer","floor":28,"turns":8}],"seed_played":"-2322231545724350461","potions_obtained":[{"floor":1.0,"key":"AttackPotion"},{"floor":5.0,"key":"Energy Potion"},{"floor":7,"key":"EntropicBrew"},{"floor":12,"key":"Dexterity Potion"},{"floor":18,"key":"DuplicationPotion"},{"floor":23,"key":"Weak Potion"},{"floor":27,"key":"SpeedPotion"}],"is_trial":false,"path_per_floor":["M","M","M","$","M","R","E","M","T","R","M","M","$","M","R","B",null,"M","?","$","M","M","E","R","$","T","E","M"],"character_chosen":"DEFECT","items_purchased":["Conserve Battery","Sweeping Beam","Steam","Storm","Gash","Loop","Conserve Battery"],"campfire_rested":2,"item_purchase_floors":[4,4,4,13,13,20,25],"current_hp_per_floor":[68,66,60,60,54,54,39,31,31,31,31,27,27,26,52,44,89,74,74,74,74,32,13,39,39,39,9,0,0],"gold":70,"neow_bonus":"TWENTY_PERCENT_HP_BONUS","is_daily":false,"chose_seed":false,"campfire_upgraded":2,"win_rate":0.0,"timestamp":1613467620,"path_taken":["M","M","M","?","M","R","E","M","T","R","M","M","$","M","R","BOSS","M","?","$","M","M","E","R","?","T","E","M"],"items_purchased_type":["Card","Card","Card","Card","Card","Card","Card"],"build_version":"2020-12-22","purchased_purges":0,"victory":false,"max_hp_per_floor":[89,89,89,89,89,89,89,89,89,89,89,89,89,89,89,89,89,89,89,89,89,89,89,89,89,89,89,89,89],"relic_stats":{"Lizard Tail":44,"counters":[16,77],"Bird Faced Urn":[14],"Black Star":2,"Smiling Mask":0,"obtain_stats":[{"Potion Belt":27,"Lizard Tail":9,"Calipers":23,"Bird Faced Urn":23,"Vajra":26,"Omamori":7,"Black Star":17,"Cracked Core":0,"Smiling Mask":27},{"Potion Belt":15,"Lizard Tail":6,"Calipers":14,"Bird Faced Urn":14,"Vajra":14,"Omamori":5,"Black Star":10,"Cracked Core":0,"Smiling Mask":15},{"Potion Belt":69,"Lizard Tail":26,"Calipers":63,"Bird Faced Urn":63,"Vajra":63,"Omamori":20,"Black Star":46,"Cracked Core":0,"Smiling Mask":69}]},"card_choices":[{"not_picked":["Static Discharge","Sweeping Beam"],"picked":"Gash","floor":1.0},{"not_picked":["Cold Snap","Static Discharge"],"picked":"Loop","floor":2.0},{"not_picked":["Steam","Barrage"],"picked":"Turbo","floor":3.0},{"not_picked":["Compile Driver","Reinforced Body"],"picked":"BootSequence","floor":5.0},{"not_picked":["Multi-Cast","Redo"],"picked":"White Noise","floor":7},{"not_picked":["BootSequence","Cold Snap"],"picked":"Beam Cell","floor":8},{"not_picked":["Fusion","Reinforced Body"],"picked":"Gash","floor":11},{"not_picked":["Reprogram","Barrage"],"picked":"Redo","floor":12},{"not_picked":["Beam Cell","Cold Snap"],"picked":"Conserve Battery","floor":14},{"not_picked":["Fission","All For One"],"picked":"Hyperbeam","floor":16},{"not_picked":["Beam Cell+1","Steam"],"picked":"Rebound","floor":18},{"not_picked":["Streamline","Ball Lightning"],"picked":"Compile Driver","floor":21},{"not_picked":["Melter+1","Coolheaded"],"picked":"Compile Driver","floor":22},{"not_picked":["Gash","Turbo"],"picked":"Cold Snap+1","floor":23},{"not_picked":["Steam","Beam Cell"],"picked":"Defragment","floor":27}],"player_experience":16087,"relics_obtained":[{"floor":7,"key":"Omamori"},{"floor":9,"key":"Lizard Tail"},{"floor":23,"key":"Bird Faced Urn"},{"floor":23,"key":"Calipers"},{"floor":26,"key":"Vajra"},{"floor":27,"key":"Potion Belt"},{"floor":27,"key":"Smiling Mask"}],"event_choices":[{"damage_healed":0,"gold_gain":0,"player_choice":"Upgraded Two","damage_taken":0,"max_hp_gain":0,"max_hp_loss":0,"event_name":"Designer","floor":19,"gold_loss":40,"cards_upgraded":["Sweeping Beam","White Noise"]}],"is_beta":false,"boss_relics":[{"not_picked":["Calling Bell","Snecko Eye"],"picked":"Black Star"}],"items_purged_floors":[],"is_endless":false,"potions_floor_spawned":[1,5,7,12,18,23,27],"killed_by":"Centurion and Healer","ascension_level":0}}