{"host":"2uq4yl5bzsf2ox6r","time":1613509017,"event":{"mods":["BaseMod","Downfall","Highlight Path","Minty Spire (QoL Compilation)","Relic Stats","StSLib"],"gold_per_floor":[99,99,119,294,309,324,324,337,337,365,365,395,395,422,433,532,532,532,549,549,549,549,578,578,596,596,596,596],"floor_reached":26,"language":"ENG","playtime":1795,"items_purged":[],"score":348,"play_id":"8ac5adc2-ad7b-4934-9410-7c65f90f6531","local_time":"20210216155657","is_ascension_mode":true,"campfire_choices":[{"data":"Slimebound:Split","floor":1,"key":"SMITH"},{"data":"Slimebound:SlimeSpikes","floor":9,"key":"SMITH"},{"data":"Slimebound:MegaLick","floor":11,"key":"SMITH"},{"data":"Slimebound:GoopSpray","floor":18,"key":"SMITH"}],"circlet_count":0,"master_deck":["Slimebound:Tackle","Slimebound:Defend_Slimebound+1","Slimebound:Defend_Slimebound","Slimebound:Defend_Slimebound","Slimebound:Defend_Slimebound","Slimebound:Split+1","Slimebound:CorrosiveSpit","Slimebound:SlimeSpikes+1","Doubt","Slimebound:MegaLick+1","Slimebound:GoopSpray+1","Slimebound:HauntingLick","Slimebound:SplitMire+1","Slimebound:Gluttony","downfall:Malfunctioning","Slimebound:LivingWall","Slimebound:HauntingLick","Slimebound:TagTeam","Slimebound:SlimeBrawl","Necronomicurse","Pride","Bite","Bite","Bite","Bite","Bite","Slimebound:LivingWall+1"],"relics":["Slimebound:AbsorbEndCombat","Dream Catcher","StrikeDummy","Art of War","Ancient Tea Set","Strawberry","SlaversCollar","Necronomicon","Gambling Chip","Meat on the Bone","Smiling Mask"],"acts_visited":["Exordium","TheCity"],"potions_floor_usage":[10,15,16,25,26],"damage_taken":[{"damage":7,"enemies":"2 Louse","floor":3,"turns":5},{"damage":5,"enemies":"Jaw Worm","floor":5,"turns":6},{"damage":9,"enemies":"Small Slimes","floor":6,"turns":3},{"damage":8,"enemies":"Exordium Wildlife","floor":8,"turns":6},{"damage":12,"enemies":"Gremlin Nob","floor":10,"turns":4},{"damage":17,"enemies":"3 Sentries","floor":12,"turns":7},{"damage":0,"enemies":"Lagavulin","floor":14,"turns":9},{"damage":2,"enemies":"Lots of Slimes","floor":15,"turns":3},{"damage":30,"enemies":"WA_ARCHETYPE_RETAIN","floor":16,"turns":7},{"damage":6,"enemies":"Shell Parasite","floor":19,"turns":5},{"damage":33,"enemies":"Book of Stabbing","floor":23,"turns":5},{"damage":7,"enemies":"3 Byrds","floor":25,"turns":4},{"damage":59,"enemies":"Gremlin Leader","floor":26,"turns":9}],"seed_played":"-6182631029666564167","potions_obtained":[{"floor":6,"key":"Slimebound:SpawnSlimePotion"},{"floor":10,"key":"Explosive Potion"},{"floor":14,"key":"Fire Potion"},{"floor":23,"key":"Explosive Potion"},{"floor":25,"key":"Fire Potion"}],"is_trial":false,"path_per_floor":["R","?","M","?","M","M","T","M","R","E","R","E","?","E","M","B",null,"R","M","?","?","?","E","T","M","E"],"character_chosen":"SLIMEBOUND","items_purchased":[],"campfire_rested":0,"item_purchase_floors":[],"current_hp_per_floor":[65,65,60,60,61,58,58,54,54,48,48,37,37,46,48,26,72,72,68,52,52,50,22,22,33,0,0,0],"gold":596,"neow_bonus":"RANDOM_COMMON_RELIC","is_daily":false,"chose_seed":false,"campfire_upgraded":4,"win_rate":0.0,"timestamp":1613509017,"path_taken":["R","?","M","?","M","M","T","M","R","E","R","E","?","E","M","BOSS","R","M","?","?","?","E","T","M","E"],"items_purchased_type":[],"build_version":"2020-12-22","purchased_purges":0,"victory":false,"max_hp_per_floor":[65,65,65,65,65,65,65,65,65,65,65,65,65,72,72,72,72,72,72,72,72,50,50,50,50,50,50,50],"relic_stats":{"Dream Catcher":0,"counters":[13,70],"Gambling Chip":[5],"Art of War":[19],"Necronomicon":[3],"Smiling Mask":0,"obtain_stats":[{"SlaversCollar":17,"Dream Catcher":0,"Strawberry":14,"Gambling Chip":21,"Slimebound:AbsorbEndCombat":0,"Art of War":10,"Necronomicon":20,"StrikeDummy":7,"Ancient Tea Set":12,"Smiling Mask":24,"Meat on the Bone":23},{"SlaversCollar":9,"Dream Catcher":0,"Strawberry":7,"Gambling Chip":10,"Slimebound:AbsorbEndCombat":0,"Art of War":5,"Necronomicon":10,"StrikeDummy":3,"Ancient Tea Set":6,"Smiling Mask":11,"Meat on the Bone":11},{"SlaversCollar":48,"Dream Catcher":0,"Strawberry":39,"Gambling Chip":53,"Slimebound:AbsorbEndCombat":0,"Art of War":24,"Necronomicon":53,"StrikeDummy":14,"Ancient Tea Set":31,"Smiling Mask":57,"Meat on the Bone":57}],"Meat on the Bone":0},"card_choices":[{"not_picked":["Slimebound:ItLooksTasty","Slimebound:LeechingTouch"],"picked":"Slimebound:SlimeSpikes","floor":3},{"not_picked":["Slimebound:GoopTackle","Slimebound:HauntingLick"],"picked":"Slimebound:MegaLick","floor":5},{"not_picked":["Slimebound:Dissolve","Slimebound:SlimeBarrage"],"picked":"Slimebound:GoopSpray","floor":6},{"not_picked":["Slimebound:FormOfPuddle","Slimebound:ProtectTheBoss"],"picked":"Slimebound:HauntingLick","floor":8},{"not_picked":["Slimebound:GoopTackle","Slimebound:Repurpose"],"picked":"Slimebound:SplitMire","floor":10},{"not_picked":["Slimebound:FormOfPuddle","Slimebound:SamplingLick"],"picked":"Slimebound:Gluttony","floor":12},{"not_picked":["Slimebound:ItLooksTasty","Slimebound:SlimeTap"],"picked":"Slimebound:LivingWall","floor":14},{"not_picked":["Slimebound:ViciousTackle","Slimebound:FormOfPuddle"],"picked":"Slimebound:HauntingLick","floor":15},{"not_picked":["Slimebound:Darklings","Slimebound:CheckThePlaybook"],"picked":"Slimebound:TagTeam","floor":16},{"not_picked":["Slimebound:RollThrough","Slimebound:SplitBruiser"],"picked":"Slimebound:SlimeBrawl","floor":19},{"not_picked":["Slimebound:HauntingLick","Slimebound:Prepare","Slimebound:DouseInSlime"],"picked":"SKIP","floor":23},{"not_picked":["Slimebound:SamplingLick","Slimebound:AcidTongue"],"picked":"Slimebound:LivingWall+1","floor":25}],"player_experience":198698,"relics_obtained":[{"floor":7,"key":"StrikeDummy"},{"floor":10,"key":"Art of War"},{"floor":12,"key":"Ancient Tea Set"},{"floor":14,"key":"Strawberry"},{"floor":20,"key":"Necronomicon"},{"floor":23,"key":"Meat on the Bone"},{"floor":24,"key":"Smiling Mask"}],"event_choices":[{"cards_removed":["Slimebound:Strike_Slimebound"],"damage_healed":0,"gold_gain":0,"player_choice":"Card Removal","damage_taken":0,"max_hp_gain":0,"max_hp_loss":0,"event_name":"The Cleric","floor":2,"gold_loss":0},{"damage_healed":0,"gold_gain":0,"player_choice":"Stole Relic","damage_taken":0,"relics_obtained":["Gambling Chip"],"max_hp_gain":0,"max_hp_loss":0,"event_name":"Addict","floor":21,"gold_loss":0,"cards_obtained":["Pride"]},{"damage_healed":0,"gold_gain":0,"player_choice":"Became a vampire","damage_taken":0,"max_hp_gain":0,"max_hp_loss":22,"event_name":"Vampires","floor":22,"gold_loss":0,"cards_obtained":["Bite","Bite","Bite","Bite","Bite"]}],"is_beta":false,"boss_relics":[{"not_picked":["Runic Dome","Sozu"],"picked":"SlaversCollar"}],"items_purged_floors":[],"is_endless":false,"potions_floor_spawned":[6,10,14,23,25],"killed_by":"Gremlin Leader","ascension_level":4}}