{"host":"3hzk4hwwdropes3d","time":1613458177,"event":{"mods":["BaseMod","Downfall","Hermit","Minty Spire (QoL Compilation)","StSLib"],"gold_per_floor":[114,114,131,306,306,337,353,373,373,373,373,36,50,125,125,230,230,241,266,279,34,50,76,76,102,102,102,131,131,162,40,40,137,137,153,153,177,399,35,61,61,86,167,177,177,177],"floor_reached":45,"language":"ENG","playtime":1868,"items_purged":["Defend_P","Strike_P","Strike_P"],"score":775,"play_id":"f18b2628-7c5c-4bc1-99c5-39f0900fc8a4","local_time":"20210215224937","is_ascension_mode":true,"campfire_choices":[{"data":"Halt","floor":10,"key":"SMITH"},{"floor":15,"key":"REST"},{"data":"Tantrum","floor":24,"key":"SMITH"},{"floor":27,"key":"REST"},{"data":"Halt","floor":32,"key":"SMITH"},{"data":"EmptyMind","floor":41,"key":"SMITH"}],"circlet_count":0,"master_deck":["Strike_P","Defend_P+1","Defend_P","Defend_P","Eruption+1","Vigilance","CrushJoints","EmptyFist","Halt+1","Halt+1","Tantrum+1","EmptyMind+1","CutThroughFate+1","FollowUp+1","DevaForm","SashWhip+1","EmptyMind","FlurryOfBlows+1","CrushJoints+1","Evaluate","BowlingBash+1","Consecrate+1","Vault","Ragnarok+1","CutThroughFate+1","EmptyBody+1","Meditate+1"],"relics":["HolyWater","NeowsBlessing","Happy Flower","Tiny Chest","The Courier","Molten Egg 2","Oddly Smooth Stone","Pen Nib","Pantograph","Mummified Hand","Slimebound:PreparedRelic","Red Mask","Darkstone Periapt","bronze:DonusWashers","Philosopher\u0027s Stone","Toxic Egg 2","Bronze Scales","Mercury Hourglass","Frozen Egg 2"],"acts_visited":["Exordium","TheCity","TheBeyond"],"potions_floor_usage":[16,22,33,40,40,40,45],"damage_taken":[{"damage":0,"enemies":"Cultist","floor":1,"turns":1},{"damage":0,"enemies":"Small Slimes","floor":3,"turns":2},{"damage":0,"enemies":"Gremlin Nob","floor":6,"turns":1},{"damage":4,"enemies":"Jaw Worm","floor":7,"turns":3},{"damage":11,"enemies":"Looter","floor":8,"turns":2},{"damage":0,"enemies":"Blue Slaver","floor":13,"turns":2},{"damage":0,"enemies":"Slime Boss","floor":16,"turns":4},{"damage":0,"enemies":"Spheric Guardian","floor":18,"turns":2},{"damage":0,"enemies":"2 Thieves","floor":20,"turns":2},{"damage":7,"enemies":"Snake Plant","floor":22,"turns":2},{"damage":13,"enemies":"Book of Stabbing","floor":23,"turns":4},{"damage":36,"enemies":"Slavers","floor":25,"turns":3},{"damage":0,"enemies":"Masked Bandits","floor":28,"turns":2},{"damage":12,"enemies":"Book of Stabbing","floor":30,"turns":3},{"damage":27,"enemies":"Collector","floor":33,"turns":5},{"damage":6,"enemies":"3 Darklings","floor":35,"turns":3},{"damage":15,"enemies":"Giant Head","floor":40,"turns":4},{"damage":0,"enemies":"Reptomancer","floor":42,"turns":3},{"damage":24,"enemies":"3 Shapes","floor":44,"turns":2},{"damage":31,"enemies":"Nemesis","floor":45,"turns":2}],"seed_played":"-5486318617172131749","potions_obtained":[{"floor":1,"key":"SpeedPotion"},{"floor":7,"key":"ColorlessPotion"},{"floor":20,"key":"Block Potion"},{"floor":28,"key":"PowerPotion"},{"floor":33,"key":"PowerPotion"},{"floor":35,"key":"PowerPotion"},{"floor":44,"key":"SkillPotion"}],"is_trial":false,"path_per_floor":["M","?","M","?","?","E","M","M","T","R","T","$","M","?","R","B",null,"M","T","M","$","M","E","R","E","T","R","?","?","E","$","R","B",null,"M","?","T","?","$","E","R","E","T","M","E"],"character_chosen":"WATCHER","items_purchased":["Molten Egg 2","EmptyMind","CutThroughFate+1","Pen Nib","FlurryOfBlows+1","bronze:DonusWashers","Swift Potion","CutThroughFate+1","Toxic Egg 2"],"campfire_rested":2,"item_purchase_floors":[12,12,12,21,21,31,39,39,39],"current_hp_per_floor":[72,58,58,58,51,51,47,36,36,36,36,36,36,25,46,46,72,72,72,72,72,65,52,52,16,16,37,37,61,49,49,49,45,72,66,66,66,66,66,51,51,51,51,27,0,0],"gold":177,"neow_bonus":"THREE_ENEMY_KILL","is_daily":false,"chose_seed":false,"campfire_upgraded":4,"win_rate":0.0,"timestamp":1613458177,"path_taken":["M","?","M","?","?","E","M","M","T","R","?","$","?","?","R","BOSS","M","?","M","$","M","E","R","E","T","R","?","?","E","$","R","BOSS","M","?","?","?","?","E","R","E","T","?","E"],"items_purchased_type":["Relic","Card","Card","Relic","Card","Relic","Potion","Card","Relic"],"build_version":"2020-12-22","purchased_purges":3,"victory":false,"max_hp_per_floor":[72,72,72,72,72,72,72,72,72,72,72,72,72,72,72,72,72,72,72,72,72,72,72,72,72,72,72,72,72,72,72,72,72,72,72,72,72,72,72,72,72,72,72,72,72,72],"card_choices":[{"not_picked":["ForeignInfluence","JustLucky"],"picked":"CrushJoints","floor":1},{"not_picked":["Indignation","WaveOfTheHand"],"picked":"EmptyFist","floor":3},{"not_picked":["EmptyBody","Fasting2"],"picked":"Halt","floor":6},{"not_picked":["Crescendo","BowlingBash"],"picked":"Halt","floor":7},{"not_picked":["MentalFortress","EmptyBody"],"picked":"Tantrum","floor":8},{"not_picked":["PathToVictory","Halt"],"picked":"FollowUp+1","floor":13},{"not_picked":["Omniscience","SpiritShield"],"picked":"DevaForm","floor":16},{"not_picked":["ForeignInfluence","Prostrate"],"picked":"SashWhip+1","floor":18},{"not_picked":["FollowUp+1","Indignation"],"picked":"EmptyMind","floor":20},{"not_picked":["Consecrate+1","Weave+1"],"picked":"CrushJoints+1","floor":22},{"not_picked":["BowlingBash+1","CrushJoints+1"],"picked":"Evaluate","floor":23},{"not_picked":["Consecrate+1","SashWhip+1"],"picked":"BowlingBash+1","floor":25},{"not_picked":["PathToVictory","Crescendo"],"picked":"Consecrate+1","floor":28},{"not_picked":["WindmillStrike+1","PathToVictory"],"picked":"Vault","floor":30},{"not_picked":["MasterReality","Alpha"],"picked":"Ragnarok+1","floor":33},{"not_picked":["Crescendo","FollowUp+1","DeceiveReality+1"],"picked":"SKIP","floor":35},{"not_picked":["Consecrate+1","Evaluate+1"],"picked":"EmptyBody+1","floor":40},{"not_picked":["CrushJoints+1","Evaluate+1","FlyingSleeves+1"],"picked":"SKIP","floor":42},{"not_picked":["ClearTheMind+1","LessonLearned+1"],"picked":"Meditate+1","floor":44}],"player_experience":420432,"relics_obtained":[{"floor":6,"key":"Happy Flower"},{"floor":9,"key":"Tiny Chest"},{"floor":11,"key":"The Courier"},{"floor":19,"key":"Oddly Smooth Stone"},{"floor":23,"key":"Pantograph"},{"floor":25,"key":"Mummified Hand"},{"floor":26,"key":"Slimebound:PreparedRelic"},{"floor":28,"key":"Red Mask"},{"floor":30,"key":"Darkstone Periapt"},{"floor":40,"key":"Bronze Scales"},{"floor":42,"key":"Mercury Hourglass"},{"floor":43,"key":"Frozen Egg 2"}],"event_choices":[{"damage_healed":0,"gold_gain":0,"player_choice":"Entered Light","damage_taken":14,"max_hp_gain":0,"max_hp_loss":0,"event_name":"Shining Light","floor":2,"gold_loss":0,"cards_upgraded":["Defend_P","Eruption"]},{"damage_healed":0,"gold_gain":175,"player_choice":"AGREE","damage_taken":0,"max_hp_gain":0,"max_hp_loss":0,"event_name":"Liars Game","floor":4,"gold_loss":0,"cards_obtained":["Doubt"]},{"cards_removed":["Doubt"],"damage_healed":0,"gold_gain":0,"player_choice":"Card Removal","damage_taken":7,"max_hp_gain":0,"max_hp_loss":0,"event_name":"Golden Wing","floor":5,"gold_loss":0},{"damage_healed":0,"gold_gain":75,"player_choice":"Gather Gold","damage_taken":11,"max_hp_gain":0,"max_hp_loss":0,"event_name":"World of Goop","floor":14,"gold_loss":0},{"damage_healed":0,"gold_gain":0,"player_choice":"Fought Bandits","damage_taken":0,"max_hp_gain":0,"max_hp_loss":0,"event_name":"Masked Bandits","floor":28,"gold_loss":0},{"damage_healed":24,"gold_gain":0,"player_choice":"Heal","damage_taken":0,"max_hp_gain":0,"max_hp_loss":0,"event_name":"The Library","floor":29,"gold_loss":0},{"cards_removed":["Strike_P"],"damage_healed":0,"gold_gain":0,"player_choice":"Offered Basic","damage_taken":0,"max_hp_gain":0,"max_hp_loss":0,"event_name":"Bonfire Elementals","floor":36,"gold_loss":0},{"damage_healed":0,"gold_gain":222,"player_choice":"Wore Mask","damage_taken":0,"max_hp_gain":0,"max_hp_loss":0,"event_name":"Tomb of Lord Red Mask","floor":38,"gold_loss":0}],"is_beta":false,"boss_relics":[{"not_picked":["SacredBark","expansioncontent:StudyCardRelic"],"picked":"HolyWater"},{"not_picked":["bronze:MakeshiftBattery","Empty Cage"],"picked":"Philosopher\u0027s Stone"}],"items_purged_floors":[12,21,39],"is_endless":false,"potions_floor_spawned":[1,7,18,20,28,33,35,44],"killed_by":"Nemesis","ascension_level":4}}