{"host":"pjs3onqg3oojtp5b","time":1613482268,"event":{"mods":["2.2 Compatiblity","AchievementEnabler","Act Like it!","BaseMod","Better Match","Better Third Choice","Colored Powertips","DeckTracker","Highlight Path","Minty Spire (QoL Compilation)","StSLib"],"gold_per_floor":[119,14,89,102,113,139,139,156,156,184,197,217,251,309,309,405,405,392,409,409,421,421],"floor_reached":21,"language":"ENG","playtime":1894,"items_purged":[],"score":281,"play_id":"5f8e0198-5f74-4d7e-8235-1bd7665e1fdc","local_time":"20210216143108","is_ascension_mode":true,"campfire_choices":[{"data":"Uppercut","floor":7.0,"key":"SMITH"},{"floor":15.0,"key":"REST"}],"circlet_count":0,"master_deck":["Strike_R","Strike_R","Strike_R","Strike_R","Strike_R","Defend_R+1","Defend_R","Defend_R","Defend_R","Bash","Pommel Strike","Iron Wave","Shrug It Off","Uppercut+1","Iron Wave","Shrug It Off","Wild Strike","Ghostly Armor+1","Fire Breathing","Fiend Fire","Twin Strike","Twin Strike"],"relics":["Burning Blood","InkBottle","HornCleat","Mummified Hand","Vajra","War Paint","Black Star","MawBank"],"acts_visited":["Exordium","TheCity"],"potions_floor_usage":[],"damage_taken":[{"damage":6.0,"enemies":"2 Louse","floor":1.0,"turns":3.0},{"damage":2.0,"enemies":"Jaw Worm","floor":4.0,"turns":4.0},{"damage":0.0,"enemies":"Small Slimes","floor":5.0,"turns":3.0},{"damage":32.0,"enemies":"3 Sentries","floor":6.0,"turns":12.0},{"damage":7.0,"enemies":"Blue Slaver","floor":8.0,"turns":4.0},{"damage":16.0,"enemies":"Gremlin Nob","floor":10.0,"turns":5.0},{"damage":6.0,"enemies":"Red Slaver","floor":11.0,"turns":5.0},{"damage":10.0,"enemies":"Large Slime","floor":12.0,"turns":6.0},{"damage":15.0,"enemies":"3 Sentries","floor":13.0,"turns":11.0},{"damage":20.0,"enemies":"Lagavulin Event","floor":14.0,"turns":5.0},{"damage":9.0,"enemies":"Slime Boss","floor":16.0,"turns":8.0},{"damage":6.0,"enemies":"2 Thieves","floor":18.0,"turns":4.0},{"damage":24,"enemies":"Shell Parasite","floor":19,"turns":10},{"damage":51,"enemies":"Sentry and Sphere","floor":21,"turns":6}],"seed_played":"-1876440339097653758","potions_obtained":[{"floor":4.0,"key":"Fire Potion"},{"floor":14.0,"key":"Strength Potion"},{"floor":16.0,"key":"Energy Potion"},{"floor":18.0,"key":"LiquidMemories"}],"is_trial":false,"path_per_floor":["M","$","?","M","M","E","R","M","T","E","M","M","E","?","R","B",null,"M","M","?","M"],"character_chosen":"IRONCLAD","items_purchased":["Shrug It Off","Uppercut"],"campfire_rested":1,"item_purchase_floors":[2,2],"current_hp_per_floor":[72,72,61,65,71,45,45,44,44,34,34,30,21,7,31,28,67,67,49,49,0,0],"gold":421,"neow_bonus":"THREE_CARDS","is_daily":false,"chose_seed":false,"campfire_upgraded":1,"win_rate":0.0,"timestamp":1613482268,"path_taken":["M","$","?","M","M","E","R","M","T","E","M","M","E","?","R","BOSS","M","M","?","M"],"items_purchased_type":["Card","Card"],"build_version":"2020-12-22","purchased_purges":0,"victory":false,"max_hp_per_floor":[80,80,80,80,80,80,80,80,80,80,80,80,80,80,80,80,80,80,80,80,80,80],"card_choices":[{"not_picked":["Entrench","Searing Blow"],"picked":"Pommel Strike","floor":0.0},{"not_picked":["Power Through","Sever Soul"],"picked":"Iron Wave","floor":1.0},{"not_picked":["Battle Trance","True Grit"],"picked":"Iron Wave","floor":4.0},{"not_picked":["Sword Boomerang","Battle Trance","Anger"],"picked":"SKIP","floor":5.0},{"not_picked":["Iron Wave","Sentinel","Uppercut"],"picked":"SKIP","floor":6.0},{"not_picked":["Spot Weakness","Double Tap"],"picked":"Shrug It Off","floor":8.0},{"not_picked":["Burning Pact","Sword Boomerang"],"picked":"Wild Strike","floor":10.0},{"not_picked":["Flex","Body Slam","Dual Wield"],"picked":"SKIP","floor":11.0},{"not_picked":["Cleave","Uppercut"],"picked":"Ghostly Armor","floor":12.0},{"not_picked":["Cleave","Wild Strike"],"picked":"Fire Breathing","floor":13.0},{"not_picked":["Juggernaut","Bludgeon"],"picked":"Fiend Fire","floor":16.0},{"not_picked":["Entrench+1","Iron Wave"],"picked":"Twin Strike","floor":18.0},{"not_picked":["Clash+1","Cleave"],"picked":"Twin Strike","floor":19}],"player_experience":335435,"relics_obtained":[{"floor":6.0,"key":"InkBottle"},{"floor":9.0,"key":"HornCleat"},{"floor":10.0,"key":"Mummified Hand"},{"floor":13.0,"key":"Vajra"},{"floor":14.0,"key":"War Paint"}],"event_choices":[{"damage_healed":0.0,"max_hp_gain":0.0,"max_hp_loss":0.0,"gold_gain":75.0,"event_name":"betterThird:BetterGoop","player_choice":"Gold","floor":3.0,"gold_loss":0.0,"damage_taken":11.0},{"damage_healed":0.0,"max_hp_gain":0.0,"max_hp_loss":0.0,"gold_gain":30.0,"event_name":"Dead Adventurer","player_choice":"Searched \u00272\u0027 times","floor":14.0,"gold_loss":0.0,"damage_taken":0.0},{"damage_healed":0,"gold_gain":0,"player_choice":"Opened","damage_taken":0,"relics_obtained":["MawBank"],"max_hp_gain":0,"max_hp_loss":0,"event_name":"The Mausoleum","floor":20,"gold_loss":0}],"is_beta":false,"boss_relics":[{"not_picked":["Runic Pyramid","Empty Cage"],"picked":"Black Star"}],"items_purged_floors":[],"is_endless":false,"potions_floor_spawned":[4,10,14,16,18],"killed_by":"Sentry and Sphere","ascension_level":8}}