{"host":"a6ztjasp7lxlo10n","time":1613462797,"event":{"mods":["Act Like it!","BaseMod","Colored Map","Marisa£®ÏF”Í°°ƒß¿Ì…≥£©","Minty Spire (QoL Compilation)","Quick Restart","StSLib","SuperFastMode"],"gold_per_floor":[110,110,71,86,86,86,120,178,178,206,206,225,244,269,269,269,269],"floor_reached":16,"language":"ZHS","playtime":637,"items_purged":[],"score":200,"play_id":"911d1a3f-e258-4d68-9f79-81c5bda4cb58","local_time":"20210216160637","is_ascension_mode":true,"campfire_choices":[{"data":"Body Slam","floor":6.0,"key":"SMITH"},{"data":"Metallicize","floor":15,"key":"SMITH"}],"circlet_count":0,"master_deck":["Strike_R","Strike_R","Strike_R","Strike_R","Defend_R","Defend_R","Defend_R","Defend_R","Bash","Body Slam+1","Power Through","Carnage+1","Rupture","Metallicize+1","Ghostly Armor"],"relics":["Burning Blood","NeowsBlessing","Mummified Hand","Prayer Wheel","Ancient Tea Set","The Courier","Blood Vial","Bag of Marbles"],"acts_visited":["Exordium"],"potions_floor_usage":[16,16],"damage_taken":[{"damage":0.0,"enemies":"2 Louse","floor":1.0,"turns":1.0},{"damage":0.0,"enemies":"Cultist","floor":4.0,"turns":1.0},{"damage":0.0,"enemies":"Gremlin Nob","floor":7.0,"turns":1.0},{"damage":32.0,"enemies":"3 Sentries","floor":8.0,"turns":10.0},{"damage":30.0,"enemies":"3 Sentries","floor":10.0,"turns":10.0},{"damage":0.0,"enemies":"Small Slimes","floor":12.0,"turns":2.0},{"damage":0,"enemies":"3 Louse","floor":13,"turns":4},{"damage":24,"enemies":"Lagavulin","floor":14,"turns":6},{"damage":36,"enemies":"Hexaghost","floor":16,"turns":14}],"seed_played":"1388539807693165509","potions_obtained":[{"floor":1.0,"key":"EssenceOfSteel"},{"floor":4.0,"key":"LiquidMemories"},{"floor":12.0,"key":"Ancient Potion"},{"floor":13,"key":"Explosive Potion"}],"is_trial":false,"path_per_floor":["M","?","$","M","?","R","E","?","T","E","?","M","M","E","R","B"],"character_chosen":"IRONCLAD","items_purchased":["Power Through"],"campfire_rested":0,"item_purchase_floors":[3],"current_hp_per_floor":[78,78,78,80,73,73,79,53,53,29,29,37,45,29,29,0,0],"gold":269,"neow_bonus":"THREE_ENEMY_KILL","is_daily":false,"chose_seed":false,"campfire_upgraded":2,"win_rate":0.0,"timestamp":1613462797,"path_taken":["M","?","$","?","?","R","E","?","T","E","?","?","M","E","R","BOSS"],"items_purchased_type":["Card"],"build_version":"2020-12-22","purchased_purges":0,"victory":false,"max_hp_per_floor":[80,80,80,80,80,80,80,80,80,80,80,80,80,80,80,80,80],"card_choices":[{"not_picked":["Ghostly Armor","Flex"],"picked":"Body Slam","floor":1.0},{"not_picked":["Whirlwind","Twin Strike"],"picked":"Carnage","floor":4.0},{"not_picked":["Berserk","Rage","Seeing Red"],"picked":"SKIP","floor":7.0},{"not_picked":["Berserk","Rage","Seeing Red"],"picked":"SKIP","floor":7.0},{"not_picked":["Anger","Wild Strike"],"picked":"Rupture","floor":8.0},{"not_picked":["Flame Barrier","Armaments","Demon Form"],"picked":"SKIP","floor":10.0},{"not_picked":["Wild Strike","Iron Wave"],"picked":"Metallicize","floor":12.0},{"not_picked":["Anger","Sever Soul","Rage"],"picked":"SKIP","floor":12.0},{"not_picked":["Anger","Spot Weakness","Dual Wield"],"picked":"SKIP","floor":13},{"not_picked":["Flame Barrier","Blood for Blood","Iron Wave"],"picked":"SKIP","floor":13},{"not_picked":["Sever Soul","Anger"],"picked":"Ghostly Armor","floor":14}],"player_experience":335795,"relics_obtained":[{"floor":7.0,"key":"Prayer Wheel"},{"floor":8.0,"key":"Ancient Tea Set"},{"floor":9.0,"key":"The Courier"},{"floor":10.0,"key":"Blood Vial"},{"floor":14,"key":"Bag of Marbles"}],"event_choices":[{"cards_removed":["Strike_R"],"damage_healed":0.0,"max_hp_gain":0.0,"max_hp_loss":0.0,"gold_gain":0.0,"event_name":"Purifier","player_choice":"Purged","floor":2.0,"gold_loss":0.0,"damage_taken":0.0},{"damage_healed":0.0,"max_hp_gain":0.0,"max_hp_loss":0.0,"gold_gain":0.0,"event_name":"Scrap Ooze","player_choice":"Success","floor":5.0,"gold_loss":0.0,"damage_taken":7.0,"relics_obtained":["Mummified Hand"]},{"damage_healed":0.0,"max_hp_gain":0.0,"max_hp_loss":0.0,"gold_gain":30.0,"event_name":"Dead Adventurer","player_choice":"Searched \u00272\u0027 times","floor":8.0,"gold_loss":0.0,"damage_taken":0.0},{"damage_healed":0.0,"max_hp_gain":0.0,"max_hp_loss":0.0,"gold_gain":0.0,"event_name":"Upgrade Shrine","player_choice":"Upgraded","floor":11.0,"gold_loss":0.0,"damage_taken":0.0,"cards_upgraded":["Carnage"]}],"is_beta":false,"boss_relics":[],"items_purged_floors":[],"is_endless":false,"potions_floor_spawned":[1,4,12,13],"killed_by":"Hexaghost","ascension_level":8}}