{"host":"79p0n9jgvmu4oxs9","time":1613495610,"event":{"mods":["AchievementEnabler","Act Like it!","BaseMod","Colored Map","Downfall","Friendly Minions","GifTheSpireLib","Hermit","Minty Spire (QoL Compilation)","Potionbrewer","Rare Cards Sparkle","Reliquary","StSLib"],"gold_per_floor":[99,99,199,199,199,199,199,224,224,234,234,249,249,268,287,392,392,392,408,419,435,33,33,33,59,78,78,78,97,116,127,143,240,240,240,240,240,240,250,268,322,340,356,366,386,10,10,21,35,35],"floor_reached":51,"language":"ENG","playtime":4214,"items_purged":["Guardian:Defend_Guardian"],"score":700,"play_id":"e9acddd6-5260-46aa-a802-2cf19fc4f9d8","local_time":"20210216091330","is_ascension_mode":false,"campfire_choices":[{"data":"Guardian:TwinSlam","floor":1,"key":"SMITH"},{"data":"Guardian:RevengeProtocol","floor":6,"key":"SMITH"},{"data":"Guardian:CurlUp","floor":11,"key":"SMITH"},{"data":"Guardian:ChargeCore","floor":13,"key":"SMITH"},{"data":"Guardian:Incinerate","floor":18,"key":"SMITH"},{"data":"Guardian:TemporalStrike","floor":23,"key":"SMITH"},{"data":"Guardian:ConstructionForm","floor":27,"key":"SMITH"},{"data":"Guardian:BaubleBeam","floor":35,"key":"SMITH"},{"data":"Guardian:PrismaticBeam","floor":47,"key":"SMITH"}],"circlet_count":0,"master_deck":["Guardian:Defend_Guardian+1","Guardian:CurlUp+1","Guardian:TwinSlam+1","Guardian:TemporalStrike+1","Guardian:RevengeProtocol+1","Guardian:Incinerate+1","Guardian:ChargeCore+1","Guardian:ConstructionForm+1","Guardian:PrimingBeam+1","Guardian:ArmoredProtocol","Guardian:Planning+1","Guardian:BaubleBeam+1","Guardian:ChargeCore+1","Guardian:ShieldSpikes+1","Guardian:TimeCapacitor+1","Guardian:VentSteam+1","Guardian:ShieldCharger+1","Guardian:PrismaticBeam+1","Guardian:Gem_Crimson","Guardian:Orbwalk"],"relics":["Guardian:ModeShifter","downfall:HeartsMalice","White Beast Statue","StrikeDummy","potionbrewer:BhaskarasWheel","Ginger","Gremlin Horn","potionbrewer:Torch","Astrolabe","reliquary:Boomerang","potionbrewer:RamsHorn"],"acts_visited":["Exordium","TheCity","TheBeyond"],"potions_floor_usage":[12,12,16,16,16,20,20,25,26,29,31,31,32,33,33,42,49,49,50,50],"damage_taken":[{"damage":0,"enemies":"Jaw Worm","floor":2,"turns":1},{"damage":0,"enemies":"3 Sentries","floor":8,"turns":1},{"damage":0,"enemies":"Small Slimes","floor":9,"turns":1},{"damage":0,"enemies":"Cultist","floor":10,"turns":4},{"damage":0,"enemies":"Lots of Slimes","floor":12,"turns":5},{"damage":0,"enemies":"2 Fungi Beasts","floor":14,"turns":2},{"damage":5,"enemies":"Gremlin Gang","floor":15,"turns":5},{"damage":5,"enemies":"IC_STATUS_ARCHETYPE","floor":16,"turns":7},{"damage":5,"enemies":"downfall:LooterAlt2","floor":19,"turns":4},{"damage":0,"enemies":"3 Byrds","floor":20,"turns":4},{"damage":16,"enemies":"Snake Plant","floor":21,"turns":5},{"damage":0,"enemies":"downfall:FleeingMerchant","floor":22,"turns":4},{"damage":1,"enemies":"Gremlin Leader","floor":25,"turns":6},{"damage":0,"enemies":"Snecko","floor":26,"turns":5},{"damage":0,"enemies":"3 Cultists","floor":29,"turns":3},{"damage":21,"enemies":"Snake Plant","floor":30,"turns":3},{"damage":0,"enemies":"Centurion and Healer","floor":31,"turns":5},{"damage":10,"enemies":"Chosen and Byrds","floor":32,"turns":3},{"damage":0,"enemies":"WA_ARCHETYPE_CALM","floor":33,"turns":7},{"damage":3,"enemies":"3 Darklings","floor":39,"turns":4},{"damage":0,"enemies":"3 Shapes","floor":40,"turns":3},{"damage":0,"enemies":"3 Darklings","floor":42,"turns":4},{"damage":12,"enemies":"4 Shapes","floor":43,"turns":5},{"damage":0,"enemies":"Transient","floor":44,"turns":5},{"damage":0,"enemies":"3 Darklings","floor":45,"turns":5},{"damage":5,"enemies":"downfall:FleeingMerchant","floor":46,"turns":4},{"damage":0,"enemies":"Maw","floor":48,"turns":5},{"damage":0,"enemies":"Transient","floor":49,"turns":5},{"damage":57,"enemies":"SI_POISON_ARCHETYPE","floor":50,"turns":6}],"seed_played":"5153492619628521387","potions_obtained":[{"floor":8,"key":"EssenceOfSteel"},{"floor":9,"key":"Dexterity Potion"},{"floor":10,"key":"Guardian:AcceleratePotion"},{"floor":12,"key":"champ:CounterPotion"},{"floor":14,"key":"Dexterity Potion"},{"floor":15,"key":"Guardian:StasisDiscoveryPotion"},{"floor":16,"key":"Swift Potion"},{"floor":19,"key":"sneckomod:MuddlingPotion"},{"floor":20,"key":"EssenceOfSteel"},{"floor":21,"key":"potionbrewer:CleansingPotion"},{"floor":22,"key":"PowerPotion"},{"floor":25,"key":"FearPotion"},{"floor":26,"key":"potionbrewer:NoxiousPotion"},{"floor":30,"key":"ColorlessPotion"},{"floor":31,"key":"potionbrewer:ToxicPotion"},{"floor":32,"key":"potionbrewer:QuicksilverPotion"},{"floor":33,"key":"hexamod:SoulburnPotion"},{"floor":39,"key":"potionbrewer:AcidPotion"},{"floor":40,"key":"potionbrewer:BarricadePotion"},{"floor":42,"key":"ColorlessPotion"},{"floor":43,"key":"Block Potion"},{"floor":46,"key":"SkillPotion"},{"floor":49,"key":"potionbrewer:QuicksilverPotion"}],"is_trial":false,"path_per_floor":["R","M","?","?","?","R","T","E","M","M","R","M","R","M","M","B",null,"R","M","M","M","$","R","T","E","M","R","?","M","M","M","M","B",null,"R","?","?","?","M","M","T","M","M","M","M","$","R","M","M","B",null],"character_chosen":"GUARDIAN","items_purchased":["Ginger","Guardian:PrismaticBeam","Guardian:Gem_Purple","potionbrewer:RamsHorn"],"campfire_rested":0,"item_purchase_floors":[22,46,46,46],"current_hp_per_floor":[80,80,80,85,85,85,85,85,85,85,85,85,85,85,80,75,85,85,80,80,64,64,64,64,63,63,63,55,55,34,34,24,24,85,85,85,85,85,82,82,82,82,70,70,70,65,65,65,65,8],"gold":35,"neow_bonus":"THREE_ENEMY_KILL","is_daily":false,"chose_seed":false,"campfire_upgraded":9,"win_rate":0.0,"timestamp":1613495610,"path_taken":["R","M","?","?","?","R","T","E","M","M","R","?","R","M","M","BOSS","R","M","M","M","?","R","T","E","M","R","?","M","?","M","M","BOSS","R","?","?","?","M","M","T","M","?","M","M","$","R","M","M","BOSS"],"items_purchased_type":["Relic","Card","Card","Relic"],"build_version":"2020-12-22","purchased_purges":1,"victory":true,"max_hp_per_floor":[80,80,80,85,85,85,85,85,85,85,85,85,85,85,85,85,85,85,85,85,85,85,85,85,85,85,85,85,85,85,85,85,85,85,85,85,85,85,85,85,85,85,85,85,85,85,85,85,85,85],"card_choices":[{"not_picked":["Guardian:WalkerClaw","Guardian:VentSteam"],"picked":"Guardian:TemporalStrike","floor":2},{"not_picked":["Guardian:VentSteam","Guardian:Recover"],"picked":"Guardian:Gem_Fragmented","floor":8},{"not_picked":["Guardian:PrismaticBarrier","Guardian:Clone"],"picked":"Guardian:Incinerate","floor":9},{"not_picked":["Guardian:SpikerProtocol","Guardian:Suspension"],"picked":"Guardian:Gem_White","floor":10},{"not_picked":["Guardian:EvasiveProtocol","Guardian:RevengeProtocol"],"picked":"Guardian:ChargeCore","floor":12},{"not_picked":["Guardian:Clone","Guardian:Recover"],"picked":"Guardian:Gem_Crimson","floor":14},{"not_picked":["Guardian:PrismaticBeam","Guardian:RollAttack"],"picked":"Guardian:Gem_Fragmented","floor":15},{"not_picked":["Guardian:BaubleBeam","Guardian:AncientConstruct"],"picked":"Guardian:ConstructionForm","floor":16},{"not_picked":["Guardian:Gem_Yellow","Guardian:Gem_Green"],"picked":"Guardian:Gem_Purple","floor":19},{"not_picked":["Guardian:CrystalBeam","Guardian:Recover"],"picked":"Guardian:Gem_Green","floor":20},{"not_picked":["Guardian:Suspension","Guardian:Incinerate"],"picked":"Guardian:PrimingBeam+1","floor":21},{"not_picked":["Guardian:WalkerClaw","Guardian:Emergency","Guardian:Gem_Cyan"],"picked":"SKIP","floor":22},{"not_picked":["Guardian:Reroute","Guardian:Planning"],"picked":"Guardian:Gem_Orange","floor":25},{"not_picked":["Guardian:ChargeCore","Guardian:DecasProtection+1"],"picked":"Guardian:Gem_White","floor":26},{"not_picked":["Guardian:Gem_Red","Guardian:RollAttack+1"],"picked":"Guardian:ArmoredProtocol","floor":29},{"not_picked":["Guardian:TemporalShield","Guardian:RefractedBeam","Guardian:CrystalBeam"],"picked":"SKIP","floor":30},{"not_picked":["Guardian:GuardianWhirl","Guardian:Incinerate"],"picked":"Guardian:Gem_Cyan","floor":31},{"not_picked":["Guardian:RollAttack","Guardian:Gem_Blue"],"picked":"Guardian:Planning+1","floor":32},{"not_picked":["Guardian:SphericShield","Guardian:ConstructionForm"],"picked":"Guardian:BaubleBeam","floor":33},{"not_picked":["Guardian:WalkerClaw+1","Guardian:RollAttack+1"],"picked":"Guardian:Gem_Blue","floor":39},{"not_picked":["Guardian:ArmoredProtocol+1","Guardian:Gem_Cyan","Guardian:SentryBeam"],"picked":"SKIP","floor":40},{"not_picked":["Guardian:Gem_Red","Guardian:PolyBeam","Guardian:RollAttack+1"],"picked":"SKIP","floor":42},{"not_picked":["Guardian:Incinerate+1","Guardian:ShieldSpikes"],"picked":"Guardian:TimeCapacitor+1","floor":43},{"not_picked":["Guardian:Incinerate","Guardian:Gem_White"],"picked":"Guardian:VentSteam+1","floor":44},{"not_picked":["Guardian:DonusPower","Guardian:FloatingOrbs+1"],"picked":"Guardian:ShieldCharger+1","floor":45},{"not_picked":["Guardian:Gem_Fragmented","Guardian:Recover+1"],"picked":"Guardian:Gem_Red","floor":46},{"not_picked":["Guardian:Gem_Green","Guardian:Gem_Lightblue"],"picked":"Guardian:Gem_Crimson","floor":48},{"not_picked":["Guardian:PrimingBeam","Guardian:Reroute+1"],"picked":"Guardian:Orbwalk","floor":49}],"player_experience":867278,"relics_obtained":[{"floor":7,"key":"White Beast Statue"},{"floor":8,"key":"StrikeDummy"},{"floor":24,"key":"Gremlin Horn"},{"floor":25,"key":"potionbrewer:Torch"},{"floor":37,"key":"reliquary:Boomerang"}],"event_choices":[{"damage_healed":0,"gold_gain":0,"player_choice":"Donut","damage_taken":0,"max_hp_gain":5,"max_hp_loss":0,"event_name":"Big Fish","floor":4,"gold_loss":0}],"is_beta":false,"boss_relics":[{"not_picked":["reliquary:WritOfMandamus","reliquary:Ember"],"picked":"potionbrewer:BhaskarasWheel"},{"not_picked":["Sozu","SlaversCollar"],"picked":"Astrolabe"}],"items_purged_floors":[22],"is_endless":false,"potions_floor_spawned":[8,9,10,12,14,15,16,19,20,21,22,25,26,29,30,31,32,33,39,40,42,43,44,45,46,48,49],"ascension_level":0}}