{"host":"edndssuekvzbh3is","time":1613449027,"event":{"mods":["BaseMod","Colored Map","Colored Powertips","Minty Spire (QoL Compilation)","SuperFastMode"],"gold_per_floor":[111,123,143,143,160,193,193,227,254,280,295,314,314,332,332,431,431,447,447,32,32,49,76,87,87,112,112,122,139,13,13,13,115,115,131,131,148,148,148],"floor_reached":38,"language":"ENG","playtime":1698,"items_purged":["Defend_P"],"score":483,"play_id":"8a3c6fbc-77d3-4205-bbc8-81c926e03073","local_time":"20210215231707","is_ascension_mode":true,"campfire_choices":[{"data":"Wallop","floor":7,"key":"SMITH"},{"data":"MentalFortress","floor":13,"key":"SMITH"},{"floor":15,"key":"REST"},{"floor":25,"key":"REST"},{"data":"Ragnarok","floor":27,"key":"SMITH"},{"floor":32,"key":"REST"}],"circlet_count":0,"master_deck":["Strike_P","Strike_P","Defend_P","Defend_P","Defend_P","Eruption","Vigilance","Consecrate","Wallop+1","EmptyFist","FlyingSleeves","CrushJoints","Wireheading","Halt","Protect","MentalFortress+1","ClearTheMind","Ragnarok+1","Prostrate","Meditate","LikeWater","Prostrate","ThirdEye","InnerPeace+1","FlurryOfBlows","JustLucky","FearNoEvil","Nirvana","Protect","DevaForm","FlurryOfBlows","TalkToTheHand+1"],"relics":["PureWater","Bag of Marbles","Orichalcum","Happy Flower","Bag of Preparation","Black Star","PreservedInsect","Lantern","Vajra","Damaru","MutagenicStrength","Snecko Eye"],"acts_visited":["Exordium","TheCity","TheBeyond"],"potions_floor_usage":[6,6,8,8,10,16,23,23,29,33,33,38],"damage_taken":[{"damage":1,"enemies":"2 Louse","floor":1,"turns":4},{"damage":0,"enemies":"Cultist","floor":2,"turns":4},{"damage":1,"enemies":"Small Slimes","floor":3,"turns":3},{"damage":3,"enemies":"Blue Slaver","floor":5,"turns":4},{"damage":12,"enemies":"Lagavulin","floor":6,"turns":4},{"damage":13,"enemies":"Gremlin Nob","floor":8,"turns":3},{"damage":22,"enemies":"3 Sentries","floor":10,"turns":7},{"damage":0,"enemies":"Looter","floor":11,"turns":2},{"damage":0,"enemies":"Large Slime","floor":12,"turns":3},{"damage":0,"enemies":"Exordium Wildlife","floor":14,"turns":3},{"damage":15,"enemies":"The Guardian","floor":16,"turns":13},{"damage":14,"enemies":"Shell Parasite","floor":18,"turns":8},{"damage":19,"enemies":"2 Thieves","floor":21,"turns":4},{"damage":3,"enemies":"Shelled Parasite and Fungi","floor":22,"turns":2},{"damage":10,"enemies":"Gremlin Leader","floor":23,"turns":6},{"damage":9,"enemies":"Cultist and Chosen","floor":24,"turns":7},{"damage":0,"enemies":"Centurion and Healer","floor":28,"turns":3},{"damage":10,"enemies":"Snake Plant","floor":29,"turns":6},{"damage":8,"enemies":"Collector","floor":33,"turns":11},{"damage":18,"enemies":"Orb Walker","floor":35,"turns":4},{"damage":11,"enemies":"3 Shapes","floor":37,"turns":5},{"damage":71,"enemies":"Transient","floor":38,"turns":4}],"seed_played":"-1397417958305092231","potions_obtained":[{"floor":0,"key":"SkillPotion"},{"floor":0,"key":"SkillPotion"},{"floor":0,"key":"EntropicBrew"},{"floor":3,"key":"BottledMiracle"},{"floor":5,"key":"SteroidPotion"},{"floor":14,"key":"Explosive Potion"},{"floor":16,"key":"SpeedPotion"},{"floor":22,"key":"Swift Potion"},{"floor":24,"key":"BottledMiracle"},{"floor":28,"key":"Ancient Potion"},{"floor":29,"key":"Dexterity Potion"}],"is_trial":false,"path_per_floor":["M","M","M","?","M","E","R","E","T","E","M","M","R","M","R","B",null,"M","?","$","M","M","E","M","R","T","R","M","M","$","?","R","B",null,"M","?","M","M"],"character_chosen":"WATCHER","items_purchased":["PreservedInsect","LikeWater","Lantern","Prostrate","Protect"],"campfire_rested":3,"item_purchase_floors":[20,20,20,20,30],"current_hp_per_floor":[71,71,70,70,67,55,55,42,42,34,34,34,34,34,55,40,72,58,58,58,39,36,26,17,38,38,38,38,28,28,28,49,41,72,54,54,43,0,0],"gold":148,"neow_bonus":"THREE_SMALL_POTIONS","is_daily":false,"chose_seed":false,"campfire_upgraded":3,"win_rate":0.0,"timestamp":1613449027,"path_taken":["M","M","M","?","M","E","R","E","T","E","M","M","R","?","R","BOSS","M","?","$","M","M","E","M","R","T","R","?","M","$","?","R","BOSS","M","?","M","M"],"items_purchased_type":["Relic","Card","Relic","Card","Card"],"build_version":"2020-12-22","purchased_purges":1,"victory":false,"max_hp_per_floor":[72,72,72,72,72,72,72,72,72,72,72,72,72,72,72,72,72,72,72,72,72,72,72,72,72,72,72,72,72,72,72,72,72,72,72,72,72,72,72],"card_choices":[{"not_picked":["Swivel","EmptyBody"],"picked":"Consecrate","floor":1},{"not_picked":["CrushJoints","ThirdEye"],"picked":"Wallop","floor":2},{"not_picked":["Weave","BowlingBash"],"picked":"EmptyFist","floor":3},{"not_picked":["InnerPeace","SignatureMove"],"picked":"FlyingSleeves","floor":5},{"not_picked":["Collect","Establishment"],"picked":"CrushJoints","floor":6},{"not_picked":["Scrawl","EmptyFist"],"picked":"Wireheading","floor":8},{"not_picked":["Wallop","Wireheading"],"picked":"Halt","floor":10},{"not_picked":["FlurryOfBlows","CutThroughFate"],"picked":"Protect","floor":11},{"not_picked":["WreathOfFlame","CarveReality"],"picked":"MentalFortress","floor":12},{"not_picked":["PathToVictory","Sanctity"],"picked":"ClearTheMind","floor":14},{"not_picked":["Scrawl","Blasphemy"],"picked":"Ragnarok","floor":16},{"not_picked":["ThirdEye","ClearTheMind"],"picked":"Prostrate","floor":18},{"not_picked":["FlyingSleeves","Ragnarok"],"picked":"ThirdEye","floor":21},{"not_picked":["SashWhip+1","EmptyMind"],"picked":"InnerPeace+1","floor":22},{"not_picked":["SashWhip+1","ClearTheMind"],"picked":"FlurryOfBlows","floor":23},{"not_picked":["Crescendo+1","Fasting2"],"picked":"JustLucky","floor":24},{"not_picked":["JustLucky","MentalFortress+1"],"picked":"FearNoEvil","floor":28},{"not_picked":["CrushJoints","Consecrate"],"picked":"Nirvana","floor":29},{"not_picked":["Blasphemy","DeusExMachina"],"picked":"DevaForm","floor":33},{"not_picked":["Wireheading","CarveReality+1"],"picked":"FlurryOfBlows","floor":35},{"not_picked":["Collect+1","FollowUp+1"],"picked":"TalkToTheHand+1","floor":37}],"player_experience":367362,"relics_obtained":[{"floor":6,"key":"Bag of Marbles"},{"floor":8,"key":"Orichalcum"},{"floor":9,"key":"Happy Flower"},{"floor":10,"key":"Bag of Preparation"},{"floor":23,"key":"Vajra"},{"floor":23,"key":"Damaru"}],"event_choices":[{"cards_removed":["Strike_P"],"damage_healed":0,"gold_gain":0,"player_choice":"Card Removal","damage_taken":0,"max_hp_gain":0,"max_hp_loss":0,"event_name":"Wheel of Change","floor":4,"gold_loss":0},{"damage_healed":0,"gold_gain":0,"cards_transformed":["Strike_P"],"player_choice":"Transformed","damage_taken":0,"max_hp_gain":0,"max_hp_loss":0,"event_name":"Transmorgrifier","floor":19,"gold_loss":0,"cards_obtained":["Meditate"]},{"damage_healed":0,"gold_gain":0,"player_choice":"Inject Mutagens","damage_taken":0,"relics_obtained":["MutagenicStrength"],"max_hp_gain":0,"max_hp_loss":0,"event_name":"Drug Dealer","floor":31,"gold_loss":0},{"damage_healed":0,"gold_gain":0,"player_choice":"Memory 1","damage_taken":0,"max_hp_gain":0,"max_hp_loss":0,"event_name":"SensoryStone","floor":36,"gold_loss":0}],"is_beta":false,"boss_relics":[{"not_picked":["Calling Bell","Astrolabe"],"picked":"Black Star"},{"not_picked":["Runic Dome","Pandora\u0027s Box"],"picked":"Snecko Eye"}],"items_purged_floors":[30],"is_endless":false,"potions_floor_spawned":[3,5,14,16,22,24,28,29],"killed_by":"Transient","ascension_level":3}}