{"host":"cw5mrddkw4tq3s8v","time":1613437743,"event":{"mods":["BaseMod","Block Reminder","Colored Map","Colored Powertips","DeckTracker","Highlight Path","Hubris","Infinite Spire","Minty Spire (QoL Compilation)","Permanent Neow","Quick Restart","Random Character Button","Relic Sorter","Relic Stats","Replay The Spire","StSLib","SuperFastMode","The Blue Laboratory","The Jungle"],"gold_per_floor":[15,27,46,64,64,64,89,89,89,120,120,173,189,200,200,298,298,310,310,328,348,348,348,374,374,374,393,135,135,167,182,182,286,286,301,0,0,58,78,78,108,108,108,120,120,134,134,152,152,250,250,263,263,273,280,277,277,296,246,246,259,268,268,268,279,279,370,370,369,396,396,399,399,424,195,229,229,229,237,237,250,178,178,275,275,300,300,300,300,346,379,418,418,465,391,391,435,490,490,626,626,626,402,461,605],"floor_reached":107,"language":"ENG","playtime":6277,"items_purged":["Strike_R","Strike_R"],"score":4975,"play_id":"7e7bafa6-f50a-4bd6-bc08-48860f573f58","local_time":"20210216030903","is_ascension_mode":true,"campfire_choices":[{"data":"Bash","floor":6,"key":"SMITH"},{"data":"Demon Form","floor":8,"key":"SMITH"},{"data":"Strike_R","floor":15,"key":"PURGE"},{"data":"infinitespire:SevenWalls","floor":23,"key":"SMITH"},{"data":"Berserk","floor":25,"key":"SMITH"},{"data":"Pommel Strike","floor":32,"key":"SMITH"},{"data":"Limit Break","floor":40,"key":"SMITH"},{"data":"Cleave","floor":45,"key":"SMITH"},{"data":"Defend_R","floor":49,"key":"SMITH"},{"data":"Feed","floor":57,"key":"SMITH"},{"data":"Battle Trance","floor":63,"key":"SMITH"},{"data":"Defend_R","floor":63,"key":"SMITH"},{"floor":66,"key":"REST"},{"floor":83,"key":"REST"},{"floor":100,"key":"REST"},{"floor":103,"key":"REST"}],"circlet_count":0,"master_deck":["Defend_R+1","Defend_R+1","Defend_R+1","Defend_R+1","Bash+1","Heavy Blade+1","Cleave+1","Pommel Strike+1","Heavy Blade+1","Berserk+1","infinitespire:SevenWalls+1","Limit Break+1","Feed+1","Battle Trance+1","infinitespire:NeuralNetwork+1","hubris:DuctTapeCard","Demon Form+1"],"relics":["Burning Blood","hubris:CuriousFeather","Ring of Peace","Ring of Panic","ReplayTheSpireMod:Shallot","ReplayTheSpireMod:Spearhead","Replay:Bottled Eggs","PreservedInsect","hubris:HollowSoul","Charon\u0027s Ashes","infinitespire:Broken Mirror","Durian","Paper Frog","Nilry\u0027s Codex","infinitespire:Eraser","hubris:VirtuousBlindfold","Red Mask","hubris:DisguiseKit","Pantograph","Philosopher\u0027s Stone","Du-Vu Doll","infinitespire:BottledMercury","Black Star","Peace Pipe","Frozen Egg 2","Lizard Tail","Replay:Arrowhead","FaceOfCleric","Magic Flower","Tiny Chest","ReplayTheSpireMod:Lightbulb","ReplayTheSpireMod:Ninjato","hubris:CrystalStatue","StoneCalendar","Membership Card","Replay:Bandana","infinitespire:Midas Blood","hubris:ToyBattleship","hubris:Teleporter","Matryoshka","hubris:ChampionShield","hubris:TerracottaHorce","infinitespire:EvilPickle","HornCleat","Replay:WaspNest","Darkstone Periapt","hubris:Zylophone","Orichalcum","Calipers","Juzu Bracelet","hubris:DuctTape","hubris:BottledRain","Bronze Scales","infinitespire:Burning Sword","Torii","Sling","Snack Pack","Molten Egg 2"],"acts_visited":["Exordium","TheCity","TheBeyond","Exordium","TheCity","TheBeyond","TheEnding"],"potions_floor_usage":[10,12,16,21,33,33,61,76,84,106,106],"damage_taken":[{"damage":6,"enemies":"2 Louse","floor":1,"turns":4},{"damage":6,"enemies":"Jaw Worm","floor":2,"turns":3},{"damage":1,"enemies":"Cultist","floor":3,"turns":3},{"damage":15,"enemies":"3 Louse","floor":4,"turns":3},{"damage":17,"enemies":"3 Sentries","floor":7,"turns":7},{"damage":0,"enemies":"Lagavulin","floor":10,"turns":4},{"damage":0,"enemies":"Gremlin Nob","floor":12,"turns":3},{"damage":0,"enemies":"Lots of Slimes","floor":13,"turns":3},{"damage":0,"enemies":"Looter","floor":14,"turns":3},{"damage":0,"enemies":"Slime Boss","floor":16,"turns":3},{"damage":12,"enemies":"2 Thieves","floor":18,"turns":4},{"damage":13,"enemies":"Shell Parasite","floor":20,"turns":4},{"damage":10,"enemies":"Snake Plant","floor":21,"turns":3},{"damage":0,"enemies":"Book of Stabbing","floor":24,"turns":5},{"damage":0,"enemies":"Snecko","floor":27,"turns":5},{"damage":14,"enemies":"Nightmare","floor":30,"turns":5},{"damage":0,"enemies":"Centurion and Healer","floor":31,"turns":4},{"damage":0,"enemies":"hubris:MusketHawk","floor":33,"turns":6},{"damage":0,"enemies":"3 Shapes","floor":35,"turns":3},{"damage":0,"enemies":"3 Darklings","floor":39,"turns":3},{"damage":0,"enemies":"R_Hoarder","floor":41,"turns":4},{"damage":0,"enemies":"Maw","floor":44,"turns":3},{"damage":0,"enemies":"Sphere and 2 Shapes","floor":46,"turns":3},{"damage":4,"enemies":"Transient","floor":48,"turns":5},{"damage":19,"enemies":"infinitespire:MassOfShapes","floor":50,"turns":5},{"damage":0,"enemies":"Cultist","floor":52,"turns":2},{"damage":0,"enemies":"Small Slimes","floor":54,"turns":3},{"damage":0,"enemies":"Jaw Worm","floor":55,"turns":2},{"damage":43,"enemies":"Gremlin Gang","floor":56,"turns":9},{"damage":0,"enemies":"3 Sentries","floor":58,"turns":3},{"damage":36,"enemies":"Nightmare","floor":61,"turns":5},{"damage":0,"enemies":"Blue Slaver","floor":62,"turns":1},{"damage":0,"enemies":"3 Sentries","floor":65,"turns":2},{"damage":6,"enemies":"The Guardian","floor":67,"turns":4},{"damage":0,"enemies":"Spheric Guardian","floor":69,"turns":3},{"damage":0,"enemies":"3 Byrds","floor":72,"turns":4},{"damage":2,"enemies":"Replay:Snechameleon","floor":74,"turns":4},{"damage":37,"enemies":"Nightmare","floor":76,"turns":4},{"damage":0,"enemies":"Sentry and Sphere","floor":79,"turns":3},{"damage":0,"enemies":"Centurion and Healer","floor":81,"turns":3},{"damage":6,"enemies":"Pondfish","floor":84,"turns":7},{"damage":0,"enemies":"3 Darklings","floor":86,"turns":3},{"damage":0,"enemies":"Reptomancer","floor":91,"turns":4},{"damage":49,"enemies":"Orb Walker","floor":92,"turns":5},{"damage":0,"enemies":"3 Darklings","floor":93,"turns":2},{"damage":0,"enemies":"Spire Growth","floor":95,"turns":3},{"damage":0,"enemies":"Maw","floor":98,"turns":2},{"damage":0,"enemies":"Nemesis","floor":99,"turns":3},{"damage":0,"enemies":"Awakened One","floor":101,"turns":3},{"damage":17,"enemies":"Shield and Spear","floor":105,"turns":2},{"damage":14,"enemies":"The Heart","floor":106,"turns":5}],"seed_played":"-2060326763913297394","potions_obtained":[{"floor":1,"key":"CultistPotion"},{"floor":2,"key":"blueLaboratory:FruitPunch"},{"floor":3,"key":"ColorlessPotion"},{"floor":12,"key":"LiquidBronze"},{"floor":18,"key":"Languid Potion"},{"floor":20,"key":"AttackPotion"},{"floor":27,"key":"Ancient Potion"},{"floor":31,"key":"blueLaboratory:AbyssPotion"},{"floor":38,"key":"blueLaboratory:HorrorPotion"},{"floor":48,"key":"blueLaboratory:FruitPunch"},{"floor":52,"key":"Dexterity Potion"},{"floor":65,"key":"DistilledChaos"},{"floor":76,"key":"blueLaboratory:SmithPotion"},{"floor":91,"key":"Swift Potion"}],"is_trial":false,"path_per_floor":["M","M","M","M","?","R","E","R","T","E","?","E","M","M","R_BF","B",null,"M","?","M","M","AVR","R","E","R","T","M","$","?","NM","M","R","B",null,"M","?","$","?","M","R","E","AVR","T","M","R","M","?","M","R","B",null,"M","?","M","M","M","R","E","?","T","NM","M","R","?","E","R","B",null,"M","T","?","M","T","E","$","NM","T","?","M","?","M","$","R","B",null,"M","T","?","?","E","M","M","T","M","$","T","M","E","R","B",null,"R","$","E","B",null],"character_chosen":"IRONCLAD","items_purchased":["Paper Frog","Membership Card","Replay:Bandana","hubris:ChampionShield","Juzu Bracelet","Torii","Sling"],"campfire_rested":4,"item_purchase_floors":[28,75,75,82,96,104,104],"current_hp_per_floor":[80,80,80,71,71,71,60,60,60,68,68,74,80,82,82,82,82,76,70,63,59,59,59,65,65,70,76,76,60,52,58,58,64,87,87,87,87,53,59,59,87,87,87,87,87,87,87,87,87,74,87,87,87,90,90,56,56,66,66,66,38,48,48,48,63,96,113,113,114,114,114,119,119,120,120,94,94,94,111,111,128,128,131,132,132,133,133,136,136,141,103,120,120,137,137,137,148,158,158,163,163,163,163,163,165],"gold":605,"neow_bonus":"ONE_RARE_RELIC","is_daily":false,"chose_seed":false,"campfire_upgraded":11,"win_rate":0.0,"timestamp":1613437743,"path_taken":["M","M","M","M","?","R","E","R","T","E","?","E","?","M","R_BF","BOSS","M","?","M","M","AVR","R","E","R","T","?","$","?","NM","M","R","BOSS","M","?","$","?","M","R","E","AVR","T","M","R","M","?","?","R","BOSS","M","?","M","M","M","R","E","?","T","NM","?","R","?","E","R","BOSS","M","?","?","?","?","E","$","NM","T","?","M","?","M","?","R","BOSS","M","?","?","?","E","M","?","T","M","$","?","M","E","R","BOSS","R","$","E","BOSS"],"items_purchased_type":["Relic","Relic","Relic","Relic","Relic","Relic","Relic"],"build_version":"2020-12-13","purchased_purges":2,"victory":true,"max_hp_per_floor":[80,80,80,80,80,80,80,80,80,82,82,82,82,82,82,82,82,82,82,82,82,82,82,82,82,87,87,87,87,87,87,87,87,87,87,87,87,87,87,87,87,87,87,87,87,87,87,87,87,87,87,87,87,90,90,93,93,97,97,97,99,103,103,103,112,112,113,113,114,114,114,119,119,120,120,121,121,121,126,126,131,131,131,132,132,133,133,136,136,141,142,147,147,152,152,152,153,158,158,163,163,163,163,168,169],"relic_stats":{"Darkstone Periapt":0,"Torii":44,"counters":[51,189],"Magic Flower":[48],"StoneCalendar":[39],"PreservedInsect":826,"Charon\u0027s Ashes":[91],"Juzu Bracelet":0,"Orichalcum":[24],"Burning Blood":237,"Peace Pipe":2,"Lizard Tail":0,"FaceOfCleric":19,"Pantograph":21,"Bronze Scales":[69],"Tiny Chest":3,"Black Star":8,"obtain_stats":[{"infinitespire:BottledMercury":43,"hubris:CrystalStatue":74,"Calipers":94,"Nilry\u0027s Codex":29,"hubris:VirtuousBlindfold":34,"Sling":104,"hubris:TerracottaHorce":85,"Lizard Tail":60,"HornCleat":87,"FaceOfCleric":64,"Philosopher\u0027s Stone":42,"hubris:Teleporter":77,"hubris:DuctTape":97,"hubris:HollowSoul":17,"Charon\u0027s Ashes":22,"Du-Vu Doll":42,"infinitespire:EvilPickle":85,"hubris:Zylophone":91,"ReplayTheSpireMod:Spearhead":9,"ReplayTheSpireMod:Shallot":7,"infinitespire:Broken Mirror":24,"Bronze Scales":99,"Molten Egg 2":105,"Black Star":51,"hubris:ToyBattleship":76,"Darkstone Periapt":91,"Torii":104,"Magic Flower":65,"StoneCalendar":74,"Juzu Bracelet":96,"Burning Blood":0,"Replay:Bandana":75,"Matryoshka":78,"Ring of Peace":5,"Pantograph":41,"Tiny Chest":65,"hubris:CuriousFeather":0,"Red Mask":36,"Ring of Panic":5,"Replay:Bottled Eggs":10,"infinitespire:Eraser":30,"hubris:ChampionShield":82,"Paper Frog":28,"hubris:DisguiseKit":38,"ReplayTheSpireMod:Ninjato":73,"PreservedInsect":12,"Replay:WaspNest":87,"Frozen Egg 2":58,"Orichalcum":94,"Replay:Arrowhead":61,"Peace Pipe":58,"Durian":26,"infinitespire:Burning Sword":102,"Snack Pack":105,"Membership Card":75,"ReplayTheSpireMod:Lightbulb":70,"infinitespire:Midas Blood":76,"hubris:BottledRain":99},{"infinitespire:BottledMercury":21,"hubris:CrystalStatue":37,"Calipers":45,"Nilry\u0027s Codex":15,"hubris:VirtuousBlindfold":18,"Sling":49,"hubris:TerracottaHorce":41,"Lizard Tail":30,"HornCleat":42,"FaceOfCleric":32,"Philosopher\u0027s Stone":21,"hubris:Teleporter":38,"hubris:DuctTape":46,"hubris:HollowSoul":10,"Charon\u0027s Ashes":13,"Du-Vu Doll":21,"infinitespire:EvilPickle":41,"hubris:Zylophone":43,"ReplayTheSpireMod:Spearhead":5,"ReplayTheSpireMod:Shallot":5,"infinitespire:Broken Mirror":14,"Bronze Scales":48,"Molten Egg 2":50,"Black Star":25,"hubris:ToyBattleship":38,"Darkstone Periapt":43,"Torii":49,"Magic Flower":33,"StoneCalendar":37,"Juzu Bracelet":46,"Burning Blood":0,"Replay:Bandana":37,"Matryoshka":38,"Ring of Peace":4,"Pantograph":21,"Tiny Chest":33,"hubris:CuriousFeather":0,"Red Mask":19,"Ring of Panic":4,"Replay:Bottled Eggs":6,"infinitespire:Eraser":16,"hubris:ChampionShield":40,"Paper Frog":15,"hubris:DisguiseKit":19,"ReplayTheSpireMod:Ninjato":36,"PreservedInsect":7,"Replay:WaspNest":42,"Frozen Egg 2":30,"Orichalcum":45,"Replay:Arrowhead":31,"Peace Pipe":30,"Durian":14,"infinitespire:Burning Sword":49,"Snack Pack":50,"Membership Card":37,"ReplayTheSpireMod:Lightbulb":35,"infinitespire:Midas Blood":38,"hubris:BottledRain":48},{"infinitespire:BottledMercury":82,"hubris:CrystalStatue":140,"Calipers":171,"Nilry\u0027s Codex":57,"hubris:VirtuousBlindfold":72,"Sling":182,"hubris:TerracottaHorce":157,"Lizard Tail":117,"HornCleat":160,"FaceOfCleric":123,"Philosopher\u0027s Stone":82,"hubris:Teleporter":144,"hubris:DuctTape":174,"hubris:HollowSoul":36,"Charon\u0027s Ashes":47,"Du-Vu Doll":82,"infinitespire:EvilPickle":157,"hubris:Zylophone":164,"ReplayTheSpireMod:Spearhead":20,"ReplayTheSpireMod:Shallot":20,"infinitespire:Broken Mirror":52,"Bronze Scales":179,"Molten Egg 2":184,"Black Star":98,"hubris:ToyBattleship":144,"Darkstone Periapt":164,"Torii":182,"Magic Flower":125,"StoneCalendar":140,"Juzu Bracelet":174,"Burning Blood":0,"Replay:Bandana":140,"Matryoshka":144,"Ring of Peace":13,"Pantograph":82,"Tiny Chest":125,"hubris:CuriousFeather":0,"Red Mask":75,"Ring of Panic":13,"Replay:Bottled Eggs":24,"infinitespire:Eraser":62,"hubris:ChampionShield":150,"Paper Frog":57,"hubris:DisguiseKit":75,"ReplayTheSpireMod:Ninjato":136,"PreservedInsect":27,"Replay:WaspNest":160,"Frozen Egg 2":117,"Orichalcum":171,"Replay:Arrowhead":122,"Peace Pipe":117,"Durian":52,"infinitespire:Burning Sword":182,"Snack Pack":184,"Membership Card":140,"ReplayTheSpireMod:Lightbulb":132,"infinitespire:Midas Blood":144,"hubris:BottledRain":179}]},"card_choices":[{"not_picked":["Life Link","Clothesline"],"picked":"Heavy Blade","floor":1},{"not_picked":["Perfected Strike","Clothesline"],"picked":"Cleave","floor":2},{"not_picked":["Anger","Blood for Blood","True Grit"],"picked":"SKIP","floor":3},{"not_picked":["Anger","Clothesline"],"picked":"Pommel Strike","floor":4},{"not_picked":["Twin Strike","Flame Barrier"],"picked":"Demon Form","floor":7},{"not_picked":["Perfected Strike","Twin Strike"],"picked":"Heavy Blade","floor":10},{"not_picked":["Body Slam","Run Through","Entrench"],"picked":"SKIP","floor":12},{"not_picked":["Bloodletting","Infernal Blade","Searing Blow"],"picked":"SKIP","floor":13},{"not_picked":["Double Tap","Wild Strike","Heavy Blade"],"picked":"SKIP","floor":14},{"not_picked":["Dual Wield","Clothesline","Sword Boomerang"],"picked":"SKIP","floor":18},{"not_picked":["ReplayReversal+1","Anger","infinitespire:OneForAll+1"],"picked":"SKIP","floor":20},{"not_picked":["Warcry","Replay:Undeath\u0027s Touch+1","Twin Strike+1"],"picked":"SKIP","floor":21},{"not_picked":["Metallicize","ReplayTheSpireMod:LeadingStrike+1"],"picked":"Dual Wield+1","floor":24},{"not_picked":["Dark Embrace","Cleave","Clothesline"],"picked":"SKIP","floor":27},{"not_picked":["ReplayTheSpireMod:Strike From Hell+1","Hemokinesis","Warcry"],"picked":"SKIP","floor":30},{"not_picked":["Berserk","Clothesline+1","Thunderclap+1"],"picked":"SKIP","floor":31},{"not_picked":["Demon Form","Immolate"],"picked":"Limit Break","floor":33},{"not_picked":["Massacre","Clash","Body Slam"],"picked":"SKIP","floor":35},{"not_picked":["Twin Strike","Spot Weakness","Rupture+1","Fasting2"],"picked":"SKIP","floor":39},{"not_picked":["Dual Wield","hubris:ReadiedAction","Reckless Charge","Replay:Vibes"],"picked":"SKIP","floor":41},{"not_picked":["Evolve","Power Through","Body Slam","SandsOfTime"],"picked":"SKIP","floor":44},{"not_picked":["Replay:Undeath\u0027s Touch+1","Iron Wave","True Grit","EmptyBody"],"picked":"SKIP","floor":46},{"not_picked":["ReplayTheSpireMod:Muscle Training+1","Body Slam+1","Armaments+1","Replay:ManipulateFuture"],"picked":"SKIP","floor":48},{"not_picked":["Hemogenesis","Fiend Fire","LessonLearned"],"picked":"Feed","floor":50},{"not_picked":["Armaments","Perfected Strike","Pommel Strike","PathToVictory"],"picked":"SKIP","floor":52},{"not_picked":["Clash","Bloodletting","Flex","Vengeance"],"picked":"SKIP","floor":54},{"not_picked":["Anger","Perfected Strike","Body Slam","Replay:Cycle"],"picked":"SKIP","floor":55},{"not_picked":["ReplayTheSpireMod:Stacked","Dual Wield","Replay:Cycle"],"picked":"Battle Trance","floor":56},{"not_picked":["Twin Strike","Perfected Strike","Infernal Blade","FlyingSleeves"],"picked":"SKIP","floor":58},{"not_picked":["hubris:StunningStrike","Fire Breathing+1","Wild Strike","InnerPeace"],"picked":"SKIP","floor":61},{"not_picked":["ReplayTheSpireMod:Corrosion Curse","Iron Wave","Second Wind","CrushJoints"],"picked":"SKIP","floor":62},{"not_picked":["Cleave","Headbutt","Double Tap","MasterReality"],"picked":"SKIP","floor":65},{"not_picked":["Iron Wave","Armaments","Wild Strike","Replay:ManipulateFuture"],"picked":"SKIP","floor":69},{"not_picked":["ReplayTheSpireMod:Stacked","Anger","Entrench","Halt"],"picked":"SKIP","floor":72},{"not_picked":["Bludgeon","Armaments","Shrug It Off+1","Sanctity"],"picked":"SKIP","floor":74},{"not_picked":["Anger","ReplayTheSpireMod:Stacked","Ghostly Armor+1","Evaluate"],"picked":"SKIP","floor":76},{"not_picked":["Headbutt+1","Clothesline","Cleave+1","Ragnarok"],"picked":"SKIP","floor":79},{"not_picked":["Blood for Blood","Clash","Sever Soul","Replay:Battleflow"],"picked":"SKIP","floor":81},{"not_picked":["ReplayTheSpireMod:Black Plague","ReplayTheSpireMod:??????????????????????"],"picked":"infinitespire:NeuralNetwork","floor":85},{"not_picked":["Pummel+1","infinitespire:OneForAll","Warcry","CutThroughFate"],"picked":"SKIP","floor":86},{"not_picked":["Clash","hubris:ReadiedAction+1","Heavy Blade","Scrawl"],"picked":"SKIP","floor":91},{"not_picked":["hubris:SharpeningStone","Uppercut+1","True Grit","Replay:Cycle"],"picked":"SKIP","floor":92},{"not_picked":["Heavy Blade+1","Bludgeon","Clash+1","Worship"],"picked":"SKIP","floor":93},{"not_picked":["Heavy Blade+1","Bludgeon","Clash+1","Worship"],"picked":"SKIP","floor":93},{"not_picked":["Warcry","Life Link+1","True Grit+1","JustLucky"],"picked":"SKIP","floor":95},{"not_picked":["Carnage","Pommel Strike","Flex+1","ConjureBlade"],"picked":"SKIP","floor":98},{"not_picked":["Sever Soul","hubris:CleavingFinish+1","Run Through+1","TalkToTheHand"],"picked":"SKIP","floor":99},{"not_picked":["Barricade+1","Reaper","Judgement"],"picked":"Demon Form+1","floor":101},{"not_picked":["Wild Strike+1","Limit Break","Hemogenesis+1","CutThroughFate+1"],"picked":"SKIP","floor":105}],"player_experience":59945,"relics_obtained":[{"floor":5,"key":"Ring of Peace"},{"floor":5,"key":"Ring of Panic"},{"floor":7,"key":"ReplayTheSpireMod:Shallot"},{"floor":9,"key":"ReplayTheSpireMod:Spearhead"},{"floor":10,"key":"Replay:Bottled Eggs"},{"floor":12,"key":"PreservedInsect"},{"floor":24,"key":"infinitespire:Broken Mirror"},{"floor":26,"key":"Durian"},{"floor":29,"key":"Nilry\u0027s Codex"},{"floor":30,"key":"infinitespire:Eraser"},{"floor":38,"key":"hubris:DisguiseKit"},{"floor":41,"key":"Pantograph"},{"floor":43,"key":"infinitespire:BottledMercury"},{"floor":58,"key":"Peace Pipe"},{"floor":58,"key":"Frozen Egg 2"},{"floor":60,"key":"Lizard Tail"},{"floor":61,"key":"Replay:Arrowhead"},{"floor":65,"key":"Magic Flower"},{"floor":65,"key":"Tiny Chest"},{"floor":70,"key":"ReplayTheSpireMod:Lightbulb"},{"floor":73,"key":"ReplayTheSpireMod:Ninjato"},{"floor":74,"key":"hubris:CrystalStatue"},{"floor":74,"key":"StoneCalendar"},{"floor":76,"key":"infinitespire:Midas Blood"},{"floor":76,"key":"hubris:ToyBattleship"},{"floor":77,"key":"hubris:Teleporter"},{"floor":87,"key":"HornCleat"},{"floor":87,"key":"Replay:WaspNest"},{"floor":91,"key":"Darkstone Periapt"},{"floor":91,"key":"hubris:Zylophone"},{"floor":94,"key":"Orichalcum"},{"floor":94,"key":"Calipers"},{"floor":97,"key":"hubris:DuctTape"},{"floor":99,"key":"hubris:BottledRain"},{"floor":99,"key":"Bronze Scales"},{"floor":105,"key":"Snack Pack"},{"floor":105,"key":"Molten Egg 2"}],"event_choices":[{"damage_healed":0,"gold_gain":0,"cards_transformed":["Strike_R"],"player_choice":"Transformed","damage_taken":0,"max_hp_gain":0,"max_hp_loss":0,"event_name":"Transmorgrifier","floor":11,"gold_loss":0,"cards_obtained":["Berserk"]},{"damage_healed":0,"gold_gain":0,"player_choice":"","damage_taken":6,"max_hp_gain":0,"max_hp_loss":0,"event_name":"Knowing Skull","floor":19,"potions_obtained":[],"gold_loss":0,"cards_obtained":[]},{"damage_healed":0,"gold_gain":0,"player_choice":"Obtained Book","damage_taken":16,"max_hp_gain":0,"max_hp_loss":0,"event_name":"Cursed Tome","floor":29,"gold_loss":0},{"damage_healed":0,"gold_gain":0,"player_choice":"Paid","damage_taken":0,"relics_obtained":["Red Mask"],"max_hp_gain":0,"max_hp_loss":0,"event_name":"Tomb of Lord Red Mask","floor":36,"gold_loss":301},{"damage_healed":0,"gold_gain":0,"player_choice":"Forge","damage_taken":0,"max_hp_gain":0,"max_hp_loss":0,"event_name":"Accursed Blacksmith","floor":47,"gold_loss":0,"cards_upgraded":["Defend_R"]},{"cards_removed":["Strike_R"],"damage_healed":0,"gold_gain":0,"player_choice":"Card Removal","damage_taken":0,"max_hp_gain":0,"max_hp_loss":0,"event_name":"The Cleric","floor":59,"gold_loss":50},{"damage_healed":0,"gold_gain":0,"player_choice":"Trade","damage_taken":0,"relics_obtained":["FaceOfCleric"],"max_hp_gain":0,"max_hp_loss":0,"event_name":"FaceTrader","floor":64,"gold_loss":0},{"damage_healed":0,"gold_gain":0,"player_choice":"Upgraded","damage_taken":0,"max_hp_gain":0,"max_hp_loss":0,"event_name":"Upgrade Shrine","floor":71,"gold_loss":0,"cards_upgraded":["Defend_R"]},{"damage_healed":0,"gold_gain":0,"player_choice":"Opened","damage_taken":0,"relics_obtained":["Matryoshka"],"max_hp_gain":0,"max_hp_loss":0,"event_name":"The Mausoleum","floor":78,"gold_loss":0,"cards_obtained":["Writhe"]},{"cards_removed":["Writhe"],"damage_healed":0,"gold_gain":0,"player_choice":"Elegance","damage_taken":0,"max_hp_gain":0,"max_hp_loss":0,"event_name":"Back to Basics","floor":80,"gold_loss":0},{"damage_healed":0,"gold_gain":0,"player_choice":"0 cards matched","damage_taken":0,"max_hp_gain":0,"max_hp_loss":0,"event_name":"Match and Keep!","floor":89,"gold_loss":0,"cards_obtained":[]}],"is_beta":false,"boss_relics":[{"not_picked":["infinitespire:Burning Sword","Ectoplasm"],"picked":"hubris:HollowSoul"},{"not_picked":["ReplayTheSpireMod:DimensionalGlitch","ReplayTheSpireMod:SealedPack"],"picked":"hubris:VirtuousBlindfold"},{"not_picked":["Ooze Armor","Replay:Wanted Poster"],"picked":"Black Star"},{"not_picked":["hubris:ScarierMask","Astrolabe","Kintsugi"]},{"not_picked":["hubris:GrandSneckoEye","Abe\u0027s Treasure"],"picked":"hubris:TerracottaHorce"},{"not_picked":["Tiny House","Replay:Bronze Core"],"picked":"infinitespire:Burning Sword"}],"items_purged_floors":[22,42],"is_endless":true,"potions_floor_spawned":[1,2,3,12,18,20,27,30,31,48,50,52,55,56,65,72,76,81,91,92,95,101],"ascension_level":6}}