{"host":"1ooxfz79hmpvpehx","time":1613440616,"event":{"mods":["BaseMod","Better Altar","Better Match","Better Note","Better Sensory Stone","Better Skull","Better Third Choice","Infinite Spire","Marked Mod","Minty Spire (QoL Compilation)","Quick Restart","RNG Fix","Replay The Spire","StSLib","SuperFastMode"],"gold_per_floor":[362,362,375,300,270,270,289,289,335,349,21,21,21,21,21,21,21],"floor_reached":16,"language":"ENG","playtime":202,"items_purged":["Strike_B","Strike_B"],"score":98,"play_id":"02348f1f-75ea-4035-af64-50b203bb2664","local_time":"20210215225656","is_ascension_mode":false,"campfire_choices":[{"data":"Capacitor","floor":6.0,"key":"SMITH"},{"data":"Zap","floor":8,"key":"SMITH"},{"floor":15,"key":"DIG"}],"circlet_count":0,"master_deck":["Strike_B","Strike_B","Defend_B","Defend_B","Defend_B","Defend_B","Zap+1","Dualcast","Capacitor+1","Creative AI+1"],"relics":["Cracked Core","Kunai","Runic Capacitor","FaceOfCleric","infinitespire:Broken Mirror"],"acts_visited":["Exordium"],"potions_floor_usage":[10,14,16],"damage_taken":[{"damage":1.0,"enemies":"Cultist","floor":1.0,"turns":3.0},{"damage":7.0,"enemies":"2 Louse","floor":3.0,"turns":2.0},{"damage":5,"enemies":"Small Slimes","floor":7,"turns":3},{"damage":10,"enemies":"Exordium Thugs","floor":10,"turns":3},{"damage":0,"enemies":"3 Sentries","floor":14,"turns":1},{"damage":35,"enemies":"The Guardian","floor":16,"turns":6}],"seed_played":"-6657259936665800178","potions_obtained":[{"floor":1.0,"key":"SmokeBomb"},{"floor":5.0,"key":"Toxic Potion"},{"floor":5.0,"key":"Weak Potion"}],"is_trial":false,"path_per_floor":["M","?","M","$","?","R","M","R","T","M","$","?","?","E","R","B"],"character_chosen":"DEFECT","items_purchased":["Heatsinks","Runic Capacitor"],"campfire_rested":0,"item_purchase_floors":[11,11],"current_hp_per_floor":[53,53,46,46,46,46,41,41,41,31,31,31,31,32,32,0,0],"gold":21,"neow_bonus":"TWO_FIFTY_GOLD","is_daily":false,"chose_seed":false,"campfire_upgraded":2,"win_rate":0.0,"timestamp":1613440616,"path_taken":["M","?","?","?","?","R","M","R","T","?","$","?","?","E","R","BOSS"],"items_purchased_type":["Card","Relic"],"build_version":"2020-12-22","purchased_purges":2,"victory":false,"max_hp_per_floor":[75,75,75,75,75,75,75,75,75,75,75,75,75,76,76,76,76],"card_choices":[{"not_picked":["BasicCrystalCard","Steam"],"picked":"Capacitor","floor":1.0},{"not_picked":["Stack","Leap","ReplayTheSpireMod:Calculation Training"],"picked":"SKIP","floor":3.0},{"not_picked":["Scrape","Leap","Compile Driver"],"picked":"SKIP","floor":7},{"not_picked":["Streamline","Cold Snap","Stack"],"picked":"SKIP","floor":10}],"player_experience":16661,"relics_obtained":[{"floor":2.0,"key":"Kunai"},{"floor":15,"key":"infinitespire:Broken Mirror"}],"event_choices":[{"damage_healed":0.0,"max_hp_gain":0.0,"max_hp_loss":0.0,"gold_gain":0.0,"event_name":"The Woman in Blue","player_choice":"Bought 2 Potions","floor":5.0,"gold_loss":0.0,"damage_taken":0.0},{"damage_healed":0,"gold_gain":0,"player_choice":"Trade","damage_taken":0,"relics_obtained":["FaceOfCleric"],"max_hp_gain":0,"max_hp_loss":0,"event_name":"FaceTrader","floor":12,"gold_loss":0}],"is_beta":false,"boss_relics":[],"items_purged_floors":[4,11],"is_endless":false,"potions_floor_spawned":[1,14],"killed_by":"The Guardian","ascension_level":0}}