{"host":"6q5en8l1tdm8cus3","time":1613517837,"event":{"mods":["Act Like it!","Arknights","Aspiration","Bartender","BaseMod","BetterRewards","Downfall","Duelist Mod","Energized Spire","Gensokyo","Hallownest","Hermit","Hubris","Jorbs\u0027s Wanderer Trilogy","KinomotoSakuraMod(????)","Koishi","KomeijiMod","LagranYue(???·?)","Marisa????????","Minty Spire (QoL Compilation)","READ ME - Guardian Mod","Reimu??????","Remilia??????","Replay The Spire","Spicy Shops","StSLib","SuperFastMode","Td1madao Mod","The Administrix","The Animator","The Bug Knight","The Construct","The Cursed","The Disciple","The Florist","The Hierophant","The Marked","The Mystic","The Necromancer","The Poker Player","The Runesmith","The Servant 0.9.4","The Valiant","The Wild Card","TheBandit","Wandering Minibosses","Youmu??????"],"gold_per_floor":[115,115,115,134,134,162,172,172,240,256,1,1,12,31,31,128,128,138,138,152,32,32,32,59,59,106,106,106,119,171,94,94,94,94],"floor_reached":33,"language":"ENG","playtime":1246,"items_purged":[],"score":313,"play_id":"3b7a72c0-4174-4425-a2db-ed3be6d1581b","local_time":"20210216182357","is_ascension_mode":false,"campfire_choices":[{"data":"ObsessionWithThePresentWorld","floor":8,"key":"SMITH"},{"floor":15,"key":"REST"},{"floor":23,"key":"REST"},{"floor":27,"key":"REST"},{"floor":32,"key":"REST"}],"circlet_count":0,"master_deck":["Strike_YM","Strike_YM","Strike_YM","Strike_YM","Defend_YM","Defend_YM","Defend_YM","SlashOfPresentWorld","WheelOfPainOfLivingAndDead","LowerRealmReflectionSlash","ThreeKonsSevenHakus","HeavenlyHaloSlash","ObsessionWithThePresentWorld+1","CrescentMoonSlash","MatsuyoiReflectingSatelliteSlash","HumanKnowledgeSword","SuddenDivineSeveringOfKarmicWind","SuddenPhantomFormationSlashOfKarmicWind+1","SlashOfSaigyouSpringWind+1","PretaSword","SuddenDivineSeveringOfKarmicWind","WickedSoul"],"relics":["HalfPhantom","LagranYue:RandomDrawCardRelic","NeowsBlessing","hubris:BottledRain","Question Card","hubris:CrystalStatue","FencingExperience","ReplayTheSpireMod:Ninjato","energizedSpire:DeadBattery","Gambling Chip","ReplayFunnel","Smiling Mask"],"acts_visited":["Exordium","Gensokyo:Gensokyoer"],"potions_floor_usage":[7,13,13,24],"damage_taken":[{"damage":0,"enemies":"Small Slimes","floor":1,"turns":2},{"damage":7,"enemies":"ats:Genji","floor":4,"turns":2},{"damage":0,"enemies":"Lagavulin","floor":6,"turns":1},{"damage":0,"enemies":"Jaw Worm","floor":7,"turns":3},{"damage":2,"enemies":"Exordium Wildlife","floor":10,"turns":4},{"damage":0,"enemies":"Large Slime","floor":13,"turns":4},{"damage":0,"enemies":"2 Fungi Beasts","floor":14,"turns":3},{"damage":62,"enemies":"Slime Boss","floor":16,"turns":11},{"damage":24,"enemies":"Gensokyo:2_Gloops","floor":18,"turns":6},{"damage":32,"enemies":"Gensokyo:3_Dogs","floor":20,"turns":4},{"damage":0,"enemies":"Gensokyo:Tenshi","floor":24,"turns":4},{"damage":7,"enemies":"Gensokyo:Slime_Group","floor":29,"turns":6},{"damage":13,"enemies":"Gensokyo:Eternal_Rivals","floor":33,"turns":3}],"seed_played":"-5428681123417492038","potions_obtained":[{"floor":4,"key":"Adrenaline Potion"},{"floor":6,"key":"PowerPotion"},{"floor":7,"key":"Block Potion"},{"floor":20,"key":"Guardian:BlockOnCardUsePotion"},{"floor":29,"key":"Ancient Potion"}],"is_trial":false,"path_per_floor":["M","?","?","M","?","E","M","R","T","M","$","?","M","M","R","B",null,"M","?","M","$","?","R","E","?","T","R","?","M","T","$","R","B"],"character_chosen":"YOUMU","items_purchased":["FencingExperience","SlashOfSaigyouSpringWind+1","WickedSoul"],"campfire_rested":4,"item_purchase_floors":[11,21,31],"current_hp_per_floor":[75,75,75,68,68,68,68,68,68,66,66,54,54,54,75,13,75,51,59,27,27,27,49,49,49,49,71,71,64,64,64,75,62,62],"gold":94,"neow_bonus":"THREE_ENEMY_KILL","is_daily":false,"chose_seed":false,"campfire_upgraded":1,"win_rate":0.0,"timestamp":1613517837,"path_taken":["M","?","?","M","?","E","M","R","T","?","$","?","M","M","R","BOSS","M","?","?","$","?","R","E","?","T","R","?","M","?","$","R","BOSS"],"items_purchased_type":["Relic","Card","Card"],"build_version":"2020-12-22","purchased_purges":0,"victory":false,"max_hp_per_floor":[75,75,75,75,75,75,75,75,75,75,75,75,75,75,75,75,75,75,75,75,75,75,75,75,75,75,75,75,75,75,75,75,75,75],"card_choices":[{"not_picked":["SpiritCuttingSword","SanzenSekai"],"picked":"LowerRealmReflectionSlash","floor":1},{"not_picked":["PhosphoricSlash","SwordExtraction"],"picked":"ThreeKonsSevenHakus","floor":4},{"not_picked":["PhosphoricSlash","CherryBlossomFlashing"],"picked":"HeavenlyHaloSlash","floor":6},{"not_picked":["ConstancyOfTheConventionalTruth","SlashOfMeditation","PhosphoricSlash"],"picked":"ObsessionWithThePresentWorld","floor":7},{"not_picked":["SwordExtraction","TwoHundredYojanaInOneSlash","LowerRealmReflectionSlash"],"picked":"CrescentMoonSlash","floor":10},{"not_picked":["HiganSword","LowerRealmReflectionSlash","ConstancyOfTheConventionalTruth"],"picked":"MatsuyoiReflectingSatelliteSlash","floor":13},{"not_picked":["SwordOfBindingDesires","LifeCuttingSword","SlashOfMeditation"],"picked":"HumanKnowledgeSword","floor":14},{"not_picked":["IrresoluteSoul","GreatEnlightenmentAppearingAndDisappearing","MatsuyoiReflectingSatelliteSlash"],"picked":"SuddenDivineSeveringOfKarmicWind","floor":16},{"not_picked":["DoubleWheelOfPain","SuddenPhantomFormationSlashOfKarmicWind","ThreeKonsSevenHakus+1","FlashingScatteredFlowers"],"picked":"SKIP","floor":18},{"not_picked":["HeavenlyHaloSlash+1","SwordOfBindingDesires+1","KarmicPunishmentOfTheIdleAndUnfocused"],"picked":"SuddenPhantomFormationSlashOfKarmicWind+1","floor":20},{"not_picked":["TwoHundredYojanaInOneSlash","SwordExtraction","FlashingScatteredFlowers"],"picked":"PretaSword","floor":24},{"not_picked":["LowerRealmReflectionSlash","SanzenSekai","LifeCuttingSword"],"picked":"SuddenDivineSeveringOfKarmicWind","floor":29}],"player_experience":1061373,"relics_obtained":[{"floor":5,"key":"hubris:BottledRain"},{"floor":6,"key":"Question Card"},{"floor":9,"key":"hubris:CrystalStatue"},{"floor":24,"key":"Gambling Chip"},{"floor":26,"key":"ReplayFunnel"},{"floor":30,"key":"Smiling Mask"}],"event_choices":[{"damage_healed":0,"gold_gain":0,"player_choice":"Ignored","damage_taken":0,"max_hp_gain":0,"max_hp_loss":0,"event_name":"Golden Wing","floor":2,"gold_loss":0},{"damage_healed":0,"gold_gain":0,"player_choice":"Leave","damage_taken":0,"max_hp_gain":0,"max_hp_loss":0,"event_name":"The Cleric","floor":3,"gold_loss":0},{"damage_healed":0,"gold_gain":0,"player_choice":"Relic","damage_taken":0,"max_hp_gain":0,"max_hp_loss":0,"event_name":"Wheel of Change","floor":5,"gold_loss":0},{"damage_healed":0,"gold_gain":0,"player_choice":"Success","damage_taken":12,"relics_obtained":["ReplayTheSpireMod:Ninjato"],"max_hp_gain":0,"max_hp_loss":0,"event_name":"Scrap Ooze","floor":12,"gold_loss":0}],"is_beta":false,"boss_relics":[{"not_picked":["Replay:Grab Bag","ChewingGum"],"picked":"energizedSpire:DeadBattery"}],"items_purged_floors":[],"is_endless":false,"potions_floor_spawned":[4,6,7,20,29],"killed_by":"Gensokyo:Eternal_Rivals","ascension_level":0}}