{"host":"0jm2u9rma46qko29","time":1613511136,"event":{"mods":["Act Like it!","BaseMod","Better Altar","Better Note","Better Skull","Better Third Choice","CapriCore","Hermit","Marisa????????","Minty Spire (QoL Compilation)","Monster B Gone","Relic Stats","Robot Space Explorer","Shade Mod","StSLib","Waifu the Spire"],"gold_per_floor":[110,110,127,147,159,191,191,226,226,226,98,132,201,219,219,318,318,328,166,166,200,217,243,243,261,287,287,305,305,305],"floor_reached":29,"language":"ENG","playtime":2132,"items_purged":["Strike_R"],"score":346,"play_id":"098e5fb9-5754-4bb3-9915-3376eebbcef5","local_time":"20210216153216","is_ascension_mode":true,"campfire_choices":[{"data":"Uppercut","floor":7,"key":"SMITH"},{"data":"Body Slam","floor":15,"key":"SMITH"},{"data":"Double Tap","floor":27,"key":"SMITH"}],"circlet_count":0,"master_deck":["Defend_R","Defend_R","Defend_R","Defend_R","Bash","Sword Boomerang","Uppercut+1","Armaments","Wild Strike","Power Through","Shrug It Off","Flex","Shrug It Off","Body Slam+1","Double Tap+1","Battle Trance","Evolve","Spot Weakness","Footwork+1","Cleave","Iron Wave","Pain","Sword Boomerang","Power Through"],"relics":["Burning Blood","Dream Catcher","Meat on the Bone","Pantograph","Eternal Feather","SlaversCollar","Red Mask","Regal Pillow","WarpedTongs","Anchor"],"acts_visited":["Exordium","TheCity"],"potions_floor_usage":[3,3,6,21,21,23],"damage_taken":[{"damage":5,"enemies":"2 Louse","floor":1,"turns":4},{"damage":6,"enemies":"Cultist","floor":3,"turns":3},{"damage":0,"enemies":"Small Slimes","floor":4,"turns":3},{"damage":5,"enemies":"2 Fungi Beasts","floor":5,"turns":4},{"damage":6,"enemies":"Gremlin Nob","floor":6,"turns":3},{"damage":30,"enemies":"3 Sentries","floor":8,"turns":11},{"damage":31,"enemies":"Gremlin Nob","floor":12,"turns":5},{"damage":0,"enemies":"3 Louse","floor":14,"turns":3},{"damage":67,"enemies":"Hexaghost","floor":16,"turns":13},{"damage":44,"enemies":"Spheric Guardian","floor":18,"turns":8},{"damage":26,"enemies":"Masked Bandits","floor":21,"turns":7},{"damage":12,"enemies":"3 Byrds","floor":22,"turns":6},{"damage":0,"enemies":"Book of Stabbing","floor":23,"turns":5},{"damage":22,"enemies":"Shelled Parasite and Fungi","floor":25,"turns":6},{"damage":12,"enemies":"Centurion and Healer","floor":28,"turns":3},{"damage":60,"enemies":"Gremlin Leader","floor":29,"turns":8}],"seed_played":"-4117935875990497486","potions_obtained":[{"floor":1,"key":"EntropicBrew"},{"floor":4,"key":"Dexterity Potion"},{"floor":16,"key":"BlessingOfTheForge"},{"floor":22,"key":"Block Potion"}],"is_trial":false,"path_per_floor":["M","?","M","M","M","E","R","E","T","?","$","E","?","M","R","B",null,"M","$","?","?","M","E","?","M","T","R","M","E"],"character_chosen":"IRONCLAD","items_purchased":["Shrug It Off","Evolve","Spot Weakness"],"campfire_rested":0,"item_purchase_floors":[11,19,19],"current_hp_per_floor":[57,57,57,63,64,64,64,40,40,40,40,27,27,45,51,27,80,54,54,54,46,52,58,58,54,54,66,60,0,0],"gold":305,"neow_bonus":"REMOVE_TWO","is_daily":false,"chose_seed":false,"campfire_upgraded":3,"win_rate":0.0,"timestamp":1613511136,"path_taken":["M","?","?","M","M","E","R","E","T","?","$","E","?","M","R","BOSS","M","$","?","?","M","E","?","M","T","R","M","E"],"items_purchased_type":["Card","Card","Card"],"build_version":"2020-12-22","purchased_purges":1,"victory":false,"max_hp_per_floor":[80,80,80,80,80,80,80,80,80,80,80,80,80,80,80,80,80,80,80,80,80,80,80,80,80,80,80,80,80,80],"relic_stats":{"Dream Catcher":0,"Regal Pillow":0,"counters":[16,92],"Pantograph":25,"Eternal Feather":18,"obtain_stats":[{"SlaversCollar":17,"Dream Catcher":6,"Regal Pillow":23,"Anchor":26,"Pantograph":9,"Eternal Feather":12,"Red Mask":21,"Burning Blood":0,"Meat on the Bone":8,"WarpedTongs":24},{"SlaversCollar":9,"Dream Catcher":5,"Regal Pillow":13,"Anchor":14,"Pantograph":6,"Eternal Feather":7,"Red Mask":11,"Burning Blood":0,"Meat on the Bone":6,"WarpedTongs":13},{"SlaversCollar":49,"Dream Catcher":17,"Regal Pillow":75,"Anchor":81,"Pantograph":28,"Eternal Feather":33,"Red Mask":64,"Burning Blood":0,"Meat on the Bone":28,"WarpedTongs":75}],"Burning Blood":90,"Meat on the Bone":84,"WarpedTongs":[17]},"card_choices":[{"not_picked":["Combust","Iron Wave"],"picked":"Sword Boomerang","floor":1},{"not_picked":["Whirlwind","Flex"],"picked":"Uppercut","floor":3},{"not_picked":["Clash","Sentinel"],"picked":"Armaments","floor":4},{"not_picked":["Blood for Blood","Iron Wave"],"picked":"Wild Strike","floor":5},{"not_picked":["Pommel Strike","Fiend Fire"],"picked":"Power Through","floor":6},{"not_picked":["Sword Boomerang","Anger"],"picked":"Shrug It Off","floor":8},{"not_picked":["Iron Wave","Thunderclap"],"picked":"Body Slam","floor":12},{"not_picked":["Havoc","Flex","Heavy Blade"],"picked":"SKIP","floor":14},{"not_picked":["Fiend Fire","Corruption"],"picked":"Double Tap","floor":16},{"not_picked":["Feel No Pain","Clash"],"picked":"Battle Trance","floor":18},{"not_picked":["Clothesline","Pommel Strike"],"picked":"Cleave","floor":21},{"not_picked":["Anger","Warcry"],"picked":"Iron Wave","floor":22},{"not_picked":["Searing Blow+1","Whirlwind","Rage+1"],"picked":"SKIP","floor":23},{"not_picked":["Headbutt","Dark Embrace+1"],"picked":"Sword Boomerang","floor":25},{"not_picked":["Shrug It Off","Warcry"],"picked":"Power Through","floor":28}],"player_experience":186797,"relics_obtained":[{"floor":6,"key":"Dream Catcher"},{"floor":8,"key":"Meat on the Bone"},{"floor":9,"key":"Pantograph"},{"floor":12,"key":"Eternal Feather"},{"floor":21,"key":"Red Mask"},{"floor":23,"key":"Regal Pillow"},{"floor":26,"key":"Anchor"}],"event_choices":[{"cards_removed":["Strike_R"],"damage_healed":0,"gold_gain":0,"player_choice":"Purged","damage_taken":0,"max_hp_gain":0,"max_hp_loss":0,"event_name":"Purifier","floor":2,"gold_loss":0},{"damage_healed":0,"gold_gain":0,"cards_transformed":["Strike_R"],"player_choice":"Change","damage_taken":0,"max_hp_gain":0,"max_hp_loss":0,"event_name":"Living Wall","floor":10,"gold_loss":0,"cards_obtained":["Flex"]},{"damage_healed":0,"gold_gain":69,"player_choice":"Gained Gold","damage_taken":0,"max_hp_gain":0,"max_hp_loss":0,"event_name":"Golden Wing","floor":13,"gold_loss":0},{"cards_removed":["Double Tap"],"damage_healed":0,"gold_gain":0,"player_choice":"Take \u0026 Give","damage_taken":0,"max_hp_gain":0,"max_hp_loss":0,"event_name":"betterNote:BetterNote","floor":20,"gold_loss":0,"cards_obtained":["Footwork"]},{"damage_healed":0,"gold_gain":0,"player_choice":"Fought Bandits","damage_taken":0,"max_hp_gain":0,"max_hp_loss":0,"event_name":"Masked Bandits","floor":21,"gold_loss":0},{"damage_healed":0,"gold_gain":0,"player_choice":"Rummage","damage_taken":0,"relics_obtained":["WarpedTongs"],"max_hp_gain":0,"max_hp_loss":0,"event_name":"Accursed Blacksmith","floor":24,"gold_loss":0,"cards_obtained":["Pain"]}],"is_beta":false,"boss_relics":[{"not_picked":["Fusion Hammer","Black Blood"],"picked":"SlaversCollar"}],"items_purged_floors":[11],"is_endless":false,"potions_floor_spawned":[1,4,16,22],"killed_by":"Gremlin Leader","ascension_level":4}}