{"host":"g7sxcfouz24f0psv","time":1613480889,"event":{"mods":["BaseMod","Hermit","Minty Spire (QoL Compilation)","StSLib","The Cursed"],"gold_per_floor":[111,124,124,136,136,136,153,153,153,164,164,176,60,75,75,174,174,185,199,214,232,244,244,244,269,269,269,269,269,269,288,288,383,383,398,418,418,418,418,448,448,448,526,545,580,580,580,598,598,598,598,598,12,37,37,37],"floor_reached":55,"language":"ENG","playtime":3654,"items_purged":["TheCursedMod:Dregs"],"score":739,"play_id":"1b22f122-2026-480b-bf9b-10d26755ebc7","local_time":"20210216140809","is_ascension_mode":false,"campfire_choices":[{"data":"Noxious Fumes","floor":6,"key":"SMITH"},{"floor":8,"key":"REST"},{"data":"Deadly Poison","floor":11,"key":"SMITH"},{"data":"Noxious Fumes","floor":15,"key":"SMITH"},{"floor":23,"key":"REST"},{"floor":27,"key":"REST"},{"data":"Crippling Poison","floor":30,"key":"SMITH"},{"floor":32,"key":"REST"},{"floor":41,"key":"REST"},{"floor":47,"key":"RECALL"},{"floor":49,"key":"REST"},{"data":"Catalyst","floor":52,"key":"SMITH"}],"circlet_count":0,"master_deck":["Strike_G","Strike_G","Strike_G","Strike_G","Strike_G","Defend_G","Defend_G","Defend_G","Defend_G","Defend_G","Survivor","Neutralize","Deadly Poison+1","Backflip","Noxious Fumes+1","Deadly Poison+1","Well Laid Plans","Backflip","Noxious Fumes+1","Crippling Poison+1","Dodge and Roll","After Image","Poisoned Stab","Catalyst+1","Deflect","Prepared","Footwork+1","RitualDagger","Bane","Bouncing Flask","Acrobatics","Deadly Poison+1","Shame","Dodge and Roll+1","Bane+1","Clumsy","Blur+1","Footwork","Calculated Gamble","Crippling Poison+1"],"relics":["Ring of the Snake","Regal Pillow","Pantograph","Velvet Choker","Kunai","Sundial","Bottled Lightning","FaceOfCleric","Cursed Key","Anchor","Mummified Hand","Bottled Tornado","Snake Skull","TheAbacus","Gremlin Horn"],"acts_visited":["Exordium","TheCity","TheBeyond","TheEnding"],"potions_floor_usage":[16,20,21,22,22,22,22,25,40,45,45,50,55,55],"damage_taken":[{"damage":0,"enemies":"Small Slimes","floor":1,"turns":5},{"damage":0,"enemies":"Cultist","floor":2,"turns":5},{"damage":0,"enemies":"2 Louse","floor":4,"turns":3},{"damage":48,"enemies":"Gremlin Gang","floor":7,"turns":4},{"damage":0,"enemies":"3 Louse","floor":10,"turns":4},{"damage":0,"enemies":"Looter","floor":12,"turns":4},{"damage":0,"enemies":"Exordium Wildlife","floor":14,"turns":4},{"damage":12,"enemies":"Slime Boss","floor":16,"turns":9},{"damage":0,"enemies":"Shell Parasite","floor":18,"turns":5},{"damage":11,"enemies":"Spheric Guardian","floor":19,"turns":4},{"damage":13,"enemies":"3 Cultists","floor":20,"turns":6},{"damage":32,"enemies":"Cultist and Chosen","floor":21,"turns":7},{"damage":9,"enemies":"Sentry and Sphere","floor":22,"turns":4},{"damage":33,"enemies":"Slavers","floor":25,"turns":6},{"damage":8,"enemies":"Snake Plant","floor":31,"turns":6},{"damage":33,"enemies":"Automaton","floor":33,"turns":10},{"damage":0,"enemies":"3 Shapes","floor":35,"turns":5},{"damage":1,"enemies":"Orb Walker","floor":36,"turns":3},{"damage":51,"enemies":"Reptomancer","floor":40,"turns":6},{"damage":7,"enemies":"Spire Growth","floor":44,"turns":4},{"damage":9,"enemies":"Giant Head","floor":45,"turns":8},{"damage":25,"enemies":"3 Darklings","floor":48,"turns":4},{"damage":27,"enemies":"Donu and Deca","floor":50,"turns":8},{"damage":58,"enemies":"Shield and Spear","floor":54,"turns":6},{"damage":67,"enemies":"The Heart","floor":55,"turns":3}],"seed_played":"3692937179279173181","potions_obtained":[{"floor":2,"key":"CunningPotion"},{"floor":10,"key":"Strength Potion"},{"floor":16,"key":"EntropicBrew"},{"floor":18,"key":"BlessingOfTheForge"},{"floor":21,"key":"SteroidPotion"},{"floor":33,"key":"SkillPotion"},{"floor":35,"key":"SkillPotion"},{"floor":36,"key":"FearPotion"},{"floor":44,"key":"Poison Potion"},{"floor":48,"key":"AttackPotion"}],"is_trial":false,"path_per_floor":["M","M","?","M","?","R","M","R","T","M","R","M","$","M","R","B",null,"M","M","M","M","M","R","T","E","T","R","?","?","R","M","R","B",null,"M","M","?","?","?","E","R","?","T","M","E","T","R","M","R","B",null,"R","$","E","B"],"character_chosen":"THE_SILENT","items_purchased":["Noxious Fumes","Crippling Poison","Snake Skull","Footwork","Calculated Gamble","TheAbacus","LiquidBronze"],"campfire_rested":6,"item_purchase_floors":[13,13,53,53,53,53,53],"current_hp_per_floor":[70,70,70,70,70,70,22,58,58,58,58,58,58,58,58,58,70,70,59,46,14,5,41,41,8,8,44,38,38,38,31,67,39,72,73,73,73,70,70,20,56,56,56,50,42,42,42,18,55,48,75,75,75,18,0,0],"gold":37,"neow_bonus":"RANDOM_COMMON_RELIC","is_daily":false,"chose_seed":false,"campfire_upgraded":5,"win_rate":0.0,"timestamp":1613480889,"path_taken":["M","M","?","M","?","R","M","R","T","M","R","M","$","M","R","BOSS","M","M","M","M","M","R","?","E","T","R","?","?","R","M","R","BOSS","M","?","?","?","?","E","R","?","T","?","E","?","R","M","R","BOSS","R","$","E","BOSS"],"items_purchased_type":["Card","Card","Relic","Card","Card","Relic","Potion"],"build_version":"2020-12-22","purchased_purges":1,"victory":false,"max_hp_per_floor":[70,70,70,70,70,70,70,70,70,70,70,70,70,70,70,70,70,70,70,70,70,70,70,70,70,70,70,70,70,70,71,71,72,72,73,74,74,70,70,71,71,71,71,72,73,73,73,74,74,75,75,75,75,76,76,76],"card_choices":[{"not_picked":["Quick Slash","Bane"],"picked":"Deadly Poison","floor":1},{"not_picked":["Calculated Gamble","Dodge and Roll"],"picked":"Backflip","floor":2},{"not_picked":["Dash","Dodge and Roll"],"picked":"Noxious Fumes","floor":4},{"not_picked":["Reflex","Dodge and Roll"],"picked":"Deadly Poison","floor":7},{"not_picked":["Envenom","Dagger Throw"],"picked":"Well Laid Plans","floor":10},{"not_picked":["Flying Knee","Terror"],"picked":"Backflip","floor":12},{"not_picked":["Predator","Blade Dance"],"picked":"Dodge and Roll","floor":14},{"not_picked":["Malaise","Wraith Form v2"],"picked":"After Image","floor":16},{"not_picked":["PiercingWail+1","Flying Knee"],"picked":"Poisoned Stab","floor":18},{"not_picked":["Backstab","Dagger Spray"],"picked":"Catalyst","floor":19},{"not_picked":["Acrobatics","All Out Attack"],"picked":"Bane","floor":20},{"not_picked":["Riddle With Holes+1","Caltrops"],"picked":"Deflect","floor":21},{"not_picked":["Eviscerate","Caltrops"],"picked":"Prepared","floor":22},{"not_picked":["Flechettes","Skewer+1"],"picked":"Footwork+1","floor":25},{"not_picked":["Caltrops+1","Distraction"],"picked":"Bane","floor":31},{"not_picked":["Sucker Punch+1","Dagger Spray+1"],"picked":"Bouncing Flask","floor":35},{"not_picked":["Flying Knee","Dagger Throw+1"],"picked":"Acrobatics","floor":36},{"not_picked":["Prepared","Poisoned Stab"],"picked":"Deadly Poison+1","floor":40},{"not_picked":["Backflip","Escape Plan"],"picked":"Dodge and Roll+1","floor":44},{"not_picked":["Blade Dance","Slice+1"],"picked":"Bane+1","floor":45},{"not_picked":["Dagger Spray","Night Terror"],"picked":"Blur+1","floor":48},{"not_picked":["Heel Hook+1","Dash+1"],"picked":"Crippling Poison+1","floor":54}],"player_experience":51699,"relics_obtained":[{"floor":9,"key":"Pantograph"},{"floor":24,"key":"Kunai"},{"floor":25,"key":"Sundial"},{"floor":26,"key":"Bottled Lightning"},{"floor":40,"key":"Anchor"},{"floor":45,"key":"Mummified Hand"},{"floor":46,"key":"Bottled Tornado"},{"floor":54,"key":"Gremlin Horn"}],"event_choices":[{"damage_healed":0,"gold_gain":0,"player_choice":"Grow","damage_taken":0,"max_hp_gain":0,"max_hp_loss":0,"event_name":"Living Wall","floor":3,"gold_loss":0,"cards_upgraded":["Deadly Poison"]},{"damage_healed":0,"gold_gain":0,"player_choice":"1 cards matched","damage_taken":0,"max_hp_gain":0,"max_hp_loss":0,"event_name":"Match and Keep!","floor":5,"gold_loss":0,"cards_obtained":["TheCursedMod:Dregs"]},{"damage_healed":0,"gold_gain":0,"player_choice":"Joined the Cult","damage_taken":6,"max_hp_gain":0,"max_hp_loss":0,"event_name":"Nest","floor":28,"gold_loss":0,"cards_obtained":["RitualDagger"]},{"damage_healed":0,"gold_gain":0,"player_choice":"Trade","damage_taken":0,"relics_obtained":["FaceOfCleric"],"max_hp_gain":0,"max_hp_loss":0,"event_name":"FaceTrader","floor":29,"gold_loss":0},{"damage_healed":0,"gold_gain":0,"player_choice":"Ignored","damage_taken":0,"max_hp_gain":0,"max_hp_loss":0,"event_name":"Tomb of Lord Red Mask","floor":37,"gold_loss":0},{"damage_healed":0,"gold_gain":0,"player_choice":"Max HP","damage_taken":0,"max_hp_gain":0,"max_hp_loss":4,"event_name":"Winding Halls","floor":38,"gold_loss":0},{"damage_healed":0,"gold_gain":0,"player_choice":"Ignored","damage_taken":0,"max_hp_gain":0,"max_hp_loss":0,"event_name":"Mysterious Sphere","floor":39,"gold_loss":0},{"cards_removed":["Bane"],"damage_healed":0,"gold_gain":0,"player_choice":"Removed Attack","damage_taken":0,"max_hp_gain":0,"max_hp_loss":0,"event_name":"Falling","floor":42,"gold_loss":0}],"is_beta":false,"boss_relics":[{"not_picked":["Tiny House","Sozu"],"picked":"Velvet Choker"},{"not_picked":["Ring of the Serpent","Snecko Eye"],"picked":"Cursed Key"}],"items_purged_floors":[53],"is_endless":false,"potions_floor_spawned":[2,10,16,18,21,33,35,36,44,48],"killed_by":"The Heart","ascension_level":0}}