{"host":"ktoxvvst1mwxww91","time":1613478574,"event":{"mods":["BaseMod","Downfall","Hermit","Minty Spire (QoL Compilation)","StSLib","The Hierophant","The Necromancer"],"gold_per_floor":[109,109,34,53,65,65,95,95,141,141,151,151,164,190,190,288,288,307,319,319,319,331,331],"floor_reached":22,"language":"ENG","playtime":538,"items_purged":["Strike_R"],"score":291,"play_id":"1a5ece66-be1b-4ccc-92fa-b877e52a99dd","local_time":"20210216132934","is_ascension_mode":true,"campfire_choices":[{"data":"Pommel Strike","floor":6,"key":"SMITH"},{"data":"Headbutt","floor":8,"key":"SMITH"},{"data":"Fire Breathing","floor":10,"key":"SMITH"},{"data":"Headbutt","floor":12,"key":"SMITH"},{"floor":15,"key":"REST"}],"circlet_count":0,"master_deck":["AscendersBane","Strike_R","Strike_R","Strike_R","Strike_R","Defend_R","Defend_R","Defend_R","Defend_R","Bash+1","Pommel Strike+1","Fire Breathing+1","Feel No Pain","Headbutt+1","Headbutt+1","Anger","Shrug It Off+1","Bludgeon","Clothesline+1","Armaments+1"],"relics":["Burning Blood","NeowsBlessing","Centennial Puzzle","Lantern","Toxic Egg 2","Runic Pyramid","Enchiridion","MawBank"],"acts_visited":["Exordium","TheCity"],"potions_floor_usage":[13,14,14,16],"damage_taken":[{"damage":0,"enemies":"Small Slimes","floor":1,"turns":2},{"damage":0,"enemies":"Cultist","floor":4,"turns":1},{"damage":0,"enemies":"2 Louse","floor":5,"turns":1},{"damage":40,"enemies":"Gremlin Nob","floor":7,"turns":5},{"damage":14,"enemies":"Exordium Thugs","floor":11,"turns":5},{"damage":5,"enemies":"2 Fungi Beasts","floor":13,"turns":3},{"damage":20,"enemies":"Lagavulin","floor":14,"turns":6},{"damage":9,"enemies":"Slime Boss","floor":16,"turns":6},{"damage":41,"enemies":"2 Thieves","floor":18,"turns":4},{"damage":16,"enemies":"Chosen","floor":19,"turns":4},{"damage":13,"enemies":"Snecko","floor":22,"turns":5}],"seed_played":"6133061562677987268","potions_obtained":[{"floor":4,"key":"SneckoOil"},{"floor":7,"key":"PowerPotion"},{"floor":11,"key":"BlessingOfTheForge"},{"floor":13,"key":"Dexterity Potion"},{"floor":18,"key":"Swift Potion"}],"is_trial":false,"path_per_floor":["M","?","$","M","M","R","E","R","T","R","M","R","M","E","R","B",null,"M","M","?","?","M"],"character_chosen":"IRONCLAD","items_purchased":[],"campfire_rested":1,"item_purchase_floors":[],"current_hp_per_floor":[78,78,78,80,80,80,46,46,46,46,38,38,39,25,49,46,72,37,27,11,11,0,0],"gold":331,"neow_bonus":"THREE_ENEMY_KILL","is_daily":false,"chose_seed":false,"campfire_upgraded":4,"win_rate":0.0,"timestamp":1613478574,"path_taken":["M","?","$","M","M","R","E","R","T","R","M","R","M","E","R","BOSS","M","M","?","?","?"],"items_purchased_type":[],"build_version":"2020-12-22","purchased_purges":1,"victory":false,"max_hp_per_floor":[80,80,80,80,80,80,80,80,80,80,80,80,80,80,80,80,80,80,80,80,80,80,80],"card_choices":[{"not_picked":["Anger","Clothesline"],"picked":"Pommel Strike","floor":1},{"not_picked":["Thunderclap","Metallicize"],"picked":"Fire Breathing","floor":4},{"not_picked":["Pummel","Searing Blow"],"picked":"Feel No Pain","floor":5},{"not_picked":["Searing Blow","Thunderclap"],"picked":"Headbutt","floor":7},{"not_picked":["Havoc","Perfected Strike"],"picked":"Headbutt","floor":11},{"not_picked":["Clothesline","Clash"],"picked":"Anger","floor":13},{"not_picked":["Warcry+1","Headbutt"],"picked":"Shrug It Off+1","floor":14},{"not_picked":["Brutality","Offering+1"],"picked":"Bludgeon","floor":16},{"not_picked":["Perfected Strike","Twin Strike"],"picked":"Clothesline+1","floor":18},{"not_picked":["Searing Blow","Body Slam"],"picked":"Armaments+1","floor":19}],"player_experience":1174427,"relics_obtained":[{"floor":7,"key":"Centennial Puzzle"},{"floor":9,"key":"Lantern"},{"floor":14,"key":"Toxic Egg 2"},{"floor":20,"key":"Enchiridion"}],"event_choices":[{"damage_healed":0,"gold_gain":0,"player_choice":"Upgraded","damage_taken":0,"max_hp_gain":0,"max_hp_loss":0,"event_name":"Upgrade Shrine","floor":2,"gold_loss":0,"cards_upgraded":["Bash"]},{"damage_healed":0,"gold_gain":0,"player_choice":"Obtained Book","damage_taken":16,"max_hp_gain":0,"max_hp_loss":0,"event_name":"Cursed Tome","floor":20,"gold_loss":0},{"damage_healed":0,"gold_gain":0,"player_choice":"Gave Potion","damage_taken":0,"relics_obtained":["MawBank"],"max_hp_gain":0,"max_hp_loss":0,"event_name":"WeMeetAgain","floor":21,"gold_loss":0}],"is_beta":false,"boss_relics":[{"not_picked":["Empty Cage","Astrolabe"],"picked":"Runic Pyramid"}],"items_purged_floors":[3],"is_endless":false,"potions_floor_spawned":[4,7,11,13,18],"killed_by":"Snecko","ascension_level":10}}