{"host":"aaqofma31c3gm2hj","time":1613448083,"event":{"mods":["BaseMod","GungeonMod","Minty Spire (QoL Compilation)","Replay The Spire","Spicy Shops","StSLib"],"gold_per_floor":[118,118,118,141,9,237,26,69,124,124,124,152,183,192,224,224,233,338,374,394,410,380,410,438,438,489,489,515,538,565,590,590,317,317,317,417,417,449,481,123,162,175,175,213,213,237,237,290,290,315,330,393,417,448,457,457,457,457,466,9,62,62],"floor_reached":63,"language":"ZHS","playtime":2598,"items_purged":["Strike_B","Beam Cell","Zap","Cold Snap"],"score":3193,"play_id":"f578ffdf-6e9b-4644-953c-e98db8c49db8","local_time":"20210216120123","is_ascension_mode":true,"campfire_choices":[{"data":"Skim","floor":16.0,"key":"SMITH"},{"floor":27.0,"key":"DIG"},{"floor":35.0,"key":"DIG"},{"floor":43.0,"key":"RECALL"},{"floor":45.0,"key":"DIG"}],"circlet_count":0,"master_deck":["AscendersBane","ReplayTheSpireMod:Calculation Training+1","Go for the Eyes","Skim+1","Electrodynamics","FTL","Force Field","Skim+1","BasicCrystalCard+1","Ball Lightning","Ghostly","Ghostly","Ghostly","Core Surge","Echo Form","Turbo+1","Coolheaded","Glacier","Biased Cognition+1","Defragment","Mirror Shield","Crystallizer","Reboot"],"relics":["Cracked Core","Replay:Multitool","Golden Idol","ClockworkSouvenir","Blue Candle","CeramicFish","Bronze Scales","Carrot","Ornamental Fan","Pandora\u0027s Box","Prayer Wheel","Akabeko","DataDisk","Centennial Puzzle","Medical Kit","Replay:Bottled Flurry","DemoMod:RiddleOfLead","Membership Card","Bag of Preparation","Strange Spoon","White Beast Statue","DemoMod:PoisonVial","Ring of Peace","MealTicket","Prayer Wheel","DemoMod:WeirdEgg","Strawberry","Replay:Baseball","Symbiotic Virus","Orichalcum","DemoMod:GlassGuonStoneRelic","ReplayTheSpireMod:Shallot"],"acts_visited":["Exordium","TheCity","TheBeyond","TheEnding"],"potions_floor_usage":[61,62],"damage_taken":[{"damage":2.0,"enemies":"2 Louse","floor":1.0,"turns":4.0},{"damage":9.0,"enemies":"Small Slimes","floor":4.0,"turns":5.0},{"damage":17.0,"enemies":"Lagavulin","floor":8.0,"turns":8.0},{"damage":0.0,"enemies":"Jaw Worm","floor":12.0,"turns":2.0},{"damage":9.0,"enemies":"Gremlin Nob","floor":13.0,"turns":4.0},{"damage":0.0,"enemies":"Exordium Wildlife","floor":15.0,"turns":2.0},{"damage":14.0,"enemies":"Hexaghost","floor":18.0,"turns":9.0},{"damage":35.0,"enemies":"2 Thieves","floor":20.0,"turns":4.0},{"damage":1.0,"enemies":"Spheric Guardian","floor":21.0,"turns":3.0},{"damage":0.0,"enemies":"Cultist and Chosen","floor":23.0,"turns":3.0},{"damage":18.0,"enemies":"Snake Plant","floor":24.0,"turns":3.0},{"damage":1.0,"enemies":"Snecko","floor":31.0,"turns":4.0},{"damage":0.0,"enemies":"Champ","floor":36.0,"turns":9.0},{"damage":0.0,"enemies":"Orb Walker","floor":38.0,"turns":3.0},{"damage":11.0,"enemies":"3 Shapes","floor":39.0,"turns":3.0},{"damage":0.0,"enemies":"Transient","floor":41.0,"turns":6.0},{"damage":1.0,"enemies":"Spire Growth","floor":42.0,"turns":4.0},{"damage":0.0,"enemies":"Giant Head","floor":44.0,"turns":11.0},{"damage":0.0,"enemies":"3 Darklings","floor":46.0,"turns":4.0},{"damage":1.0,"enemies":"Sphere and 2 Shapes","floor":50.0,"turns":3.0},{"damage":0.0,"enemies":"Maw","floor":51.0,"turns":7.0},{"damage":0.0,"enemies":"R_Hoarder","floor":52.0,"turns":9.0},{"damage":0.0,"enemies":"Writhing Mass","floor":53.0,"turns":7.0},{"damage":0.0,"enemies":"Nemesis","floor":54.0,"turns":8.0},{"damage":0.0,"enemies":"Awakened One","floor":56.0,"turns":12.0},{"damage":7.0,"enemies":"Time Eater","floor":57.0,"turns":12.0},{"damage":0,"enemies":"Shield and Spear","floor":61,"turns":6},{"damage":34,"enemies":"The Heart","floor":62,"turns":11}],"seed_played":"-2249611798138863815","potions_obtained":[{"floor":1.0,"key":"Fire Potion"},{"floor":12.0,"key":"SteroidPotion"},{"floor":13.0,"key":"LiquidBronze"},{"floor":20.0,"key":"Swift Potion"},{"floor":22.0,"key":"FairyPotion"},{"floor":24.0,"key":"DemoMod:LeadSkinPotion"},{"floor":26.0,"key":"DistilledChaos"},{"floor":26.0,"key":"FairyPotion"},{"floor":44.0,"key":"FearPotion"},{"floor":46.0,"key":"ColorlessPotion"},{"floor":53.0,"key":"Explosive Potion"},{"floor":54.0,"key":"Energy Potion"},{"floor":61,"key":"PowerPotion"}],"is_trial":false,"path_per_floor":["M","?","?","M","$","R","$","E","T","T","R","M","E","R","M","R","R","B",null,"M","M","?","M","M","R","?","R","T","T","?","M","?","$","?","R","B",null,"M","M","$","M","M","R","E","R","M","R","T","?","M","M","E","M","E","R","B","B",null,"R","$","E","B",null],"character_chosen":"DEFECT","items_purchased":["ClockworkSouvenir","ColorlessPotion","Blue Candle","Medical Kit","Membership Card","Bag of Preparation","Strange Spoon","Replay:Baseball","DuplicationPotion","Symbiotic Virus","Orichalcum"],"campfire_rested":0,"item_purchase_floors":[5,5,7,33,40,40,40,60,60,60,60],"current_hp_per_floor":[62,55,55,46,46,46,46,29,29,29,46,46,37,37,37,37,37,23,49,14,13,13,13,17,34,15,15,15,15,15,14,14,14,20,20,20,39,39,28,28,28,27,27,27,27,27,27,27,27,26,26,26,26,33,33,33,26,41,41,46,46,12],"gold":62,"neow_bonus":"ONE_RARE_RELIC","is_daily":false,"chose_seed":false,"campfire_upgraded":1,"win_rate":0.0,"timestamp":1613448083,"path_taken":["M","?","?","M","$","R","?","E","T","T","R","M","E","R","M","R","R","BOSS","M","M","?","?","M","R","?","R","T","T","?","M","?","$","?","R","BOSS","M","M","$","M","M","R","E","R","M","R","T","?","M","M","E","?","E","R","BOSS","BOSS","R","$","E","BOSS"],"items_purchased_type":["Relic","Potion","Relic","Relic","Relic","Relic","Relic","Relic","Potion","Relic","Relic"],"build_version":"2020-12-22","purchased_purges":4,"victory":true,"max_hp_per_floor":[64,64,58,58,58,58,58,58,58,58,58,58,58,58,58,58,58,58,58,58,58,58,58,58,58,58,58,58,58,29,29,29,29,29,29,29,39,39,39,39,39,39,39,39,39,39,39,39,39,39,39,39,39,46,46,46,46,46,46,46,46,46],"card_choices":[{"not_picked":["Rebound","Redo"],"picked":"ReplayTheSpireMod:Calculation Training","floor":1.0},{"not_picked":["ReplayTheSpireMod:System Scan","Sweeping Beam","Go for the Eyes"],"picked":"SKIP","floor":4.0},{"not_picked":["Chaos","FTL"],"picked":"Cold Snap","floor":6.0},{"not_picked":["ReplaySolidLightProjector","Beam Cell","Sweeping Beam"],"picked":"SKIP","floor":8.0},{"not_picked":["Go for the Eyes","Rebound","Lockon"],"picked":"SKIP","floor":12.0},{"not_picked":["Rebound","Lockon"],"picked":"Go for the Eyes","floor":12.0},{"not_picked":["Time Bomb","FIFO Queue","ReplayTheSpireMod:System Scan"],"picked":"SKIP","floor":13.0},{"not_picked":["Chill","Cold Snap"],"picked":"Electrodynamics","floor":15.0},{"not_picked":["Hyperbeam","Buffer"],"picked":"ReplayTheSpireMod:Fabricate Wheel","floor":18.0},{"not_picked":["Beam Cell","BasicCrystalCard","Gash"],"picked":"SKIP","floor":20.0},{"not_picked":["Stack","Storm","Streamline"],"picked":"SKIP","floor":20.0},{"not_picked":["Tempest","Steam","Barrage"],"picked":"SKIP","floor":21.0},{"not_picked":["Force Field+1","Panic Button","Consume"],"picked":"SKIP","floor":21.0},{"not_picked":["Cold Snap","Go for the Eyes"],"picked":"BasicCrystalCard+1","floor":23.0},{"not_picked":["Blizzard","Hologram","Rainbow"],"picked":"SKIP","floor":23.0},{"not_picked":["Leap","Beam Cell"],"picked":"Ball Lightning","floor":24.0},{"not_picked":["Hologram","Sweeping Beam","Darkness"],"picked":"SKIP","floor":24.0},{"not_picked":["Ball Lightning","Cold Snap"],"picked":"Core Surge","floor":31.0},{"not_picked":["Conserve Battery","Beam Cell","Heatsinks"],"picked":"SKIP","floor":31.0},{"not_picked":["Seek","All For One"],"picked":"Echo Form","floor":36.0},{"not_picked":["Ball Lightning","Melter"],"picked":"Turbo+1","floor":38.0},{"not_picked":["Steam","Hologram+1","BasicCrystalCard"],"picked":"SKIP","floor":38.0},{"not_picked":["Cold Snap","Go for the Eyes"],"picked":"Coolheaded","floor":39.0},{"not_picked":["ReplayTheSpireMod:GoodbyeWorld","Streamline","Double Energy"],"picked":"SKIP","floor":39.0},{"not_picked":["Redo","Sunder"],"picked":"Glacier","floor":41.0},{"not_picked":["Ball Lightning","Self Repair"],"picked":"Biased Cognition","floor":41.0},{"not_picked":["Coolheaded","Crystallizer","Panic Button"],"picked":"SKIP","floor":42.0},{"not_picked":["Streamline","Hello World","BasicCrystalCard"],"picked":"SKIP","floor":42.0},{"not_picked":["Chaos","Streamline","Ball Lightning"],"picked":"SKIP","floor":44.0},{"not_picked":["Conserve Battery","Crystallizer","Beam Cell"],"picked":"SKIP","floor":46.0},{"not_picked":["Streamline","Panic Button","Time Bomb"],"picked":"SKIP","floor":46.0},{"not_picked":["Redo","Cold Snap+1"],"picked":"Defragment","floor":50.0},{"not_picked":["Stack","FIFO Queue","Double Energy"],"picked":"SKIP","floor":50.0},{"not_picked":["ReplayGash","Time Bomb","Conserve Battery"],"picked":"SKIP","floor":51.0},{"not_picked":["Beam Cell+1","Go for the Eyes","Stack+1"],"picked":"SKIP","floor":51.0},{"not_picked":["Heatsinks","FTL","Glacier"],"picked":"SKIP","floor":52.0},{"not_picked":["Rebound","Chaos","ReplayGash"],"picked":"SKIP","floor":53.0},{"not_picked":["Hologram","Storm","Glacier"],"picked":"SKIP","floor":53.0},{"not_picked":["Barrage","Ball Lightning","Panic Button"],"picked":"SKIP","floor":53.0},{"not_picked":["Crystallizer","Ball Lightning+1","Hologram"],"picked":"SKIP","floor":54.0},{"not_picked":["Beam Cell","Conserve Battery"],"picked":"Reboot","floor":61}],"player_experience":666893,"relics_obtained":[{"floor":8.0,"key":"CeramicFish"},{"floor":9.0,"key":"Bronze Scales"},{"floor":10.0,"key":"Carrot"},{"floor":13.0,"key":"Ornamental Fan"},{"floor":26.0,"key":"Akabeko"},{"floor":27.0,"key":"DataDisk"},{"floor":29.0,"key":"Centennial Puzzle"},{"floor":35.0,"key":"Replay:Bottled Flurry"},{"floor":44.0,"key":"White Beast Statue"},{"floor":45.0,"key":"DemoMod:PoisonVial"},{"floor":47.0,"key":"Ring of Peace"},{"floor":48.0,"key":"MealTicket"},{"floor":52.0,"key":"DemoMod:WeirdEgg"},{"floor":54.0,"key":"Strawberry"},{"floor":61,"key":"ReplayTheSpireMod:Shallot"}],"event_choices":[{"cards_removed":["Strike_B"],"damage_healed":0.0,"max_hp_gain":0.0,"max_hp_loss":0.0,"gold_gain":0.0,"event_name":"Golden Wing","player_choice":"Card Removal","floor":2.0,"gold_loss":0.0,"damage_taken":7.0},{"damage_healed":0.0,"max_hp_gain":0.0,"max_hp_loss":6.0,"gold_gain":0.0,"event_name":"Golden Idol","player_choice":"Lose Max HP","floor":3.0,"gold_loss":0.0,"damage_taken":0.0,"relics_obtained":["Golden Idol"]},{"damage_healed":0.0,"max_hp_gain":0.0,"max_hp_loss":0.0,"gold_gain":0.0,"event_name":"The Woman in Blue","player_choice":"Bought 2 Potions","floor":22.0,"gold_loss":0.0,"damage_taken":0.0},{"damage_healed":0.0,"max_hp_gain":0.0,"max_hp_loss":29.0,"gold_gain":0.0,"event_name":"Ghosts","player_choice":"Became a Ghost","floor":30.0,"gold_loss":0.0,"damage_taken":0.0,"cards_obtained":["Ghostly","Ghostly","Ghostly"]},{"damage_healed":0.0,"max_hp_gain":0.0,"max_hp_loss":0.0,"gold_gain":0.0,"event_name":"Vampires","player_choice":"Ignored","floor":32.0,"gold_loss":0.0,"damage_taken":0.0},{"damage_healed":6.0,"max_hp_gain":0.0,"max_hp_loss":0.0,"gold_gain":0.0,"event_name":"The Library","player_choice":"Heal","floor":34.0,"gold_loss":0.0,"damage_taken":0.0},{"damage_healed":0.0,"max_hp_gain":0.0,"max_hp_loss":0.0,"gold_gain":0.0,"event_name":"Upgrade Shrine","player_choice":"Upgraded","floor":49.0,"gold_loss":0.0,"damage_taken":0.0,"cards_upgraded":["Biased Cognition"]}],"is_beta":false,"boss_relics":[{"not_picked":["Replay:Drink Me","Fusion Hammer"],"picked":"Pandora\u0027s Box"},{"not_picked":["Cursed Key","ChewingGum"],"picked":"DemoMod:RiddleOfLead"}],"items_purged_floors":[7,33,40,60],"is_endless":false,"potions_floor_spawned":[1,12,13,15,20,21,23,24,44,46,50,51,52,53,54,61],"ascension_level":20}}