{"host":"l2lylj0omvglf5x0","time":1613485163,"event":{"mods":["2.2 Compatiblity","BaseMod","Bestiary","Block Reminder","Colored Map","Colored Powertips","Curses Come First","Highlight Path","Keyboard Shortcuts","Minty Spire (QoL Compilation)","Relic Sorter","Relic Stats","Slay the Relics Exporter","StSLib","SuperFastMode"],"gold_per_floor":[111,125,50,50,50,83,99,20,20,20,49,49,84,95,95,197,197,212,212,212,229,209,209,235,235,261,261,295,311,330,349,349,349,349],"floor_reached":33,"language":"ENG","playtime":1091,"items_purged":["Normality"],"score":410,"play_id":"21098e90-1051-41ee-bdfa-a0a3430b455e","local_time":"20210216151923","is_ascension_mode":true,"campfire_choices":[{"data":"Dualcast","floor":10,"key":"SMITH"},{"data":"Leap","floor":12,"key":"SMITH"},{"data":"Glacier","floor":15,"key":"SMITH"},{"data":"Stack","floor":23,"key":"SMITH"},{"floor":25,"key":"REST"},{"data":"Fission","floor":27,"key":"SMITH"},{"floor":32,"key":"REST"}],"circlet_count":0,"master_deck":["Strike_B","Defend_B","Defend_B","Defend_B","Defend_B","Zap+1","Dualcast+1","Panache","BootSequence","Ball Lightning","Rebound+1","Leap+1","Lockon+1","Sunder+1","Cold Snap+1","Glacier+1","Electrodynamics","Compile Driver+1","Ball Lightning+1","Stack+1","Auto Shields+1","Fission+1","Redo","Darkness","Chill+1","Barrage+1"],"relics":["Cracked Core","Molten Egg 2","Symbiotic Virus","Odd Mushroom","Gremlin Horn","Inserter","Bottled Lightning","Bronze Scales","Boot"],"acts_visited":["Exordium","TheCity"],"potions_floor_usage":[13,16,24,33],"damage_taken":[{"damage":7,"enemies":"Small Slimes","floor":1,"turns":3},{"damage":0,"enemies":"2 Louse","floor":2,"turns":3},{"damage":25,"enemies":"Lagavulin","floor":6,"turns":6},{"damage":1,"enemies":"Cultist","floor":7,"turns":3},{"damage":0,"enemies":"The Mushroom Lair","floor":11,"turns":3},{"damage":24,"enemies":"Gremlin Nob","floor":13,"turns":4},{"damage":0,"enemies":"2 Fungi Beasts","floor":14,"turns":2},{"damage":15,"enemies":"Hexaghost","floor":16,"turns":10},{"damage":0,"enemies":"Spheric Guardian","floor":18,"turns":3},{"damage":9,"enemies":"2 Thieves","floor":21,"turns":3},{"damage":34,"enemies":"Slavers","floor":24,"turns":4},{"damage":12,"enemies":"Book of Stabbing","floor":28,"turns":3},{"damage":0,"enemies":"Cultist and Chosen","floor":29,"turns":5},{"damage":1,"enemies":"Shelled Parasite and Fungi","floor":30,"turns":3},{"damage":0,"enemies":"Snake Plant","floor":31,"turns":2},{"damage":55,"enemies":"Automaton","floor":33,"turns":6}],"seed_played":"-2604538247885529186","potions_obtained":[{"floor":1,"key":"Explosive Potion"},{"floor":2,"key":"Regen Potion"},{"floor":14,"key":"Dexterity Potion"},{"floor":22,"key":"PotionOfCapacity"},{"floor":24,"key":"Dexterity Potion"},{"floor":29,"key":"Block Potion"},{"floor":31,"key":"Swift Potion"}],"is_trial":false,"path_per_floor":["M","M","$","?","?","E","M","$","T","R","?","R","E","M","R","B",null,"M","?","?","M","?","R","E","R","T","R","E","M","M","M","R","B"],"character_chosen":"DEFECT","items_purchased":["Lockon+1"],"campfire_rested":2,"item_purchase_floors":[8],"current_hp_per_floor":[61,61,61,66,66,41,40,40,40,40,40,40,28,28,28,13,63,63,63,63,54,54,54,20,44,44,44,32,32,31,31,55,0,0],"gold":349,"neow_bonus":"RANDOM_COLORLESS_2","is_daily":false,"chose_seed":false,"campfire_upgraded":5,"win_rate":0.0,"timestamp":1613485163,"path_taken":["M","M","$","?","?","E","?","$","T","R","?","R","E","M","R","BOSS","M","?","?","M","?","R","E","R","T","R","E","M","M","?","R","BOSS"],"items_purchased_type":["Card"],"build_version":"2020-12-22","purchased_purges":1,"victory":false,"max_hp_per_floor":[75,75,75,80,80,80,80,80,80,80,80,80,80,80,80,80,80,80,80,80,80,80,80,80,80,80,80,80,80,80,80,80,80,80],"relic_stats":{"Inserter":[14],"Gremlin Horn":[7,7],"counters":[16,63],"Bronze Scales":[54],"Boot":[3],"obtain_stats":[{"Inserter":17,"Gremlin Horn":13,"Bronze Scales":26,"Molten Egg 2":6,"Bottled Lightning":24,"Odd Mushroom":11,"Cracked Core":0,"Symbiotic Virus":9,"Boot":28},{"Inserter":8,"Gremlin Horn":6,"Bronze Scales":11,"Molten Egg 2":3,"Bottled Lightning":11,"Odd Mushroom":5,"Cracked Core":0,"Symbiotic Virus":4,"Boot":12},{"Inserter":34,"Gremlin Horn":22,"Bronze Scales":44,"Molten Egg 2":12,"Bottled Lightning":44,"Odd Mushroom":18,"Cracked Core":0,"Symbiotic Virus":15,"Boot":47}]},"card_choices":[{"not_picked":["Violence","Apotheosis"],"picked":"Panache","floor":0},{"not_picked":["Redo","Reinforced Body"],"picked":"BootSequence","floor":1},{"not_picked":["Rebound","Leap"],"picked":"Ball Lightning","floor":2},{"not_picked":["Skim","Recycle"],"picked":"Rebound+1","floor":6},{"not_picked":["Reinforced Body","Skim"],"picked":"Leap","floor":7},{"not_picked":["Stack","Beam Cell+1"],"picked":"Sunder+1","floor":11},{"not_picked":["Recycle","Streamline+1"],"picked":"Cold Snap+1","floor":13},{"not_picked":["Leap","Beam Cell+1"],"picked":"Glacier","floor":14},{"not_picked":["Amplify","All For One+1"],"picked":"Electrodynamics","floor":16},{"not_picked":["Ball Lightning+1","Sweeping Beam+1"],"picked":"Compile Driver+1","floor":18},{"not_picked":["Chaos","Melter+1"],"picked":"Auto Shields+1","floor":21},{"not_picked":["White Noise","Reprogram+1"],"picked":"Fission","floor":24},{"not_picked":["Reinforced Body+1","Undo"],"picked":"Redo","floor":28},{"not_picked":["Recycle+1","Genetic Algorithm"],"picked":"Darkness","floor":29},{"not_picked":["Rebound+1","Steam"],"picked":"Chill+1","floor":30},{"not_picked":["Coolheaded","Conserve Battery"],"picked":"Barrage+1","floor":31}],"player_experience":959200,"relics_obtained":[{"floor":6,"key":"Molten Egg 2"},{"floor":9,"key":"Symbiotic Virus"},{"floor":11,"key":"Odd Mushroom"},{"floor":13,"key":"Gremlin Horn"},{"floor":24,"key":"Bottled Lightning"},{"floor":26,"key":"Bronze Scales"},{"floor":28,"key":"Boot"}],"event_choices":[{"damage_healed":0,"gold_gain":0,"player_choice":"Donut","damage_taken":0,"max_hp_gain":5,"max_hp_loss":0,"event_name":"Big Fish","floor":4,"gold_loss":0},{"damage_healed":0,"gold_gain":0,"player_choice":"Forge","damage_taken":0,"max_hp_gain":0,"max_hp_loss":0,"event_name":"Accursed Blacksmith","floor":5,"gold_loss":0,"cards_upgraded":["Zap"]},{"damage_healed":0,"gold_gain":0,"player_choice":"Fought Mushrooms","damage_taken":0,"max_hp_gain":0,"max_hp_loss":0,"event_name":"Mushrooms","floor":11,"gold_loss":0},{"damage_healed":0,"gold_gain":0,"cards_transformed":["Strike_B","Strike_B"],"player_choice":"Became Test Subject","damage_taken":0,"max_hp_gain":0,"max_hp_loss":0,"event_name":"Drug Dealer","floor":19,"gold_loss":0,"cards_obtained":["Ball Lightning","Stack"]},{"cards_removed":["Strike_B"],"damage_healed":0,"gold_gain":0,"player_choice":"Elegance","damage_taken":0,"max_hp_gain":0,"max_hp_loss":0,"event_name":"Back to Basics","floor":20,"gold_loss":0},{"damage_healed":0,"gold_gain":0,"player_choice":"Bought 1 Potion","damage_taken":0,"max_hp_gain":0,"max_hp_loss":0,"event_name":"The Woman in Blue","floor":22,"gold_loss":0}],"is_beta":false,"boss_relics":[{"not_picked":["Velvet Choker","Calling Bell"],"picked":"Inserter"}],"items_purged_floors":[3],"is_endless":false,"potions_floor_spawned":[1,2,14,24,29,31],"killed_by":"Automaton","ascension_level":8}}