{"host":"ippeulvg90hectqg","time":1613490229,"event":{"mods":["BaseMod","Downfall","Hermit","Infinite Spire","Lobotomy","Minty Spire (QoL Compilation)","Replay The Spire","StSLib","The Saiyan"],"gold_per_floor":[113,128,143,143,68,68,99,123,123,123,133,160,160,160,160,268,268,278,297,297,315,338,373,373,373,449,138,138,173,173,192,192,311,311,348,396,396,449,449,449,519,574,597,597,872,947,1026,430,430,437,437,437,18,61,61],"floor_reached":56,"language":"ZHS","playtime":3894,"items_purged":["hermit:Strike_Hermit","hermit:Strike_Hermit","hermit:Strike_Hermit","hermit:Defend_Hermit"],"score":1194,"play_id":"0837ee94-b1c5-4cc6-a1a9-6fccf89bd120","local_time":"20210216234349","is_ascension_mode":false,"campfire_choices":[{"data":"hermit:LuckOfTheDraw","floor":6.0,"key":"SMITH"},{"data":"hermit:Scavenge","floor":10.0,"key":"SMITH"},{"data":"hermit:Brawl","floor":15.0,"key":"SMITH"},{"floor":24.0,"key":"REST"},{"data":"hermit:Roughhouse","floor":28.0,"key":"SMITH"},{"data":"hermit:TakeAim","floor":30.0,"key":"SMITH"},{"data":"hermit:BigShot","floor":30.0,"key":"SMITH"},{"data":"hermit:Vantage","floor":32.0,"key":"SMITH"},{"data":"infinitespire:FutureSight","floor":32.0,"key":"SMITH"},{"floor":40.0,"key":"RECALL"},{"data":"hermit:Snapshot","floor":44.0,"key":"SMITH"},{"data":"infinitespire:FutureSight","floor":44.0,"key":"SMITH"},{"data":"hermit:Snipe","floor":49.0,"key":"SMITH"},{"data":"hermit:Covet","floor":49.0,"key":"SMITH"},{"data":"hermit:Headshot","floor":52.0,"key":"SMITH"},{"data":"hermit:Ricochet","floor":52.0,"key":"SMITH"}],"circlet_count":0,"master_deck":["hermit:Defend_Hermit","hermit:Defend_Hermit","hermit:Defend_Hermit","hermit:Snapshot+1","hermit:Covet+1","hermit:LuckOfTheDraw+1","hermit:Snipe+1","hermit:BigShot+1","hermit:Headshot+1","hermit:RoundhouseKick+1","hermit:Scavenge+1","hermit:BodyArmor+1","hermit:TrackingShot","hermit:Brawl+1","hermit:Roughhouse+1","hermit:TakeAim+1","infinitespire:FutureSight+1","hermit:Vantage+1","hermit:CalledShot+1","hermit:Ricochet+1","infinitespire:FutureSight+1","hermit:LoneWolf+1","hermit:ItchyTrigger+1","hermit:Headshot+1","hermit:Dive+1","hermit:Glare+1","hermit:LuckOfTheDraw+1","Regret","hermit:Deadeye+1","hermit:EyeOfTheStorm+1","Secret Weapon+1","hermit:Quickdraw","hermit:Combo+1"],"relics":["hermit:Momento","Nunchaku","Singing Bowl","Ornamental Fan","SlaversCollar","ReplayTheSpireMod:TigerMarble","infinitespire:Broken Mirror","Pantograph","DollysMirror","Replay:Arrowhead","infinitespire:EvilPickle","Coffee Dripper","Ring of Chaos","Toxic Egg 2","Guide Book","Unceasing Top","Mirror"],"acts_visited":["Exordium","TheCity","TheBeyond","TheEnding"],"potions_floor_usage":[55,55],"damage_taken":[{"damage":6.0,"enemies":"Jaw Worm","floor":1.0,"turns":3.0},{"damage":1.0,"enemies":"Cultist","floor":2.0,"turns":3.0},{"damage":0.0,"enemies":"2 Louse","floor":3.0,"turns":3.0},{"damage":32.0,"enemies":"3 Sentries","floor":7.0,"turns":7.0},{"damage":3.0,"enemies":"Blue Slaver","floor":8.0,"turns":6.0},{"damage":0.0,"enemies":"Lots of Slimes","floor":11.0,"turns":2.0},{"damage":2.0,"enemies":"2 Fungi Beasts","floor":12.0,"turns":3.0},{"damage":4.0,"enemies":"Hexaghost","floor":16.0,"turns":8.0},{"damage":22.0,"enemies":"3 Byrds","floor":18.0,"turns":7.0},{"damage":6.0,"enemies":"Chosen","floor":19.0,"turns":7.0},{"damage":9.0,"enemies":"3 Cultists","floor":21.0,"turns":4.0},{"damage":15.0,"enemies":"Centurion and Healer","floor":22.0,"turns":7.0},{"damage":9.0,"enemies":"Replay:Snechameleon","floor":23.0,"turns":6.0},{"damage":5.0,"enemies":"Slavers","floor":29.0,"turns":6.0},{"damage":6.0,"enemies":"Cultist and Chosen","floor":31.0,"turns":5.0},{"damage":25.0,"enemies":"Pondfish","floor":33.0,"turns":10.0},{"damage":3.0,"enemies":"3 Shapes","floor":35.0,"turns":3.0},{"damage":9.0,"enemies":"3 Darklings","floor":36.0,"turns":4.0},{"damage":32.0,"enemies":"Transient","floor":38.0,"turns":5.0},{"damage":14.0,"enemies":"R_Hoarder","floor":41.0,"turns":6.0},{"damage":17.0,"enemies":"Spire Growth","floor":42.0,"turns":4.0},{"damage":12.0,"enemies":"Sphere and 2 Shapes","floor":46.0,"turns":4.0},{"damage":13.0,"enemies":"Jaw Worm Horde","floor":47.0,"turns":5.0},{"damage":16.0,"enemies":"Replay:Hell Engine","floor":50.0,"turns":7.0},{"damage":18,"enemies":"Shield and Spear","floor":54,"turns":3},{"damage":65,"enemies":"The Heart","floor":55,"turns":6}],"seed_played":"5001012108153549715","potions_obtained":[{"floor":1.0,"key":"champ:CounterPotion"},{"floor":3.0,"key":"FairyPotion"},{"floor":12.0,"key":"Fire Potion"},{"floor":19.0,"key":"DistilledChaos"},{"floor":22.0,"key":"SneckoOil"},{"floor":31.0,"key":"SteroidPotion"},{"floor":38.0,"key":"FearPotion"},{"floor":42.0,"key":"SkillPotion"},{"floor":46.0,"key":"Dexterity Potion"},{"floor":47.0,"key":"Swift Potion"},{"floor":54,"key":"Reflective Coating"}],"is_trial":false,"path_per_floor":["M","M","M","?","$","R","E","M","T","R","M","M","?","T","R","B",null,"M","M","AVR","M","M","E","R","?","T","$","R","E","R","M","R","B",null,"M","M","?","M","?","R","E","M","T","R","?","M","M","$","R","B",null,"R","$","E","B",null],"character_chosen":"HERMIT","items_purchased":["DollysMirror","hermit:LoneWolf+1","hermit:EyeOfTheStorm+1","Secret Weapon+1","Guide Book","hermit:Quickdraw","Unceasing Top","Energy Potion","Ancient Potion"],"campfire_rested":1,"item_purchase_floors":[27,27,48,48,48,48,53,53,53],"current_hp_per_floor":[69,68,68,68,68,68,36,33,33,33,35,33,26,26,26,22,77,55,51,51,42,27,18,41,41,41,41,41,36,36,30,30,32,81,78,71,71,41,41,41,27,10,10,10,10,25,18,18,18,27,87,87,87,69,26],"gold":61,"neow_bonus":"THREE_CARDS","is_daily":false,"chose_seed":false,"campfire_upgraded":14,"win_rate":0.0,"timestamp":1613490229,"path_taken":["M","M","M","?","?","R","E","M","T","R","M","M","?","?","R","BOSS","M","M","AVR","M","?","E","R","?","T","?","R","E","R","M","R","BOSS","M","M","?","M","?","R","E","?","T","R","?","M","M","$","R","BOSS","R","$","E","BOSS"],"items_purchased_type":["Relic","Card","Card","Card","Relic","Card","Relic","Potion","Potion"],"build_version":"2020-12-22","purchased_purges":4,"victory":true,"max_hp_per_floor":[75,75,75,75,75,75,75,75,75,75,77,77,77,77,77,77,77,77,79,79,79,79,79,79,79,79,79,79,79,79,79,79,81,81,81,83,83,85,85,85,85,85,85,85,85,85,87,87,87,87,87,87,87,87,87],"card_choices":[{"not_picked":["hermit:Feint","hermit:Manifest"],"picked":"hermit:LuckOfTheDraw","floor":0.0},{"not_picked":["hermit:SprayPray","hermit:HoleUp"],"picked":"hermit:Snipe","floor":1.0},{"not_picked":["hermit:Feint","hermit:TrackingShot"],"picked":"hermit:BigShot","floor":2.0},{"not_picked":["hermit:Roulette","hermit:Shortfuse"],"picked":"hermit:Headshot","floor":3.0},{"not_picked":["hermit:FullyLoaded","hermit:CursedWeapon","hermit:HighNoon"],"picked":"SKIP","floor":7.0},{"not_picked":["hermit:CalledShot","hermit:Cheat"],"picked":"hermit:TrackingShot","floor":8.0},{"not_picked":["hermit:Horror","hermit:BodyArmor","hermit:Roulette"],"picked":"Singing Bowl","floor":11.0},{"not_picked":["hermit:Feint","hermit:Spite"],"picked":"hermit:Brawl","floor":12.0},{"not_picked":["hermit:Reprieve","hermit:Magnum"],"picked":"hermit:Roughhouse","floor":16.0},{"not_picked":["hermit:Desperado+1","hermit:Feint+1"],"picked":"hermit:TakeAim","floor":18.0},{"not_picked":["hermit:Grudge","hermit:Snipe","hermit:Cheat"],"picked":"Singing Bowl","floor":19.0},{"not_picked":["hermit:Shortfuse","hermit:Headshot"],"picked":"hermit:Vantage","floor":21.0},{"not_picked":["hermit:TrackingShot","hermit:GoldenBullet"],"picked":"hermit:CalledShot+1","floor":22.0},{"not_picked":["hermit:LowProfile","hermit:ShadowCloak"],"picked":"hermit:Ricochet","floor":23.0},{"not_picked":["hermit:Vantage","hermit:EyeOfTheStorm"],"picked":"hermit:ItchyTrigger+1","floor":29.0},{"not_picked":["hermit:Snipe","hermit:Cheat+1"],"picked":"hermit:Headshot+1","floor":31.0},{"not_picked":["hermit:Dissolve","hermit:FinalCanter","hermit:FatalDesire"],"picked":"Singing Bowl","floor":33.0},{"not_picked":["hermit:Spite+1","hermit:Shortfuse+1"],"picked":"hermit:Dive+1","floor":35.0},{"not_picked":["hermit:Manifest","hermit:Snipe+1","hermit:TrackingShot+1"],"picked":"Singing Bowl","floor":36.0},{"not_picked":["hermit:CursedWeapon","hermit:Desperado+1","hermit:Malice"],"picked":"Singing Bowl","floor":38.0},{"not_picked":["hermit:OverwhelmingPower","hermit:HoleUp+1"],"picked":"hermit:Glare+1","floor":41.0},{"not_picked":["hermit:WideOpen+1","hermit:SprayPray"],"picked":"hermit:LuckOfTheDraw+1","floor":42.0},{"not_picked":["hermit:FinalCanter","hermit:Manifest+1"],"picked":"hermit:Deadeye","floor":46.0},{"not_picked":["hermit:LowProfile+1","hermit:BodyArmor+1","hermit:ItchyTrigger+1"],"picked":"Singing Bowl","floor":47.0},{"not_picked":["hermit:BodyArmor+1","hermit:Deadeye"],"picked":"hermit:Combo+1","floor":54}],"player_experience":590033,"relics_obtained":[{"floor":7.0,"key":"Nunchaku"},{"floor":9.0,"key":"Singing Bowl"},{"floor":14.0,"key":"Ornamental Fan"},{"floor":23.0,"key":"infinitespire:Broken Mirror"},{"floor":26.0,"key":"Pantograph"},{"floor":29.0,"key":"Replay:Arrowhead"},{"floor":37.0,"key":"Ring of Chaos"},{"floor":41.0,"key":"Toxic Egg 2"},{"floor":54,"key":"Mirror"}],"event_choices":[{"damage_healed":0.0,"max_hp_gain":0.0,"max_hp_loss":0.0,"gold_gain":0.0,"event_name":"Match and Keep!","player_choice":"3 cards matched","floor":4.0,"gold_loss":0.0,"damage_taken":0.0,"cards_obtained":["hermit:RoundhouseKick","hermit:Scavenge","hermit:BodyArmor"]},{"damage_healed":0.0,"max_hp_gain":0.0,"max_hp_loss":0.0,"gold_gain":0.0,"event_name":"Match and Keep!","player_choice":"3 cards matched","floor":4.0,"gold_loss":0.0,"damage_taken":0.0,"cards_obtained":["hermit:RoundhouseKick","hermit:Scavenge","hermit:BodyArmor"]},{"cards_removed":["hermit:Strike_Hermit"],"damage_healed":0.0,"max_hp_gain":0.0,"max_hp_loss":0.0,"gold_gain":0.0,"event_name":"Golden Wing","player_choice":"Card Removal","floor":13.0,"gold_loss":0.0,"damage_taken":7.0},{"damage_healed":0.0,"max_hp_gain":0.0,"max_hp_loss":0.0,"gold_gain":0.0,"event_name":"Cursed Tome","player_choice":"Ignored","floor":25.0,"gold_loss":0.0,"damage_taken":0.0},{"damage_healed":0.0,"max_hp_gain":0.0,"max_hp_loss":0.0,"gold_gain":0.0,"event_name":"Upgrade Shrine","player_choice":"Upgraded","floor":39.0,"gold_loss":0.0,"damage_taken":0.0,"cards_upgraded":["hermit:BodyArmor"]},{"damage_healed":0.0,"max_hp_gain":0.0,"max_hp_loss":0.0,"gold_gain":275.0,"event_name":"Golden Shrine","player_choice":"Desecrate","floor":45.0,"gold_loss":0.0,"damage_taken":0.0,"cards_obtained":["Regret"]}],"is_beta":false,"boss_relics":[{"not_picked":["Runic Dome","Ectoplasm"],"picked":"SlaversCollar"},{"not_picked":["hermit:DentedPlate","ReplayTheSpireMod:SealedPack"],"picked":"Coffee Dripper"}],"items_purged_floors":[5,20,27,48],"is_endless":false,"potions_floor_spawned":[1,3,12,19,22,31,38,42,46,47,54],"ascension_level":0}}