{"host":"zybdh2ue20qfjbiz","time":1613490289,"event":{"mods":["AchievementEnabler","BaseMod","Better Altar","Better Skull","BetterRewards","Friendly Minions","Kiyohime（清?）","Koishi","Lobotomy","LobotomyExtend","Marisa（霧雨　魔理沙）","Minty Spire (QoL Compilation)","Remilia（蕾米莉?）","StSLib"],"gold_per_floor":[116,128,139,152,152,178,178,212,212,212,231,19,37,65,65,136,186,204,204,204,220,220,220,220,232,232,264,281,295,312,342,342,420,420,437,145,161,211,263,295,307,346,410,455,467,489,501,532,544,556,568,580,592,278,308,308],"floor_reached":57,"language":"ENG","playtime":2137,"items_purged":["Koishi:BasicStrike","Koishi:BasicStrike","Koishi:BasicStrike","Koishi:BasicStrike","Koishi:BasicDefend","Koishi:Provoke+1"],"score":3671,"play_id":"51bc9bd8-cf0f-4c9d-9a9f-3c8a349f0757","local_time":"20210216184449","is_ascension_mode":true,"campfire_choices":[{"floor":7,"key":"REST"},{"data":"Koishi:HeartAttack","floor":10,"key":"SMITH"},{"data":"Koishi:HeartAttack","floor":15,"key":"SMITH"},{"floor":23,"key":"REST"},{"data":"Koishi:PhilosophyOfTheDespised","floor":32,"key":"SMITH"},{"floor":41,"key":"RECALL"},{"data":"Koishi:GeneticsOfTheUnconscious","floor":49,"key":"SMITH"},{"data":"Koishi:ReflexRadar","floor":53,"key":"SMITH"}],"circlet_count":0,"master_deck":["AscendersBane","Koishi:HeartAttack+1","Koishi:HeartAttack+1","Koishi:ReflexRadar+1","Dazed","Koishi:ReflexRadar","Koishi:PhilosophyOfTheDespised+1","Koishi:ReflexRadar","Koishi:FreudianInstinct+1","Koishi:ReflexRadar","Koishi:GeneticsOfTheUnconscious+1"],"relics":["Koishi:ImaginaryFriend","Koishi:BloodstainedWhiteRose","Omamori","Ornamental Fan","LetterFromLob","Frozen Egg 2","Smiling Mask","Koishi:AHoleWhereASisterShouldBe","Sling","Koishi:LettersToReimu","Tiny House","Bloody Idol","Blood Vial","ShedSkin_r","Matryoshka","War Paint","MealTicket","Empty Cage","Bag of Preparation","CatCart","Incense Burner","MawBank","Koishi:TeethAndClaws","Nunchaku","Meat on the Bone","Strawberry","Lantern","Bronze Scales","Blood Vial","Toy Ornithopter","Toolbox","Whetstone"],"acts_visited":["Exordium","TheCity","TheBeyond","TheEnding"],"potions_floor_usage":[56],"damage_taken":[{"damage":0,"enemies":"2 Louse","floor":1,"turns":2},{"damage":0,"enemies":"Cultist","floor":2,"turns":1},{"damage":10,"enemies":"Small Slimes","floor":3,"turns":3},{"damage":8,"enemies":"3 Louse","floor":4,"turns":3},{"damage":0,"enemies":"3 Sentries","floor":6,"turns":5},{"damage":0,"enemies":"Gremlin Nob","floor":8,"turns":2},{"damage":0,"enemies":"Large Slime","floor":11,"turns":2},{"damage":0,"enemies":"Gremlin Gang","floor":13,"turns":2},{"damage":0,"enemies":"Lagavulin","floor":14,"turns":2},{"damage":0,"enemies":"Slime Boss","floor":16,"turns":5},{"damage":2,"enemies":"Chosen","floor":18,"turns":2},{"damage":0,"enemies":"3 Byrds","floor":21,"turns":2},{"damage":0,"enemies":"Cultist and Chosen","floor":25,"turns":2},{"damage":5,"enemies":"Gremlin Leader","floor":27,"turns":2},{"damage":0,"enemies":"Sentry and Sphere","floor":28,"turns":2},{"damage":0,"enemies":"Chosen and Byrds","floor":29,"turns":2},{"damage":0,"enemies":"Snecko","floor":30,"turns":2},{"damage":17,"enemies":"Slavers","floor":31,"turns":6},{"damage":0,"enemies":"Automaton","floor":33,"turns":1},{"damage":0,"enemies":"3 Shapes","floor":35,"turns":1},{"damage":0,"enemies":"3 Darklings","floor":37,"turns":1},{"damage":0,"enemies":"Orin","floor":38,"turns":2},{"damage":0,"enemies":"2 Orb Walkers","floor":39,"turns":1},{"damage":0,"enemies":"Giant Head","floor":40,"turns":1},{"damage":0,"enemies":"Nemesis","floor":42,"turns":1},{"damage":0,"enemies":"Giant Head","floor":44,"turns":1},{"damage":0,"enemies":"Transient","floor":46,"turns":1},{"damage":0,"enemies":"Spire Growth","floor":48,"turns":1},{"damage":0,"enemies":"Awakened One","floor":50,"turns":2},{"damage":0,"enemies":"Shield and Spear","floor":55,"turns":1},{"damage":12,"enemies":"The Heart","floor":56,"turns":5}],"seed_played":"-6080408061172359046","potions_obtained":[{"floor":1,"key":"DistilledChaos"},{"floor":6,"key":"Explosive Potion"},{"floor":30,"key":"PowerPotion"},{"floor":33,"key":"Swift Potion"},{"floor":40,"key":"GamblersBrew"}],"is_trial":false,"path_per_floor":["M","M","M","M","?","E","R","E","T","R","M","$","M","E","R","B",null,"M","?","?","M","?","R","E","M","T","E","M","M","M","E","R","B",null,"M","$","M","?","?","E","R","E","T","E","$","M","?","M","R","B",null,null,"R","$","E","B",null],"character_chosen":"KOISHI","items_purchased":["Koishi:BloodstainedWhiteRose","Koishi:HeartAttack","Omamori","Koishi:HeartAttack","Koishi:ReflexRadar","Ornamental Fan","Koishi:FreudianInstinct","Sling","Bag of Preparation","Koishi:FreudianInstinct+1","Toy Ornithopter","Toolbox"],"campfire_rested":2,"item_purchase_floors":[0,0,0,0,0,0,0,12,36,36,54,54],"current_hp_per_floor":[20,23,16,11,11,11,28,31,31,31,31,31,34,37,37,37,57,58,58,58,61,8,26,42,52,52,57,62,62,62,53,53,60,62,62,62,62,62,62,62,62,62,62,62,62,62,2,31,36,48,53,66,69,69,69,65],"gold":308,"neow_bonus":"","is_daily":false,"chose_seed":false,"campfire_upgraded":5,"win_rate":0.0,"timestamp":1613490289,"path_taken":["M","M","M","M","?","E","R","E","T","R","M","$","?","E","R","BOSS","M","?","?","M","?","R","E","M","T","E","?","M","M","E","R","BOSS","M","$","M","?","?","E","R","E","T","E","?","M","?","M","R","BOSS","R","$","E","BOSS"],"items_purchased_type":["Relic","Card","Relic","Card","Card","Relic","Card","Relic","Relic","Card","Relic","Relic"],"build_version":"2020-12-22","purchased_purges":6,"victory":true,"max_hp_per_floor":[57,57,57,57,57,57,57,57,57,57,57,57,57,57,57,57,62,62,62,62,62,62,62,62,62,62,62,62,62,62,62,62,62,62,62,62,62,62,62,62,62,62,62,62,62,62,69,69,69,69,69,69,69,69,69,69],"card_choices":[{"not_picked":["Koishi:JumpScare","Koishi:SubconsciousSweep","Koishi:UnansweredLove"],"picked":"SKIP","floor":1},{"not_picked":["Koishi:SprinkleStarAndHeart","Koishi:SuperEgo","Koishi:CatchAndRose"],"picked":"SKIP","floor":2},{"not_picked":["Koishi:HeartfeltFancy","Koishi:SpiritedAway","Koishi:SubconsciousSweep"],"picked":"SKIP","floor":3},{"not_picked":["Koishi:SpiritedAway","Koishi:DreadfulBlow"],"picked":"Koishi:ReflexRadar","floor":4},{"not_picked":["Koishi:FleetingPhantom","Koishi:Prune","Koishi:DanmakuParanoia"],"picked":"SKIP","floor":6},{"not_picked":["Koishi:StrangeCloudFist","Koishi:RorschachInDanmaku","Koishi:BloodcurdlingScream"],"picked":"SKIP","floor":8},{"not_picked":["Koishi:CatchAndRose","Koishi:BloodcurdlingScream","Koishi:JumpScare"],"picked":"SKIP","floor":11},{"not_picked":["Koishi:TraumaticStroke","Koishi:HeartAttack","Koishi:ApparitionsStalkTheNight"],"picked":"SKIP","floor":13},{"not_picked":["Koishi:SuperEgo","Koishi:StingingMind","Koishi:UnconsciousUprising"],"picked":"SKIP","floor":14},{"not_picked":["Koishi:TremblingHands+1","Koishi:StingingMind","Koishi:SpiritedAway"],"picked":"SKIP","floor":18},{"not_picked":["Koishi:MassHysteria","Koishi:GhostParty","Koishi:Prune"],"picked":"SKIP","floor":21},{"not_picked":["Koishi:DreadfulBlow","Koishi:BloodcurdlingScream","Koishi:ParalyzingFear+1"],"picked":"SKIP","floor":25},{"not_picked":["Koishi:ImGoingToCallYouNow","Koishi:SilentAndRestless","Koishi:SubconsciousSweep+1"],"picked":"SKIP","floor":27},{"not_picked":["Koishi:UnansweredLove","Koishi:Jaunt"],"picked":"Koishi:PhilosophyOfTheDespised","floor":28},{"not_picked":["Koishi:HeartfeltFancy","Koishi:ParalyzingFear","Koishi:UnansweredLove"],"picked":"SKIP","floor":29},{"not_picked":["Koishi:UnseenTerror","Koishi:HeartAttack"],"picked":"Koishi:ReflexRadar","floor":30},{"not_picked":["Koishi:DreadfulBlow","Koishi:Jaunt+1","Koishi:BramblyRoseGarden+1"],"picked":"SKIP","floor":31},{"not_picked":["Koishi:SubconsciousSweep","Koishi:RorschachInDanmaku","Koishi:ParalyzingFear+1"],"picked":"SKIP","floor":35},{"not_picked":["Koishi:UnconsciousUprising+1","Koishi:ParalyzingFear"],"picked":"Koishi:ReflexRadar","floor":37},{"not_picked":["Koishi:FadingMemory","Koishi:LastRemote+1","Koishi:Jaunt"],"picked":"SKIP","floor":40},{"not_picked":["Koishi:PhantomStrike","Koishi:BloodcurdlingScream","Koishi:PhantomBarrier"],"picked":"SKIP","floor":42},{"not_picked":["Koishi:TremblingHands+1","Koishi:TerrifyingSpectre+1"],"picked":"Koishi:GeneticsOfTheUnconscious","floor":44},{"not_picked":["Koishi:SubterraneanRose","Koishi:SubconsciousSweep","Koishi:Jaunt+1"],"picked":"SKIP","floor":46},{"not_picked":["Koishi:HeartfeltFancy","Koishi:RacingHeart+1","Koishi:DreadfulBlow"],"picked":"SKIP","floor":48},{"not_picked":["Koishi:HeartAttack","Koishi:TremblingHands","Koishi:PredatoryInstincts+1"],"picked":"SKIP","floor":55}],"player_experience":445552,"relics_obtained":[{"floor":1,"key":"LetterFromLob"},{"floor":6,"key":"Frozen Egg 2"},{"floor":8,"key":"Smiling Mask"},{"floor":9,"key":"Koishi:AHoleWhereASisterShouldBe"},{"floor":14,"key":"Koishi:LettersToReimu"},{"floor":26,"key":"Matryoshka"},{"floor":27,"key":"War Paint"},{"floor":31,"key":"MealTicket"},{"floor":38,"key":"CatCart"},{"floor":39,"key":"Incense Burner"},{"floor":40,"key":"MawBank"},{"floor":42,"key":"Koishi:TeethAndClaws"},{"floor":43,"key":"Nunchaku"},{"floor":44,"key":"Meat on the Bone"},{"floor":55,"key":"Whetstone"}],"event_choices":[{"cards_removed":["Koishi:HauntingSlash"],"damage_healed":0,"gold_gain":0,"player_choice":"Offered Basic","damage_taken":0,"max_hp_gain":0,"max_hp_loss":0,"event_name":"Bonfire Elementals","floor":5,"gold_loss":0},{"damage_healed":0,"gold_gain":0,"player_choice":"Ignored","damage_taken":0,"max_hp_gain":0,"max_hp_loss":0,"event_name":"Ghosts","floor":19,"gold_loss":0},{"cards_removed":["Koishi:BasicDefend"],"damage_healed":0,"gold_gain":0,"player_choice":"Elegance","damage_taken":0,"max_hp_gain":0,"max_hp_loss":0,"event_name":"Back to Basics","floor":20,"gold_loss":0},{"damage_healed":0,"gold_gain":0,"player_choice":" Idol Vial ","damage_taken":53,"relics_obtained":["Bloody Idol","Blood Vial"],"max_hp_gain":61,"max_hp_loss":8,"event_name":"betterAltar:BetterAltar","floor":22,"potions_obtained":[],"relics_lost":[],"gold_loss":0},{"damage_healed":0,"gold_gain":0,"player_choice":"Fight","damage_taken":0,"max_hp_gain":0,"max_hp_loss":0,"event_name":"OrinTheCat","floor":38,"gold_loss":0},{"damage_healed":0,"gold_gain":0,"player_choice":"Fight","damage_taken":0,"max_hp_gain":0,"max_hp_loss":0,"event_name":"Mysterious Sphere","floor":39,"gold_loss":0},{"damage_healed":0,"gold_gain":0,"player_choice":"RE RE RE RE ","damage_taken":75,"relics_obtained":["Strawberry","Lantern","Bronze Scales","Blood Vial"],"max_hp_gain":0,"max_hp_loss":0,"event_name":"betterSkull:BetterSkull","floor":47,"gold_loss":0,"cards_upgraded":[]}],"is_beta":false,"boss_relics":[{"not_picked":["Astrolabe","Koishi:ColorfulDays"],"picked":"Tiny House"},{"not_picked":["Runic Dome","SlaversCollar"],"picked":"Empty Cage"}],"items_purged_floors":[0,0,0,0,12,36],"is_endless":false,"potions_floor_spawned":[1,6,8,14,21,25,30,31,33,38,39,40,42,44,48,55],"ascension_level":19}}