{"host":"oj2qbbf4aubznu46","time":1613516737,"event":{"mods":["AchievementEnabler","BaseMod","Colored Powertips","Downfall","Infinite Spire","Minty Spire (QoL Compilation)","Replay The Spire","StSLib","slay the spire mod where everything is the same but ironclad has a cowboy hat"],"gold_per_floor":[99,99,99,99,99,5,5,17,17,35,35,35,63,63,83,185,185,185,185,185,185],"floor_reached":19,"language":"DEU","playtime":1754,"items_purged":[],"score":161,"play_id":"ec01df2f-b0a5-4a9f-91f3-8461b880b5c5","local_time":"20210217000537","is_ascension_mode":false,"campfire_choices":[{"floor":1,"key":"DIG"},{"data":"champ:Taunt","floor":9,"key":"SMITH"}],"circlet_count":0,"master_deck":["champ:Defend","champ:Defend","champ:Defend","champ:Defend","champ:Execute","champ:Taunt+1","champ:Backstep","champ:GutPunch+1","champ:FlashCut+1","champ:FocusedBerserking","champ:IronFortress","champ:Encircle+1","champ:Parry","champ:TornadoPunch+1","infinitespire:Menacing","champ:Circumvent","champ:ShieldThrow+1","Decay","Bash+1","champ:VampiricStrike+1","Enlightenment","infinitespire:Collect","Slimebound:Tackle+1","Slimebound:Tackle+1","Slimebound:Tackle+1"],"relics":["champ:ChampionCrown","downfall:HeartsMalice","Molten Egg 2","Mirror","champ:LiftRelic","champ:FightingForDummies","ReplayTheSpireMod:SealedPack"],"acts_visited":["Exordium","TheCity"],"potions_floor_usage":[],"damage_taken":[{"damage":0,"enemies":"Small Slimes","floor":2,"turns":1},{"damage":0,"enemies":"Cultist","floor":3,"turns":1},{"damage":0,"enemies":"2 Louse","floor":5,"turns":1},{"damage":10,"enemies":"downfall:FleeingMerchant","floor":6,"turns":4},{"damage":15,"enemies":"2 Fungi Beasts","floor":8,"turns":5},{"damage":5,"enemies":"3 Louse","floor":10,"turns":3},{"damage":22,"enemies":"Gremlin Nob","floor":13,"turns":4},{"damage":19,"enemies":"Exordium Wildlife","floor":15,"turns":5},{"damage":59,"enemies":"DF_ARCHETYPE_STREAMLINE","floor":16,"turns":10},{"damage":0,"enemies":"Chosen","floor":19,"turns":1}],"seed_played":"9005526282599911320","potions_obtained":[{"floor":10,"key":"BlessingOfTheForge"},{"floor":13,"key":"Swift Potion"},{"floor":15,"key":"bronze:BurnAndBuffPotion"}],"is_trial":false,"path_per_floor":["R","M","M","?","M","$","T","M","R","M","?","?","E","?","M","B",null,"R","M"],"character_chosen":"THE_CHAMP","items_purchased":["champ:IronFortress"],"campfire_rested":0,"item_purchase_floors":[6],"current_hp_per_floor":[90,90,90,90,90,90,90,90,90,90,90,90,78,55,51,12,90,90,90,90,90],"gold":185,"neow_bonus":"THREE_ENEMY_KILL","is_daily":false,"chose_seed":false,"campfire_upgraded":1,"win_rate":0.0,"timestamp":1613516737,"path_taken":["R","M","M","?","M","?","T","M","R","M","?","?","E","?","M","BOSS","R","M"],"items_purchased_type":["Card"],"build_version":"2020-12-22","purchased_purges":0,"victory":false,"max_hp_per_floor":[90,90,90,90,90,90,90,90,90,90,90,90,90,90,90,90,90,90,90,90,90],"card_choices":[{"not_picked":["champ:Duel+1","champ:BladeFlurry+1"],"picked":"champ:Backstep","floor":2},{"not_picked":["champ:FlashCut+1","champ:BladeFlurry+1"],"picked":"champ:GutPunch+1","floor":3},{"not_picked":["champ:Circumvent","champ:StanceDance"],"picked":"champ:FlashCut+1","floor":5},{"not_picked":["champ:BerserkersShout","champ:BladeFlurry+1"],"picked":"champ:FocusedBerserking","floor":6},{"not_picked":["champ:CrownThrow+1","champ:FanOfKnives+1"],"picked":"champ:Encircle+1","floor":8},{"not_picked":["champ:EnGarde","champ:FanOfKnives+1"],"picked":"champ:Parry","floor":10},{"not_picked":["champ:EnragedBash+1","champ:RapidStrikes+1"],"picked":"champ:TornadoPunch+1","floor":13},{"not_picked":["infinitespire:Punishment","ReplayTheSpireMod:??????????????????????"],"picked":"infinitespire:Menacing","floor":14},{"not_picked":["champ:StanceDance","champ:RapidStrikes+1"],"picked":"champ:Circumvent","floor":15},{"not_picked":["champ:SwordThrow+1","champ:IgnorePain"],"picked":"champ:ShieldThrow+1","floor":16},{"not_picked":["sneckomod:Unknown","hexamod:Sear"],"picked":"Bash","floor":17},{"not_picked":["champ:HeavySlash","champ:StrikeOfGenius"],"picked":"champ:VampiricStrike","floor":17},{"not_picked":["Impatience","Swift Strike"],"picked":"Enlightenment","floor":17},{"not_picked":["infinitespire:FinalStrike","ReplayTheSpireMod:Black Plague"],"picked":"infinitespire:Collect","floor":17}],"player_experience":381373,"relics_obtained":[{"floor":1,"key":"Molten Egg 2"},{"floor":7,"key":"Mirror"},{"floor":13,"key":"champ:FightingForDummies"}],"event_choices":[],"is_beta":false,"boss_relics":[{"not_picked":["Kintsugi","Ring of Chaos"],"picked":"ReplayTheSpireMod:SealedPack"}],"items_purged_floors":[],"is_endless":false,"potions_floor_spawned":[10,13,15,16],"killed_by":"Chosen","ascension_level":0}}