{"host":"df48i9djcn92c5sx","time":1613513207,"event":{"mods":["Act Like it!","Arknights","BaseMod","Decade(王小明)","Downfall","Gensokyo","Marisa（F雨　魔理沙）","Minty Spire (QoL Compilation)","READ ME - Guardian Mod","READ ME - Snecko Mod","Reimu（博丽灵梦）","Remilia（蕾米莉亚）","Shop Mod","StSLib","The Jungle","The Servant 0.9.4"],"gold_per_floor":[117,136,147,27,40,40,40,40],"floor_reached":7,"language":"ZHS","playtime":412,"items_purged":[],"score":58,"play_id":"ed1dd4ac-a38b-4ea4-96a1-b8771fcb3203","local_time":"20210217060647","is_ascension_mode":true,"campfire_choices":[{"data":"NB:ReiMu","floor":6,"key":"SMITH"}],"circlet_count":0,"master_deck":["Strike_Lin:ReiMu","Strike_Lin:ReiMu","Strike_Lin:ReiMu","Strike_Lin:ReiMu","Defend_Lin:ReiMu","Defend_Lin:ReiMu","Defend_Lin:ReiMu","Defend_Lin:ReiMu","NB:ReiMu+1","Stagnation:ReiMu","SealNeedle:ReiMu","PayForSelf:ReiMu","TightArray:ReiMu","BlastKick2:ReiMu"],"relics":["FlyPower:ReiMu","Orichalcum"],"acts_visited":["Exordium"],"potions_floor_usage":[2,5],"damage_taken":[{"damage":6,"enemies":"Gensokyo:2_Kodama","floor":1,"turns":7},{"damage":10,"enemies":"Gensokyo:Gryphon","floor":2,"turns":8},{"damage":7,"enemies":"Gensokyo:3_Fairies","floor":3,"turns":7},{"damage":3,"enemies":"Gensokyo:2_Rabbits","floor":5,"turns":6},{"damage":14,"enemies":"Gensokyo:Cirno","floor":7,"turns":7}],"seed_played":"-1201114573487074344","potions_obtained":[{"floor":1,"key":"Weak Potion"},{"floor":3,"key":"Explosive Potion"}],"is_trial":false,"path_per_floor":["M","M","M","$","M","R","E"],"character_chosen":"REIMU","items_purchased":["TightArray:ReiMu","BlastKick2:ReiMu"],"campfire_rested":0,"item_purchase_floors":[4,4],"current_hp_per_floor":[53,43,36,36,33,33,19,19],"gold":40,"neow_bonus":"RANDOM_COMMON_RELIC","is_daily":false,"chose_seed":false,"campfire_upgraded":1,"win_rate":0.0,"timestamp":1613513207,"path_taken":["M","M","M","$","?","R","E"],"items_purchased_type":["Card","Card"],"build_version":"2020-12-22","purchased_purges":0,"victory":false,"max_hp_per_floor":[65,65,65,65,65,65,65,65],"card_choices":[{"not_picked":["SpringWay:ReiMu","Amulet:ReiMu"],"picked":"SealNeedle:ReiMu","floor":1},{"not_picked":["AlertArray:ReiMu","CareerPray:ReiMu"],"picked":"PayForSelf:ReiMu","floor":2},{"not_picked":["PayForSelf:ReiMu","Revelation:ReiMu","AirStrike:ReiMu"],"picked":"SKIP","floor":3},{"not_picked":["WonderfulDomain:ReiMu","OrbThrow:ReiMu","CareerPray:ReiMu"],"picked":"SKIP","floor":5}],"player_experience":1569271,"relics_obtained":[],"event_choices":[],"is_beta":false,"boss_relics":[],"items_purged_floors":[],"is_endless":false,"potions_floor_spawned":[1,3],"killed_by":"Gensokyo:Cirno","ascension_level":7}}