{"host":"fauqrvll5t0ss0vm","time":1613516129,"event":{"mods":["2.2 Compatiblity","Act Like it!","Aspiration","Bard","BaseMod","Beaked The Cultist","Better Altar","Better Match","Better Note","Better Sensory Stone","Better Skull","Better Third Choice","Better Vampires","Card Filter","Clockwork Mod","Colored Map","Conspire","Displayed Cursed Tome","Downfall","Emptier Cage","Energized Spire","Friendly Minions","GifTheSpireLib","Glutton Mod","Gremlin Mod","Gremlin Skip","Halation","Hermit","Highlight Path","Hubris","Jorbs\u0027s Wanderer Trilogy","Mad Scientist","Marked Mod","Minty Spire (QoL Compilation)","Permanent Neow","Random Character Button","Relic Filter","Reorder Act Four","Replay The Spire","Shop Mod","Somnambulant","Spikes Relics","StSLib","Stuff the Spire","SuperFastMode","The Construct","The Cursed","The Disciple","The Elementalist","The Judge","The Juggle","The Mystic","The Runesmith","The Sage","The Servant 0.9.4","The Valiant","Trackpad","Uncapped"],"gold_per_floor":[99,117,117,17,17,48,74,74,91,91,121,132,32,32,43,117,117,117,130,145,156,156,171,198,227,127,161,161,161,190,208,222,222,222],"floor_reached":33,"language":"ENG","playtime":19263,"items_purged":[],"score":630,"play_id":"d44c4fa2-5a02-4b61-ad66-d91b6ecd5413","local_time":"20210216235529","is_ascension_mode":true,"campfire_choices":[{"data":"Clockwork:Tinker","floor":1,"key":"SMITH"},{"data":"Clockwork:PerfectedStrike","floor":8,"key":"SMITH"},{"floor":10,"key":"RECALL"},{"data":"Clockwork:LogisticRegression","floor":13,"key":"SMITH"},{"data":"Ghostly","floor":18,"key":"SMITH"},{"floor":26,"key":"REST"},{"data":"StuffTheSpire:Innocence","floor":28,"key":"SMITH"}],"circlet_count":0,"master_deck":["AscendersBane","Clockwork:Strike","Clockwork:Strike","Clockwork:Strike+1","Clockwork:Strike","Clockwork:Shield+1","Clockwork:Shield+1","Clockwork:Shield","Clockwork:Shield+1","Clockwork:Tinker+1","Clockwork:WarmUp","Clockwork:PerfectedStrike+1","Injury","Ghostly+1","StuffTheSpire:Innocence+1","Clockwork:LogisticRegression+1","Clockwork:ForgeStrike+1","Clockwork:SearchingStrike+1","Clockwork:EnthusiasticStrike+1","Clockwork:InertialShield+1","Clockwork:CogShield+1","Clockwork:CogShield+1","Clockwork:OverlyWoundupStrike+1","Clockwork:ForgeStrike+1","Clockwork:KaliMa+1","Clockwork:SearchingStrike+1"],"relics":["Clockwork:MomentumEngine","Molten Egg 2","PreservedInsect","Lantern","Question Card","downfall:HeartBlessingRed","ReplayTheSpireMod:DimensionalGlitch","Clockwork:GoldenCog","Oddly Smooth Stone","downfall:HeartBlessingBlue","construct:BoolHorns","War Paint","Onion Ring","Clockwork:Varja"],"acts_visited":["Exordium","TheCity"],"potions_floor_usage":[11,16,16,30,30,33],"damage_taken":[{"damage":1,"enemies":"conspire:RoseBush","floor":2,"turns":12},{"damage":14,"enemies":"Lagavulin","floor":6,"turns":13},{"damage":9,"enemies":"Jaw Worm","floor":9,"turns":8},{"damage":7,"enemies":"Replay:BlueRogue","floor":11,"turns":10},{"damage":0,"enemies":"Small Slimes","floor":12,"turns":10},{"damage":3,"enemies":"Blue Slaver","floor":15,"turns":6},{"damage":7,"enemies":"SI_SHIV_ARCHETYPE","floor":16,"turns":13},{"damage":0,"enemies":"Spheric Guardian","floor":19,"turns":4},{"damage":8,"enemies":"Chosen","floor":20,"turns":9},{"damage":31,"enemies":"Snecko","floor":21,"turns":6},{"damage":11,"enemies":"conspire:HollyBat","floor":23,"turns":8},{"damage":4,"enemies":"Gremlin Leader","floor":25,"turns":7},{"damage":1,"enemies":"Book of Stabbing","floor":27,"turns":4},{"damage":14,"enemies":"Slavers","floor":30,"turns":6},{"damage":2,"enemies":"Shelled Parasite and Fungi","floor":31,"turns":9},{"damage":0,"enemies":"Cultist and Chosen","floor":32,"turns":6},{"damage":57,"enemies":"IC_MUSHROOM_ARCHETYPE","floor":33,"turns":11}],"seed_played":"-6542378191052554678","potions_obtained":[{"floor":2,"key":"BlessingOfTheForge"},{"floor":9,"key":"SpeedPotion"},{"floor":11,"key":"Weak Potion"},{"floor":23,"key":"ColorlessPotion"},{"floor":25,"key":"DistilledChaos"},{"floor":30,"key":"Energy Potion"}],"is_trial":false,"path_per_floor":["R","M","?","?","?","E","T","R","M","R","E","M","R","?","M","B",null,"R","M","M","M","?","M","T","E","R","E","R","?","E","M","M","B"],"character_chosen":"CLOCKWORK","items_purchased":[],"campfire_rested":1,"item_purchase_floors":[],"current_hp_per_floor":[71,70,70,70,60,46,46,46,37,37,30,30,30,30,27,20,64,64,64,56,25,29,18,18,14,50,49,49,49,35,33,33,0,0],"gold":222,"neow_bonus":"UPGRADE_CARD","is_daily":false,"chose_seed":false,"campfire_upgraded":5,"win_rate":0.0,"timestamp":1613516129,"path_taken":["R","M","?","?","?","E","T","R","?","R","E","M","R","?","M","BOSS","R","M","M","M","?","M","T","E","R","E","R","?","E","?","M","BOSS"],"items_purchased_type":[],"build_version":"2020-12-22","purchased_purges":0,"victory":false,"max_hp_per_floor":[79,79,79,79,79,79,79,79,79,79,79,79,79,79,79,79,79,79,79,79,79,79,79,79,79,89,89,89,89,89,89,89,89,89],"card_choices":[{"not_picked":["Clockwork:Enhance","Clockwork:AdaptiveCannon"],"picked":"Clockwork:PerfectedStrike","floor":2},{"not_picked":["Clockwork:SpurOn+1","Clockwork:Enhance"],"picked":"Clockwork:LogisticRegression","floor":6},{"not_picked":["Clockwork:Redundancy+1","Clockwork:CogBarrier"],"picked":"Clockwork:ForgeStrike+1","floor":9},{"not_picked":["Clockwork:AssemblyLine","Clockwork:ElasticNanites"],"picked":"Clockwork:SearchingStrike+1","floor":11},{"not_picked":["Clockwork:ForgeStrike+1","Clockwork:CogBarrier","Clockwork:Redundancy+1"],"picked":"Clockwork:EnthusiasticStrike+1","floor":12},{"not_picked":["Clockwork:MechanicalBulk","Clockwork:Efficiency+1","Clockwork:CogShield"],"picked":"Clockwork:InertialShield","floor":15},{"not_picked":["Clockwork:ZeroPointEnergy","Clockwork:AeonShield","Clockwork:PerfectForm"],"picked":"Clockwork:WindupStrike+1","floor":16},{"not_picked":["Clockwork:Friction+1","Clockwork:OccamsRazor","Clockwork:SystemScan"],"picked":"Clockwork:CogShield+1","floor":19},{"not_picked":["Clockwork:CogBarrier","Clockwork:Enhance","Clockwork:Selectivity"],"picked":"Clockwork:CogShield+1","floor":20},{"not_picked":["Clockwork:Redundancy+1","Clockwork:HeadStart+1","Clockwork:SystemHardening"],"picked":"Clockwork:SmithsMallet+1","floor":21},{"not_picked":["Clockwork:CogShield","Clockwork:CogToss+1","Clockwork:MechanicalMass+1","Clockwork:ChargingShield"],"picked":"SKIP","floor":23},{"not_picked":["Clockwork:SystemScan","Clockwork:ElasticNanites","Clockwork:CogShield"],"picked":"Clockwork:ForgeStrike+1","floor":25},{"not_picked":["Clockwork:AdaptiveShield","Clockwork:Minimalism","Clockwork:CraftSomewhatSmoothStone"],"picked":"Clockwork:CraftVarja+1","floor":27},{"not_picked":["Clockwork:ElasticNanites+1","Clockwork:Clone","Clockwork:Minimalism"],"picked":"Clockwork:KaliMa+1","floor":30},{"not_picked":["Clockwork:SnapKeep+1","Clockwork:ForgeStrike+1","Clockwork:TestingEnvironment","Clockwork:Roundhouse+1"],"picked":"SKIP","floor":31},{"not_picked":["Clockwork:ForgeStrike+1","Clockwork:Pluck+1","Clockwork:MechanicalMass+1"],"picked":"Clockwork:SearchingStrike+1","floor":32}],"player_experience":7521084,"relics_obtained":[{"floor":6,"key":"PreservedInsect"},{"floor":7,"key":"Lantern"},{"floor":11,"key":"Question Card"},{"floor":25,"key":"Oddly Smooth Stone"},{"floor":27,"key":"construct:BoolHorns"},{"floor":29,"key":"War Paint"},{"floor":30,"key":"Onion Ring"}],"event_choices":[{"damage_healed":0,"gold_gain":0,"player_choice":"Argue","damage_taken":0,"max_hp_gain":0,"max_hp_loss":0,"event_name":"conspire:LoneGhost","floor":4,"gold_loss":0},{"damage_healed":0,"gold_gain":0,"player_choice":"Relic","damage_taken":0,"max_hp_gain":0,"max_hp_loss":0,"event_name":"Wheel of Change","floor":29,"gold_loss":0}],"is_beta":false,"boss_relics":[{"not_picked":["Ring of Chaos","Sozu"],"picked":"ReplayTheSpireMod:DimensionalGlitch"}],"items_purged_floors":[],"is_endless":false,"potions_floor_spawned":[2,9,11,23,25,27,30],"killed_by":"IC_MUSHROOM_ARCHETYPE","ascension_level":20}}