{"host":"ueur771it0nnharr","time":1613444775,"event":{"mods":["AchievementEnabler","BaseMod","Colored Map","Colored Powertips","Highlight Path","Hubris","Minty Spire (QoL Compilation)","StSLib"],"gold_per_floor":[113,130,148,2,16,49,49,82,82,82,82,94,111,131,131,228,228,240,267,267,280,291,291,291],"floor_reached":23,"language":"ENG","playtime":2111,"items_purged":[],"score":236,"play_id":"95bd2dca-a71d-4211-8b1b-8a7a4cf62875","local_time":"20210215220615","is_ascension_mode":true,"campfire_choices":[{"floor":7,"key":"REST"},{"floor":10,"key":"REST"},{"floor":15,"key":"REST"}],"circlet_count":0,"master_deck":["Strike_P","Strike_P","Strike_P","Strike_P","Defend_P","Defend_P","Defend_P","Defend_P","Eruption","Vigilance","Blasphemy+1","CutThroughFate","ReachHeaven","ClearTheMind","SignatureMove","Halt","Judgement","Protect","FlyingSleeves","MasterReality","FollowUp+1","WindmillStrike","Judgement","FearNoEvil+1","ThirdEye"],"relics":["PureWater","Membership Card","StrikeDummy","Bronze Scales","Ancient Tea Set","Philosopher\u0027s Stone","Bag of Preparation"],"acts_visited":["Exordium","TheCity"],"potions_floor_usage":[3,12,21,23],"damage_taken":[{"damage":1,"enemies":"Cultist","floor":1,"turns":5},{"damage":7,"enemies":"2 Louse","floor":2,"turns":2},{"damage":19,"enemies":"Jaw Worm","floor":3,"turns":2},{"damage":4,"enemies":"Red Slaver","floor":5,"turns":3},{"damage":12,"enemies":"Gremlin Nob","floor":6,"turns":3},{"damage":32,"enemies":"Lagavulin","floor":8,"turns":5},{"damage":0,"enemies":"Lots of Slimes","floor":12,"turns":2},{"damage":16,"enemies":"Large Slime","floor":13,"turns":4},{"damage":20,"enemies":"Gremlin Gang","floor":14,"turns":4},{"damage":15,"enemies":"Hexaghost","floor":16,"turns":7},{"damage":0,"enemies":"Spheric Guardian","floor":18,"turns":2},{"damage":15,"enemies":"2 Thieves","floor":21,"turns":4},{"damage":42,"enemies":"Centurion and Healer","floor":22,"turns":5},{"damage":17,"enemies":"Book of Stabbing","floor":23,"turns":1}],"seed_played":"3022752801947665601","potions_obtained":[{"floor":2,"key":"LiquidMemories"},{"floor":8,"key":"SteroidPotion"},{"floor":16,"key":"Weak Potion"},{"floor":22,"key":"ColorlessPotion"}],"is_trial":false,"path_per_floor":["M","M","M","$","M","E","R","E","T","R","?","M","M","M","R","B",null,"M","T","?","M","M","E"],"character_chosen":"WATCHER","items_purchased":["Membership Card"],"campfire_rested":3,"item_purchase_floors":[4],"current_hp_per_floor":[71,64,45,45,41,29,50,18,18,39,39,39,23,3,24,9,72,72,72,72,57,15,0,0],"gold":291,"neow_bonus":"ONE_RANDOM_RARE_CARD","is_daily":false,"chose_seed":false,"campfire_upgraded":0,"win_rate":0.0,"timestamp":1613444775,"path_taken":["M","?","M","?","?","E","R","E","T","R","?","M","M","M","R","BOSS","M","?","?","?","?","E"],"items_purchased_type":["Relic"],"build_version":"2020-12-22","purchased_purges":0,"victory":false,"max_hp_per_floor":[72,72,72,72,72,72,72,72,72,72,72,72,72,72,72,72,72,72,72,72,72,72,72,72],"card_choices":[{"not_picked":["Halt","ThirdEye"],"picked":"CutThroughFate","floor":1},{"not_picked":["SashWhip","Wallop"],"picked":"ReachHeaven","floor":2},{"not_picked":["PathToVictory","DeceiveReality"],"picked":"ClearTheMind","floor":3},{"not_picked":["CrushJoints","Swivel"],"picked":"SignatureMove","floor":5},{"not_picked":["Conclude","TalkToTheHand"],"picked":"Halt","floor":6},{"not_picked":["EmptyBody","Perseverance"],"picked":"Judgement","floor":8},{"not_picked":["Consecrate","Collect"],"picked":"Protect","floor":12},{"not_picked":["Crescendo","ForeignInfluence","Evaluate"],"picked":"SKIP","floor":13},{"not_picked":["Crescendo","Wireheading"],"picked":"FlyingSleeves","floor":14},{"not_picked":["Vault","Brilliance"],"picked":"MasterReality","floor":16},{"not_picked":["Conclude","SashWhip"],"picked":"FollowUp+1","floor":18},{"not_picked":["ThirdEye+1","PathToVictory"],"picked":"FearNoEvil+1","floor":21},{"not_picked":["FlyingSleeves","FlurryOfBlows"],"picked":"ThirdEye","floor":22}],"player_experience":793011,"relics_obtained":[{"floor":6,"key":"StrikeDummy"},{"floor":8,"key":"Bronze Scales"},{"floor":9,"key":"Ancient Tea Set"},{"floor":19,"key":"Bag of Preparation"}],"event_choices":[{"damage_healed":0,"gold_gain":0,"player_choice":"Upgraded","damage_taken":0,"max_hp_gain":0,"max_hp_loss":0,"event_name":"Upgrade Shrine","floor":11,"gold_loss":0,"cards_upgraded":["Blasphemy"]},{"damage_healed":0,"gold_gain":0,"player_choice":"2 cards matched","damage_taken":0,"max_hp_gain":0,"max_hp_loss":0,"event_name":"Match and Keep!","floor":20,"gold_loss":0,"cards_obtained":["WindmillStrike","Judgement"]}],"is_beta":false,"boss_relics":[{"not_picked":["hubris:ScarierMask","hubris:Backtick"],"picked":"Philosopher\u0027s Stone"}],"items_purged_floors":[],"is_endless":false,"potions_floor_spawned":[2,8,16,22],"killed_by":"Book of Stabbing","ascension_level":3}}