{"host":"0m9qzqwuh9r40nrk","time":1613516309,"event":{"mods":["BaseMod","Conspire","Downfall","Hermit","Hubris","Infinite Spire","Jorbs\u0027s Wanderer Trilogy","Minty Spire (QoL Compilation)","Quick Restart","Replay The Spire","Shop Mod","StSLib","The Animator","The Construct","The Cursed","The Disciple","The Hierophant","The Necromancer","The Runesmith","everything is the same but u backflip on backflip"],"gold_per_floor":[99,111,126,140,156,191,218,236,256,256,282,282,324,334,349,444,444,344,362,69,88,101,125,151,51,51,51,51,51,63,73,99,204,204,204,227,240,334,365,398,398,429,329,342,342,342,371,18,34,34,34,34],"floor_reached":50,"language":"ENG","playtime":17492,"items_purged":["hexamod:Defend"],"score":656,"play_id":"f95f25b7-8d61-4e9c-97d2-51865f1a356c","local_time":"20210216145829","is_ascension_mode":false,"campfire_choices":[{"data":"hexamod:GhostflameInferno","floor":10.0,"key":"SMITH"},{"data":"hexamod:HexaLevel","floor":18,"key":"SMITH"},{"data":"hexamod:TimeWarp","floor":25,"key":"SMITH"},{"data":"infinitespire:Gouge","floor":29,"key":"SMITH"},{"floor":35,"key":"RECALL"},{"floor":43,"key":"REST"},{"data":"hexamod:Hexaguard","floor":46,"key":"SMITH"}],"circlet_count":0,"master_deck":["hexamod:Strike+1","hexamod:Defend","hexamod:Defend","hexamod:Sear+1","hexamod:Float+1","hexamod:FirstSeal","hexamod:Hexaguard+1","hexamod:HeatMetal+1","hexamod:FastForward+1","hexamod:Incineration+1","Pot Of Greed+1","Pot Of Greed","hexamod:NightmareGuise+1","hexamod:GhostflameInferno+1","hexamod:ExtraCrispy","hexamod:SecondSeal","hexamod:RainOfEmbers+1","hexamod:HexaLevel+1","hexamod:TimeWarp+1","hexamod:ChargedBarrage+1","hexamod:RadiantFlame+1","hexamod:FifthSeal","Pot Of Greed+1","hexamod:BurningTouch+1","hexamod:SixthSeal","hexamod:BurningTouch+1","hexamod:FastForward+1","infinitespire:Collect+1","infinitespire:Gouge+1","hexamod:Hexaguard+1","hexamod:AdvancingGuard+1","hexamod:TurnItUp+1","hexamod:HeatShield+1","hexamod:FastForward+1","hexamod:PhantomCloak+1","Pot Of Greed+1","Midas Touch+1"],"relics":["hexamod:SpiritBrand","Grinning Jar","Toxic Egg 2","hubris:MedicalManual","Astrolabe","downfall:HeartBlessingGreen","conspire:Dentures","hubris:TenFootPole","downfall:HeartBlessingBlue","hubris:Towel","Nloth\u0027s Gift","Busted Crown","TungstenRod","Darkstone Periapt","hubris:ToyBattleship","Pen Nib","downfall:HeartBlessingRed","infinitespire:Beetle Shell"],"acts_visited":["Exordium","TheCity","TheBeyond"],"potions_floor_usage":[16,22,31,33,40,44,47,50,50,50],"damage_taken":[{"damage":8.0,"enemies":"infinitespire:Voidling","floor":2.0,"turns":4.0},{"damage":1.0,"enemies":"Cultist","floor":3.0,"turns":3.0},{"damage":0.0,"enemies":"Small Slimes","floor":4.0,"turns":3.0},{"damage":21.0,"enemies":"Exordium Thugs","floor":5.0,"turns":4.0},{"damage":5.0,"enemies":"Replay:BlueRogue","floor":6.0,"turns":6.0},{"damage":0.0,"enemies":"3 Louse","floor":8.0,"turns":4.0},{"damage":4.0,"enemies":"Exordium Wildlife","floor":9.0,"turns":3.0},{"damage":12.0,"enemies":"Lagavulin","floor":11.0,"turns":6.0},{"damage":4.0,"enemies":"Replay:BlueRogue","floor":13.0,"turns":5.0},{"damage":2.0,"enemies":"Blue Slaver","floor":14.0,"turns":4.0},{"damage":14,"enemies":"Exordium Thugs","floor":15,"turns":5},{"damage":2,"enemies":"IC_STATUS_ARCHETYPE","floor":16,"turns":8},{"damage":5,"enemies":"Chosen","floor":19,"turns":3},{"damage":0,"enemies":"downfall:FleeingMerchant","floor":20,"turns":4},{"damage":5,"enemies":"Shell Parasite","floor":21,"turns":3},{"damage":14,"enemies":"Centurion and Healer","floor":22,"turns":6},{"damage":7,"enemies":"conspire:HollyBat","floor":30,"turns":6},{"damage":7,"enemies":"Chosen and Byrds","floor":31,"turns":5},{"damage":7,"enemies":"Centurion and Healer","floor":32,"turns":8},{"damage":45,"enemies":"WA_ARCHETYPE_CALM","floor":33,"turns":9},{"damage":9,"enemies":"3 Shapes","floor":36,"turns":4},{"damage":1,"enemies":"Orb Walker","floor":37,"turns":3},{"damage":25,"enemies":"conspire:MimicChest","floor":39,"turns":7},{"damage":30,"enemies":"Reptomancer","floor":40,"turns":6},{"damage":11,"enemies":"Nemesis","floor":42,"turns":6},{"damage":0,"enemies":"Transient","floor":44,"turns":5},{"damage":2,"enemies":"Giant Head","floor":47,"turns":7},{"damage":0,"enemies":"downfall:FleeingMerchant","floor":48,"turns":4},{"damage":13,"enemies":"3 Darklings","floor":49,"turns":5},{"damage":85,"enemies":"SI_POISON_ARCHETYPE","floor":50,"turns":5}],"seed_played":"-470135594516999049","potions_obtained":[{"floor":3.0,"key":"Flashbang"},{"floor":5.0,"key":"Flashbang"},{"floor":8.0,"key":"hexamod:DoubleChargePotion"},{"floor":12.0,"key":"LifebloodPotion"},{"floor":16,"key":"AttackPotion"},{"floor":22,"key":"SteroidPotion"},{"floor":36,"key":"FearPotion"},{"floor":39,"key":"hexamod:EctoCoolerPotion"},{"floor":44,"key":"DistilledChaos"},{"floor":49,"key":"SteroidPotion"}],"is_trial":false,"path_per_floor":["R","M","M","M","M","E","T","M","M","R","E","?","E","M","M","B",null,"R","M","$","M","M","T","T","R","AVR","?","?","R","M","M","M","B",null,"R","M","M","?","?","E","T","E","R","M","?","R","E","$","M","B"],"character_chosen":"THE_SPIRIT","items_purchased":["hexamod:FastForward+1","conspire:Dentures","Midas Touch+1","Milkshake"],"campfire_rested":1,"item_purchase_floors":[20,20,48,48],"current_hp_per_floor":[77,77,77,77,63,58,58,58,61,61,56,56,59,64,57,55,77,77,72,72,74,67,67,67,77,77,77,77,77,77,77,70,25,87,87,85,87,70,52,29,29,25,51,58,58,58,63,70,64,0,0,0],"gold":34,"neow_bonus":"TEN_PERCENT_HP_BONUS","is_daily":false,"chose_seed":false,"campfire_upgraded":5,"win_rate":0.0,"timestamp":1613516309,"path_taken":["R","M","?","M","M","E","T","M","?","R","E","?","E","M","M","BOSS","R","M","?","M","M","?","T","R","AVR","?","?","R","M","?","M","BOSS","R","M","M","?","?","E","T","E","R","?","?","R","E","?","M","BOSS"],"items_purchased_type":["Card","Relic","Card","Potion"],"build_version":"2020-12-22","purchased_purges":1,"victory":false,"max_hp_per_floor":[77,77,77,77,77,77,77,77,77,77,77,77,77,77,77,77,77,77,77,77,77,77,77,77,87,87,87,87,87,87,87,87,87,87,87,87,87,87,87,87,87,87,87,87,87,87,87,87,87,87,87,87],"card_choices":[{"not_picked":["hexamod:Rewind","hexamod:EmpoweredFlame"],"picked":"hexamod:Hexaguard","floor":2.0},{"not_picked":["hexamod:NightmareStrike","hexamod:PhantomFireball"],"picked":"hexamod:HeatMetal","floor":3.0},{"not_picked":["hexamod:CatchUp","hexamod:EmpoweredFlame"],"picked":"hexamod:FastForward","floor":4.0},{"not_picked":["hexamod:HauntingEcho","hexamod:Firestarter"],"picked":"hexamod:Incineration","floor":5.0},{"not_picked":["hexamod:InspiringFlames","hexamod:HeatMetal"],"picked":"hexamod:NightmareGuise","floor":6.0},{"not_picked":["hexamod:FastForward","hexamod:FourthSeal"],"picked":"hexamod:GhostflameInferno","floor":8.0},{"not_picked":["hexamod:HauntingEcho","hexamod:NightmareGuise"],"picked":"hexamod:ExtraCrispy","floor":9.0},{"not_picked":["hexamod:FirstSeal","hexamod:SpectralAdrenaline+1"],"picked":"hexamod:SecondSeal","floor":11.0},{"not_picked":["hexamod:FastForward+1","hexamod:SkipABeat+1"],"picked":"hexamod:RainOfEmbers","floor":13.0},{"not_picked":["hexamod:Firestarter","hexamod:ShieldOfDarkness+1","hexamod:FastForward+1"],"picked":"SKIP","floor":14.0},{"not_picked":["hexamod:SwordOfDarkness","hexamod:HeatShield+1"],"picked":"hexamod:HexaLevel","floor":15},{"not_picked":["hexamod:FifthSeal","hexamod:UnleashSpirits"],"picked":"hexamod:TimeWarp","floor":16},{"not_picked":["hexamod:SpectersWail+1","hexamod:SecondSeal"],"picked":"hexamod:BurningTouch+1","floor":19},{"not_picked":["hexamod:ThirdSeal","hexamod:FourthSeal"],"picked":"hexamod:SixthSeal","floor":20},{"not_picked":["hexamod:UnleashSpirits","hexamod:HeatMetal"],"picked":"hexamod:BurningTouch+1","floor":20},{"not_picked":["hexamod:BacktrackSmack","hexamod:HauntingEcho","hexamod:NightmareGuise+1"],"picked":"SKIP","floor":21},{"not_picked":["hexamod:BacktrackSmack","hexamod:HauntingEcho","hexamod:NightmareGuise+1"],"picked":"SKIP","floor":21},{"not_picked":["hexamod:FourthSeal","hexamod:ThermalTransfer","hexamod:BacktrackSmack"],"picked":"SKIP","floor":22},{"not_picked":["hexamod:SpectersWail","hexamod:GhostShield+1","hexamod:SecondSeal"],"picked":"SKIP","floor":30},{"not_picked":["hexamod:GhostShield+1","hexamod:ThermalTransfer"],"picked":"hexamod:Hexaguard+1","floor":31},{"not_picked":["hexamod:FirstSeal","hexamod:SpectralAdrenaline+1"],"picked":"hexamod:AdvancingGuard+1","floor":32},{"not_picked":["hexamod:GhostflameInferno+1","hexamod:SixthSeal"],"picked":"hexamod:TurnItUp+1","floor":33},{"not_picked":["hexamod:GhostLash"],"picked":"SKIP","floor":36},{"not_picked":[],"picked":"hexamod:HeatShield+1","floor":37},{"not_picked":[],"picked":"hexamod:FastForward+1","floor":38},{"not_picked":[],"picked":"hexamod:PhantomCloak","floor":40},{"not_picked":["hexamod:DynamicBlow+1"],"picked":"SKIP","floor":42},{"not_picked":["hexamod:DynamicBlow"],"picked":"SKIP","floor":44},{"not_picked":["hexamod:BacktrackSmack"],"picked":"SKIP","floor":47},{"not_picked":["hexamod:InspiringFlames+1"],"picked":"SKIP","floor":48},{"not_picked":["hexamod:EtherealExpedition+1"],"picked":"SKIP","floor":49}],"player_experience":613344,"relics_obtained":[{"floor":6.0,"key":"Grinning Jar"},{"floor":7.0,"key":"Oddly Smooth Stone"},{"floor":11.0,"key":"Toxic Egg 2"},{"floor":13.0,"key":"hubris:MedicalManual"},{"floor":24,"key":"hubris:TenFootPole"},{"floor":39,"key":"TungstenRod"},{"floor":40,"key":"Darkstone Periapt"},{"floor":41,"key":"hubris:ToyBattleship"},{"floor":42,"key":"Pen Nib"},{"floor":47,"key":"infinitespire:Beetle Shell"}],"event_choices":[{"damage_healed":0.0,"max_hp_gain":0.0,"max_hp_loss":0.0,"gold_gain":0.0,"event_name":"Lab","player_choice":"Got Potions","floor":12.0,"gold_loss":0.0,"damage_taken":0.0}],"is_beta":false,"boss_relics":[{"not_picked":["conspire:SlowCooker","hubris:RunicObelisk"],"picked":"Astrolabe"},{"not_picked":["Calling Bell","ReplayTheSpireMod:DimensionalGlitch"],"picked":"Busted Crown"}],"items_purged_floors":[48],"is_endless":false,"potions_floor_spawned":[3,5,8,13,15,16,19,22,36,39,44,49],"killed_by":"SI_POISON_ARCHETYPE","ascension_level":0}}