{"host":"d0btaf6p0msba79e","time":1613483935,"event":{"mods":["BaseMod","BetterRewards","Minty Spire (QoL Compilation)"],"gold_per_floor":[118,118,132,132,151,151,181,181,232,259,279,289,324,341,341,437,437,449,724,740,395,415,446,446,475,502,150,165,10,25,59,59,154,154,168,183,198,211,259,259,286,296,371,371,399,499,499,512,512,512,512,512,12,41,41],"floor_reached":56,"language":"ENG","playtime":5144,"items_purged":["Regret","Strike_P","Strike_P"],"score":1894,"play_id":"d9d1e945-d8a9-41b8-919d-cf99f83bbb9e","local_time":"20210217005855","is_ascension_mode":true,"campfire_choices":[{"floor":6,"key":"REST"},{"data":"TalkToTheHand","floor":8,"key":"SMITH"},{"data":"Perseverance","floor":15,"key":"SMITH"},{"data":"TalkToTheHand","floor":24,"key":"SMITH"},{"floor":32,"key":"REST"},{"floor":40,"key":"REST"},{"floor":44,"key":"RECALL"},{"data":"SpiritShield","floor":47,"key":"SMITH"},{"floor":49,"key":"REST"},{"data":"BattleHymn","floor":52,"key":"SMITH"}],"circlet_count":0,"master_deck":["Strike_P","Strike_P","Defend_P","Defend_P","Defend_P","Defend_P","Eruption+1","Vigilance","TalkToTheHand+1","CarveReality","ReachHeaven","CutThroughFate","ReachHeaven","Sanctity","EmptyMind","CutThroughFate","Perseverance+1","DeusExMachina","DevaForm","FlurryOfBlows","CutThroughFate+1","TalkToTheHand+1","BattleHymn+1","Meditate","SpiritShield+1","Fasting2","ForeignInfluence","Master of Strategy","FlurryOfBlows","MasterReality","Wallop+1","SandsOfTime+1"],"relics":["HolyWater","Membership Card","Vajra","CloakClasp","Torii","Calipers","Pen Nib","Anchor","Toy Ornithopter","Potion Belt","Centennial Puzzle","Darkstone Periapt","Shuriken","Turnip","Yang","Question Card","Oddly Smooth Stone","Philosopher\u0027s Stone","Unceasing Top","Bottled Tornado","The Courier","Akabeko","ClockworkSouvenir","Nunchaku","Eternal Feather","Pantograph","Boot","Lantern","Art of War"],"acts_visited":["Exordium","TheCity","TheBeyond","TheEnding"],"potions_floor_usage":[5,11,23,23,33,33,35,41,48,50,50,54,55,55],"damage_taken":[{"damage":0,"enemies":"2 Louse","floor":1,"turns":2},{"damage":0,"enemies":"Cultist","floor":3,"turns":2},{"damage":0,"enemies":"Small Slimes","floor":5,"turns":2},{"damage":0,"enemies":"Gremlin Nob","floor":7,"turns":2},{"damage":1,"enemies":"3 Sentries","floor":10,"turns":6},{"damage":0,"enemies":"Looter","floor":11,"turns":1},{"damage":0,"enemies":"Lots of Slimes","floor":12,"turns":2},{"damage":1,"enemies":"Lagavulin","floor":13,"turns":4},{"damage":0,"enemies":"Exordium Thugs","floor":14,"turns":3},{"damage":0,"enemies":"Slime Boss","floor":16,"turns":3},{"damage":0,"enemies":"Chosen","floor":18,"turns":3},{"damage":3,"enemies":"Shell Parasite","floor":20,"turns":4},{"damage":0,"enemies":"Chosen and Byrds","floor":22,"turns":4},{"damage":0,"enemies":"Gremlin Leader","floor":23,"turns":5},{"damage":8,"enemies":"Book of Stabbing","floor":25,"turns":3},{"damage":0,"enemies":"Centurion and Healer","floor":28,"turns":4},{"damage":11,"enemies":"Shelled Parasite and Fungi","floor":30,"turns":3},{"damage":1,"enemies":"Gremlin Leader","floor":31,"turns":5},{"damage":13,"enemies":"Collector","floor":33,"turns":4},{"damage":0,"enemies":"Orb Walker","floor":35,"turns":4},{"damage":22,"enemies":"3 Darklings","floor":36,"turns":5},{"damage":0,"enemies":"Spire Growth","floor":37,"turns":2},{"damage":0,"enemies":"Transient","floor":38,"turns":5},{"damage":1,"enemies":"2 Orb Walkers","floor":39,"turns":4},{"damage":1,"enemies":"Nemesis","floor":41,"turns":5},{"damage":16,"enemies":"4 Shapes","floor":42,"turns":5},{"damage":0,"enemies":"Giant Head","floor":45,"turns":5},{"damage":1,"enemies":"Writhing Mass","floor":48,"turns":2},{"damage":30,"enemies":"Time Eater","floor":50,"turns":5},{"damage":20,"enemies":"Shield and Spear","floor":54,"turns":4},{"damage":19,"enemies":"The Heart","floor":55,"turns":7}],"seed_played":"-3270391134048320399","potions_obtained":[{"floor":1,"key":"Dexterity Potion"},{"floor":3,"key":"Block Potion"},{"floor":7,"key":"SteroidPotion"},{"floor":11,"key":"Block Potion"},{"floor":12,"key":"BlessingOfTheForge"},{"floor":14,"key":"PowerPotion"},{"floor":20,"key":"Explosive Potion"},{"floor":28,"key":"PowerPotion"},{"floor":30,"key":"Block Potion"},{"floor":31,"key":"SpeedPotion"},{"floor":37,"key":"SneckoOil"},{"floor":38,"key":"LiquidMemories"},{"floor":39,"key":"Block Potion"},{"floor":45,"key":"LiquidBronze"}],"is_trial":false,"path_per_floor":["M","?","M","?","M","R","E","R","T","E","M","M","E","M","R","B",null,"M","?","M","$","M","E","R","E","T","$","M","$","M","E","R","B",null,"M","M","M","M","?","R","E","M","T","R","E","?","R","M","R","B",null,"R","$","E","B",null],"character_chosen":"WATCHER","items_purchased":["Membership Card","Vajra","TalkToTheHand","CarveReality","TalkToTheHand","BattleHymn","Centennial Puzzle","DistilledChaos","Darkstone Periapt","Yang","Question Card","Fasting2","Master of Strategy","ClockworkSouvenir","Nunchaku","Eternal Feather","Pantograph","Boot","Lantern","Dexterity Potion","AttackPotion","Energy Potion"],"campfire_rested":4,"item_purchase_floors":[0,0,0,0,21,21,21,21,21,27,27,27,29,53,53,53,53,53,53,53,53,53],"current_hp_per_floor":[42,42,42,42,42,63,63,63,63,62,67,67,66,66,66,66,72,72,72,69,69,69,72,72,64,64,64,64,64,53,52,72,59,72,72,50,50,50,49,70,71,55,55,55,55,55,55,59,72,47,72,72,72,52,58],"gold":41,"neow_bonus":"","is_daily":false,"chose_seed":false,"campfire_upgraded":5,"win_rate":0.0,"timestamp":1613483935,"path_taken":["M","?","?","?","M","R","E","R","T","E","M","M","E","M","R","BOSS","M","?","M","$","M","E","R","E","T","$","M","$","M","E","R","BOSS","M","?","M","M","?","R","E","M","T","R","E","?","R","M","R","BOSS","R","$","E","BOSS"],"items_purchased_type":["Relic","Relic","Card","Card","Card","Card","Relic","Potion","Relic","Relic","Relic","Card","Card","Relic","Relic","Relic","Relic","Relic","Relic","Potion","Potion","Potion"],"build_version":"2020-12-22","purchased_purges":3,"victory":true,"max_hp_per_floor":[72,72,72,72,72,72,72,72,72,72,72,72,72,72,72,72,72,72,72,72,72,72,72,72,72,72,72,72,72,72,72,72,72,72,72,72,72,72,72,72,72,72,72,72,72,72,72,72,72,72,72,72,72,72,72],"card_choices":[{"not_picked":["Crescendo","Halt"],"picked":"ReachHeaven","floor":1},{"not_picked":["Nirvana","Consecrate"],"picked":"CutThroughFate","floor":3},{"not_picked":["Prostrate","Collect","FollowUp"],"picked":"SKIP","floor":5},{"not_picked":["ConjureBlade","JustLucky"],"picked":"ReachHeaven","floor":7},{"not_picked":["InnerPeace","Crescendo"],"picked":"Sanctity","floor":10},{"not_picked":["BowlingBash","LikeWater"],"picked":"EmptyMind","floor":11},{"not_picked":["CrushJoints","SashWhip"],"picked":"CutThroughFate","floor":12},{"not_picked":["Nirvana","CrushJoints"],"picked":"Perseverance","floor":13},{"not_picked":["Prostrate","PathToVictory"],"picked":"DeusExMachina","floor":14},{"not_picked":["Judgement","Brilliance"],"picked":"DevaForm","floor":16},{"not_picked":["CrushJoints","PathToVictory"],"picked":"FlurryOfBlows","floor":18},{"not_picked":["Vengeance+1","EmptyBody+1"],"picked":"CutThroughFate+1","floor":20},{"not_picked":["Vengeance","DeusExMachina"],"picked":"Meditate","floor":22},{"not_picked":["CrushJoints","Sanctity","Pray"],"picked":"SKIP","floor":23},{"not_picked":["Prostrate","CrushJoints+1"],"picked":"SpiritShield","floor":25},{"not_picked":["FollowUp+1","ThirdEye","SashWhip+1"],"picked":"ForeignInfluence","floor":28},{"not_picked":["Meditate","CrushJoints","Perseverance+1","ClearTheMind"],"picked":"SKIP","floor":30},{"not_picked":["Worship","PathToVictory+1","Prostrate"],"picked":"FlurryOfBlows","floor":31},{"not_picked":["Judgement","Brilliance","ConjureBlade"],"picked":"MasterReality","floor":33},{"not_picked":["FlyingSleeves","Study","Prostrate+1","Crescendo+1"],"picked":"SKIP","floor":35},{"not_picked":["ClearTheMind+1","FlyingSleeves","EmptyBody+1","CutThroughFate"],"picked":"SKIP","floor":36},{"not_picked":["Consecrate","FlurryOfBlows+1","FearNoEvil"],"picked":"Wallop+1","floor":37},{"not_picked":["EmptyMind+1","ThirdEye","DeceiveReality+1","Evaluate"],"picked":"SKIP","floor":38},{"not_picked":["EmptyMind+1","CutThroughFate","InnerPeace"],"picked":"SandsOfTime+1","floor":39},{"not_picked":["MentalFortress+1","Fasting2","ThirdEye","Meditate"],"picked":"SKIP","floor":41},{"not_picked":["FlyingSleeves+1","PathToVictory","Prostrate+1","CrushJoints+1"],"picked":"SKIP","floor":42},{"not_picked":["Judgement","Wish","Consecrate+1","FlyingSleeves"],"picked":"SKIP","floor":45},{"not_picked":["Evaluate+1","ClearTheMind","WindmillStrike+1","InnerPeace+1"],"picked":"SKIP","floor":48},{"not_picked":["JustLucky+1","Conclude","Crescendo","FollowUp"],"picked":"SKIP","floor":54}],"player_experience":1026076,"relics_obtained":[{"floor":7,"key":"Pen Nib"},{"floor":9,"key":"Anchor"},{"floor":10,"key":"Toy Ornithopter"},{"floor":13,"key":"Potion Belt"},{"floor":23,"key":"Shuriken"},{"floor":25,"key":"Turnip"},{"floor":31,"key":"Oddly Smooth Stone"},{"floor":39,"key":"Unceasing Top"},{"floor":41,"key":"Bottled Tornado"},{"floor":43,"key":"The Courier"},{"floor":45,"key":"Akabeko"},{"floor":54,"key":"Art of War"}],"event_choices":[{"damage_healed":0,"gold_gain":0,"player_choice":"Forge","damage_taken":0,"max_hp_gain":0,"max_hp_loss":0,"event_name":"Accursed Blacksmith","floor":2,"gold_loss":0,"cards_upgraded":["Eruption"]},{"damage_healed":0,"gold_gain":0,"player_choice":"Ignored","damage_taken":0,"max_hp_gain":0,"max_hp_loss":0,"event_name":"Liars Game","floor":4,"gold_loss":0},{"damage_healed":0,"gold_gain":275,"player_choice":"Desecrate","damage_taken":0,"max_hp_gain":0,"max_hp_loss":0,"event_name":"Golden Shrine","floor":19,"gold_loss":0,"cards_obtained":["Regret"]},{"damage_healed":0,"gold_gain":0,"player_choice":"Fight","damage_taken":0,"max_hp_gain":0,"max_hp_loss":0,"event_name":"Mysterious Sphere","floor":39,"gold_loss":0},{"damage_healed":0,"gold_gain":100,"player_choice":"Pray","damage_taken":0,"max_hp_gain":0,"max_hp_loss":0,"event_name":"Golden Shrine","floor":46,"gold_loss":0}],"is_beta":false,"boss_relics":[{"not_picked":["Velvet Choker","Coffee Dripper"],"picked":"HolyWater"},{"not_picked":["Runic Dome","Empty Cage"],"picked":"Philosopher\u0027s Stone"}],"items_purged_floors":[21,27,29],"is_endless":false,"potions_floor_spawned":[1,3,7,11,12,14,20,28,30,31,37,38,39,45],"ascension_level":3}}