{"host":"9rehsd5oi9uaydbk","time":1613457731,"event":{"mods":["AchievementEnabler","Act Like it!","Aspiration","BaseMod","Better Third Choice","Colored Powertips","Curses Come First","Downfall","Hermit","Hubris","Jorbs\u0027s Wanderer Trilogy","Minty Spire (QoL Compilation)","StSLib","The Marked","The Runesmith"],"gold_per_floor":[113,113,113,126,78,103,103,103,177,177,190,190,202,202,202,297,297,313,313,333,258,258,258,283,382,436,458,470,517,544,556,568,580,580],"floor_reached":33,"language":"ENG","playtime":1185,"items_purged":["hermit:WideOpen"],"score":308,"play_id":"883cf7f6-06f8-4013-9a02-b2730ec1afe3","local_time":"20210216014211","is_ascension_mode":false,"campfire_choices":[{"data":"hermit:FullyLoaded","floor":7,"key":"SMITH"},{"data":"hermit:Showdown","floor":10,"key":"SMITH"},{"floor":15,"key":"REST"},{"data":"hermit:Glare","floor":23,"key":"SMITH"},{"floor":28,"key":"REST"},{"floor":32,"key":"REST"}],"circlet_count":0,"master_deck":["hermit:Strike_Hermit+1","hermit:Strike_Hermit+1","hermit:Strike_Hermit+1","hermit:Strike_Hermit+1","hermit:Defend_Hermit+1","hermit:Defend_Hermit+1","hermit:Defend_Hermit+1","hermit:Snapshot","hermit:Covet","hermit:FullyLoaded+1","hermit:Showdown+1","hermit:Feint","hermit:Quickdraw+1","hermit:Shortfuse+1","hermit:Gambit","hubris:NaturalOne","hermit:Glare+1","hermit:EyeOfTheStorm","hermit:HighCaliber+1","hermit:HighCaliber+1"],"relics":["hermit:Momento","NeowsBlessing","Mummified Hand","hubris:Icosahedron","Molten Egg 2","aspiration:ChemicalBlood","Black Star","Sundial","Bag of Preparation","MawBank","Dream Catcher","HornCleat"],"acts_visited":["Exordium","TheCity"],"potions_floor_usage":[16,16,16,16,16,20,20,24,24,24,24,29,31,33,33,33,33],"damage_taken":[{"damage":0,"enemies":"Small Slimes","floor":1,"turns":1},{"damage":0,"enemies":"2 Louse","floor":4,"turns":1},{"damage":0,"enemies":"3 Sentries","floor":6,"turns":1},{"damage":13,"enemies":"Jaw Worm","floor":11,"turns":3},{"damage":0,"enemies":"Red Slaver","floor":13,"turns":2},{"damage":38,"enemies":"Hexaghost","floor":16,"turns":11},{"damage":11,"enemies":"Spheric Guardian","floor":18,"turns":4},{"damage":8,"enemies":"3 Byrds","floor":20,"turns":7},{"damage":24,"enemies":"Gremlin Leader","floor":24,"turns":4},{"damage":4,"enemies":"Snecko","floor":27,"turns":5},{"damage":20,"enemies":"Book of Stabbing","floor":29,"turns":5},{"damage":19,"enemies":"Shelled Parasite and Fungi","floor":30,"turns":5},{"damage":0,"enemies":"Centurion and Healer","floor":31,"turns":1},{"damage":47,"enemies":"hubris:MusketHawk","floor":33,"turns":9}],"seed_played":"-7804940834563845057","potions_obtained":[{"floor":1,"key":"Guardian:BlockOnCardUsePotion"},{"floor":4,"key":"Dexterity Potion"},{"floor":16,"key":"Regen Potion"},{"floor":18,"key":"EntropicBrew"},{"floor":20,"key":"FearPotion"},{"floor":27,"key":"BlessingOfTheForge"},{"floor":30,"key":"PowerPotion"}],"is_trial":false,"path_per_floor":["M","$","?","M","$","E","R","?","T","R","M","$","M","?","R","B",null,"M","?","M","$","?","R","E","?","T","M","R","E","M","M","R","B"],"character_chosen":"HERMIT","items_purchased":["AttackPotion"],"campfire_rested":3,"item_purchase_floors":[5],"current_hp_per_floor":[75,75,75,75,75,75,75,75,75,75,62,62,62,44,66,28,75,64,64,70,70,70,70,46,46,46,42,64,44,25,25,47,0,0],"gold":580,"neow_bonus":"THREE_ENEMY_KILL","is_daily":false,"chose_seed":false,"campfire_upgraded":3,"win_rate":0.0,"timestamp":1613457731,"path_taken":["M","$","?","M","$","E","R","?","T","R","M","?","?","?","R","BOSS","M","?","?","$","?","R","E","?","T","M","R","E","M","M","R","BOSS"],"items_purchased_type":["Potion"],"build_version":"2020-12-22","purchased_purges":1,"victory":false,"max_hp_per_floor":[75,75,75,75,75,75,75,75,75,75,75,75,75,75,75,75,75,75,75,75,75,75,75,75,75,75,75,75,75,75,75,75,75,75],"card_choices":[{"not_picked":["hermit:SprayPray","hermit:Gestalt"],"picked":"hermit:FullyLoaded","floor":1},{"not_picked":["hermit:Cheat","hermit:LoneWolf"],"picked":"hermit:Showdown","floor":4},{"not_picked":["hermit:TrackingShot","hermit:BigShot"],"picked":"hermit:Feint","floor":6},{"not_picked":["hermit:DeadMansHand","hermit:PistolWhip+1"],"picked":"hermit:Quickdraw+1","floor":11},{"not_picked":["hermit:Manifest","hermit:Grudge+1"],"picked":"hermit:Shortfuse+1","floor":13},{"not_picked":["hermit:Dissolve","hermit:FinalCanter+1"],"picked":"hermit:Gambit","floor":16},{"not_picked":["hermit:BigShot","hermit:WideOpen+1","hermit:Combo+1"],"picked":"SKIP","floor":18},{"not_picked":["hermit:LowProfile","hermit:Manifest"],"picked":"hermit:Glare","floor":20},{"not_picked":["hermit:Ricochet+1","hermit:Dissolve"],"picked":"hermit:EyeOfTheStorm","floor":24},{"not_picked":["hermit:Headshot+1","hermit:Feint","hermit:Dive+1"],"picked":"SKIP","floor":27},{"not_picked":["hermit:HoleUp+1","hermit:FromBeyond","hermit:Dive"],"picked":"SKIP","floor":29},{"not_picked":["hermit:Feint","hermit:Malice+1"],"picked":"hermit:HighCaliber+1","floor":30},{"not_picked":["hermit:Glare","hermit:LuckOfTheDraw"],"picked":"hermit:HighCaliber+1","floor":32}],"player_experience":211511,"relics_obtained":[{"floor":6,"key":"Mummified Hand"},{"floor":9,"key":"Molten Egg 2"},{"floor":24,"key":"Sundial"},{"floor":24,"key":"Bag of Preparation"},{"floor":26,"key":"MawBank"},{"floor":29,"key":"Dream Catcher"},{"floor":29,"key":"HornCleat"}],"event_choices":[{"damage_healed":0,"gold_gain":0,"cards_transformed":["hermit:Defend_Hermit"],"player_choice":"Change","damage_taken":0,"max_hp_gain":0,"max_hp_loss":0,"event_name":"Living Wall","floor":3,"gold_loss":0,"cards_obtained":["hermit:WideOpen"]},{"damage_healed":0,"gold_gain":0,"player_choice":"Relic ","damage_taken":18,"max_hp_gain":0,"max_hp_loss":0,"event_name":"betterThird:BetterScrap","floor":14,"gold_loss":0,"cards_obtained":["hubris:SpecializedCircuitry"]},{"damage_healed":0,"gold_gain":0,"player_choice":"Ignored","damage_taken":0,"max_hp_gain":0,"max_hp_loss":0,"event_name":"NoteForYourself","floor":19,"gold_loss":0},{"damage_healed":0,"gold_gain":0,"player_choice":"Simplicity","damage_taken":0,"max_hp_gain":0,"max_hp_loss":7,"event_name":"betterThird:BetterWriting","floor":22,"gold_loss":0},{"damage_healed":0,"gold_gain":99,"player_choice":"Steal","damage_taken":0,"max_hp_gain":0,"max_hp_loss":0,"event_name":"betterThird:BetterNest","floor":25,"gold_loss":0}],"is_beta":false,"boss_relics":[{"not_picked":["Busted Crown","bronze:MakeshiftBattery"],"picked":"Black Star"}],"items_purged_floors":[21],"is_endless":false,"potions_floor_spawned":[1,4,6,16,18,27,30,31],"killed_by":"hubris:MusketHawk","ascension_level":0}}