{"host":"2e3z4r48quhw80cc","time":1613492870,"event":{"mods":["BaseMod","Minty Spire (QoL Compilation)","Quick Restart","StSLib","SuperFastMode"],"gold_per_floor":[112,112,287,287,305,331,331,341,341,366,398,410,423,101,101,203,203,192,211,136,152,167,167,202,202,202,228,243,243,263,289,289,391,391,391,391],"floor_reached":35,"language":"KOR","playtime":1883,"items_purged":["Doubt"],"score":723,"play_id":"8497d077-a5fc-4de4-a261-141f24c3ff20","local_time":"20210217012750","is_ascension_mode":true,"campfire_choices":[{"data":"Well Laid Plans","floor":7.0,"key":"SMITH"},{"data":"Bouncing Flask","floor":15.0,"key":"SMITH"},{"data":"Malaise","floor":23.0,"key":"SMITH"},{"data":"Wraith Form v2","floor":25.0,"key":"SMITH"},{"floor":32.0,"key":"REST"}],"circlet_count":0,"master_deck":["AscendersBane","Strike_G","Strike_G+1","Strike_G","Defend_G","Defend_G","Defend_G","Defend_G","Defend_G","Survivor+1","Neutralize","Well Laid Plans+1","Burst","Bouncing Flask+1","Escape Plan","Outmaneuver","Bane","Noxious Fumes","Blur","Finesse","Malaise+1","Backstab","Cloak And Dagger+1","Wraith Form v2+1","Infinite Blades+1","Bullet Time"],"relics":["Ring of the Snake","NeowsBlessing","Lizard Tail","Eternal Feather","Odd Mushroom","Question Card","Blood Vial","SlaversCollar","Ornamental Fan","Potion Belt","Vajra","Bottled Lightning","SacredBark"],"acts_visited":["Exordium","TheCity","TheBeyond"],"potions_floor_usage":[],"damage_taken":[{"damage":0.0,"enemies":"Jaw Worm","floor":1.0,"turns":1.0},{"damage":0.0,"enemies":"Small Slimes","floor":5.0,"turns":1.0},{"damage":0.0,"enemies":"Gremlin Nob","floor":6.0,"turns":1.0},{"damage":0.0,"enemies":"2 Louse","floor":8.0,"turns":5.0},{"damage":20.0,"enemies":"The Mushroom Lair","floor":10.0,"turns":5.0},{"damage":27.0,"enemies":"3 Sentries","floor":11.0,"turns":12.0},{"damage":0.0,"enemies":"Looter","floor":12.0,"turns":4.0},{"damage":13.0,"enemies":"Large Slime","floor":13.0,"turns":5.0},{"damage":26.0,"enemies":"The Guardian","floor":16.0,"turns":8.0},{"damage":23.0,"enemies":"2 Thieves","floor":18.0,"turns":4.0},{"damage":11.0,"enemies":"Chosen","floor":19.0,"turns":6.0},{"damage":9.0,"enemies":"Snake Plant","floor":21.0,"turns":5.0},{"damage":13.0,"enemies":"Centurion and Healer","floor":22.0,"turns":10.0},{"damage":13.0,"enemies":"Book of Stabbing","floor":24.0,"turns":6.0},{"damage":27.0,"enemies":"Gremlin Leader","floor":27.0,"turns":9.0},{"damage":7.0,"enemies":"Chosen and Byrds","floor":28.0,"turns":7.0},{"damage":8.0,"enemies":"3 Cultists","floor":30.0,"turns":7.0},{"damage":11.0,"enemies":"Book of Stabbing","floor":31.0,"turns":8.0},{"damage":38.0,"enemies":"Collector","floor":33.0,"turns":11.0},{"damage":52,"enemies":"3 Darklings","floor":35,"turns":14}],"seed_played":"6031616998665605491","potions_obtained":[{"floor":5.0,"key":"GamblersBrew"},{"floor":6.0,"key":"GhostInAJar"},{"floor":12.0,"key":"AttackPotion"},{"floor":13.0,"key":"FairyPotion"},{"floor":16.0,"key":"Regen Potion"},{"floor":27.0,"key":"CunningPotion"},{"floor":30.0,"key":"AttackPotion"},{"floor":31.0,"key":"EssenceOfSteel"}],"is_trial":false,"path_per_floor":["M","?","?","?","M","E","R","M","T","?","E","M","M","$","R","B",null,"M","M","?","M","M","R","E","R","T","E","M","?","M","E","R","B",null,"M"],"character_chosen":"THE_SILENT","items_purchased":["Finesse","Blood Vial"],"campfire_rested":1,"item_purchase_floors":[14,14],"current_hp_per_floor":[63,63,63,49,49,49,49,49,49,29,2,2,35,35,47,23,58,37,28,28,36,25,37,26,38,38,13,8,22,16,7,44,8,58,8,8],"gold":391,"neow_bonus":"THREE_ENEMY_KILL","is_daily":false,"chose_seed":false,"campfire_upgraded":4,"win_rate":0.0,"timestamp":1613492870,"path_taken":["M","?","?","?","M","E","R","M","T","?","E","M","M","?","R","BOSS","M","M","?","M","M","R","E","R","T","E","M","?","M","E","R","BOSS","M"],"items_purchased_type":["Card","Relic"],"build_version":"2020-12-22","purchased_purges":1,"victory":false,"max_hp_per_floor":[70,70,70,70,70,70,70,70,70,70,70,70,70,70,70,70,70,70,70,70,70,70,70,70,70,70,70,70,75,75,75,75,75,75,75,75],"card_choices":[{"not_picked":["Prepared","PiercingWail"],"picked":"Well Laid Plans","floor":1.0},{"not_picked":["Quick Slash","Flying Knee"],"picked":"Burst","floor":5.0},{"not_picked":["Riddle With Holes","Dash"],"picked":"Bouncing Flask","floor":6.0},{"not_picked":["Setup","Acrobatics"],"picked":"Escape Plan","floor":8.0},{"not_picked":["Masterful Stab","Dagger Throw"],"picked":"Outmaneuver","floor":10.0},{"not_picked":["Dagger Throw","Poisoned Stab"],"picked":"Bane","floor":11.0},{"not_picked":["Eviscerate","Deadly Poison","Slice"],"picked":"Noxious Fumes","floor":12.0},{"not_picked":["Deadly Poison","Deflect","PiercingWail"],"picked":"Blur","floor":13.0},{"not_picked":["Tools of the Trade","Unload","Adrenaline"],"picked":"Malaise","floor":16.0},{"not_picked":["Dagger Spray","Quick Slash+1","Bouncing Flask"],"picked":"Backstab","floor":18.0},{"not_picked":["PiercingWail","Slice+1","Sucker Punch","Poisoned Stab"],"picked":"SKIP","floor":19.0},{"not_picked":["Riddle With Holes","Blur","Bane","Sucker Punch"],"picked":"SKIP","floor":21.0},{"not_picked":["Blur+1","Catalyst+1","Leg Sweep"],"picked":"Cloak And Dagger+1","floor":22.0},{"not_picked":["Caltrops","Backstab","Unload"],"picked":"Wraith Form v2","floor":24.0},{"not_picked":["Caltrops","Dash","Quick Slash+1","Flechettes"],"picked":"SKIP","floor":27.0},{"not_picked":["Outmaneuver","Predator","Poisoned Stab+1","Flying Knee"],"picked":"SKIP","floor":28.0},{"not_picked":["Underhanded Strike","Cloak And Dagger","Acrobatics+1"],"picked":"Infinite Blades+1","floor":30.0},{"not_picked":["Sucker Punch","Expertise","Outmaneuver","Blade Dance"],"picked":"SKIP","floor":31.0},{"not_picked":["Night Terror","Envenom","Corpse Explosion"],"picked":"Bullet Time","floor":33.0}],"player_experience":195750,"relics_obtained":[{"floor":6.0,"key":"Lizard Tail"},{"floor":9.0,"key":"Eternal Feather"},{"floor":10.0,"key":"Odd Mushroom"},{"floor":11.0,"key":"Question Card"},{"floor":24.0,"key":"Ornamental Fan"},{"floor":26.0,"key":"Potion Belt"},{"floor":27.0,"key":"Vajra"},{"floor":31.0,"key":"Bottled Lightning"}],"event_choices":[{"cards_removed":["Strike_G"],"damage_healed":0.0,"max_hp_gain":0.0,"max_hp_loss":0.0,"gold_gain":0.0,"event_name":"Living Wall","player_choice":"Forget","floor":2.0,"gold_loss":0.0,"damage_taken":0.0},{"damage_healed":0.0,"max_hp_gain":0.0,"max_hp_loss":0.0,"gold_gain":175.0,"event_name":"Liars Game","player_choice":"AGREE","floor":3.0,"gold_loss":0.0,"damage_taken":0.0,"cards_obtained":["Doubt"]},{"damage_healed":0.0,"max_hp_gain":0.0,"max_hp_loss":0.0,"gold_gain":0.0,"event_name":"Shining Light","player_choice":"Entered Light","floor":4.0,"gold_loss":0.0,"damage_taken":14.0,"cards_upgraded":["Survivor","Strike_G"]},{"damage_healed":0.0,"max_hp_gain":0.0,"max_hp_loss":0.0,"gold_gain":0.0,"event_name":"Mushrooms","player_choice":"Fought Mushrooms","floor":10.0,"gold_loss":0.0,"damage_taken":0.0},{"cards_removed":["Strike_G"],"damage_healed":0.0,"max_hp_gain":0.0,"max_hp_loss":0.0,"gold_gain":0.0,"event_name":"Beggar","player_choice":"Gave Gold","floor":20.0,"gold_loss":75.0,"damage_taken":0.0},{"damage_healed":0.0,"max_hp_gain":5.0,"max_hp_loss":0.0,"gold_gain":0.0,"event_name":"Forgotten Altar","player_choice":"Shed Blood","floor":29.0,"gold_loss":0.0,"damage_taken":18.0}],"is_beta":false,"boss_relics":[{"not_picked":["Ring of the Serpent","Empty Cage"],"picked":"SlaversCollar"},{"not_picked":["Tiny House","Sozu"],"picked":"SacredBark"}],"items_purged_floors":[14],"is_endless":false,"potions_floor_spawned":[5,6,8,12,13,16,19,27,30,31],"killed_by":"3 Darklings","ascension_level":12}}