{"host":"cw5mrddkw4tq3s8v","time":1613502925,"event":{"mods":["BaseMod","Block Reminder","Colored Map","Colored Powertips","DeckTracker","Highlight Path","Hubris","Infinite Spire","Minty Spire (QoL Compilation)","Permanent Neow","Quick Restart","Random Character Button","Relic Sorter","Relic Stats","Replay The Spire","StSLib","SuperFastMode","The Blue Laboratory","The Jungle"],"gold_per_floor":[119,130,143,157,173,173,208,208,231,231,246,260,260,225,225,326,376,393,411,421,434,450,450,450,99,99,130,130,130,209,242,242,345,345,356,366,378,18,18,18,34,67,94,94,111,111,111,125,125,125],"floor_reached":51,"language":"ENG","playtime":2610,"items_purged":["Strike_R","Strike_R","Hemogenesis"],"score":621,"play_id":"904a7fea-8464-486e-9ae9-54f9c5261c4b","local_time":"20210216211525","is_ascension_mode":false,"campfire_choices":[{"data":"ReplayTheSpireMod:Strike From Hell","floor":6,"key":"SMITH"},{"data":"Run Through","floor":8,"key":"SMITH"},{"floor":10,"key":"REST"},{"data":"Strike_R","floor":15,"key":"PURGE"},{"data":"True Grit","floor":23,"key":"SMITH"},{"data":"Ghostly Armor","floor":29,"key":"SMITH"},{"data":"Shrug It Off","floor":32,"key":"SMITH"},{"floor":40,"key":"REST"},{"floor":47,"key":"REST"},{"data":"Defend_R","floor":49,"key":"SMITH"}],"circlet_count":0,"master_deck":["Strike_R","Strike_R+1","Defend_R","Defend_R","Defend_R+1","Defend_R+1","Bash+1","ReplayTheSpireMod:Strike From Hell+1","Run Through+1","Cleave","True Grit+1","Ghostly Armor+1","Shrug It Off+1","Iron Wave","Feed","Feed","Shrug It Off+1","infinitespire:Fortify+1","infinitespire:Starlight+1","hubris:ReadiedAction+1","Offering+1","ReplayTheSpireMod:Strike From Hell+1"],"relics":["Burning Blood","hubris:AstralHammer","Strawberry","Self Forming Clay","Tiny House","Toxic Egg 2","Replay:Bottled Flurry","Letter Opener","Garlic","hubris:HollowSoul","Replay:Bottled Steam","infinitespire:PuzzleCube","Juzu Bracelet"],"acts_visited":["Exordium","TheCity","TheBeyond"],"potions_floor_usage":[27,27],"damage_taken":[{"damage":5,"enemies":"2 Louse","floor":1,"turns":3},{"damage":2,"enemies":"Small Slimes","floor":2,"turns":3},{"damage":6,"enemies":"Jaw Worm","floor":3,"turns":4},{"damage":35,"enemies":"Exordium Thugs","floor":4,"turns":8},{"damage":9,"enemies":"Blue Slaver","floor":5,"turns":3},{"damage":30,"enemies":"3 Sentries","floor":7,"turns":6},{"damage":16,"enemies":"Lots of Slimes","floor":11,"turns":4},{"damage":0,"enemies":"3 Louse","floor":12,"turns":3},{"damage":26,"enemies":"Hexaghost","floor":16,"turns":4},{"damage":34,"enemies":"2 Thieves","floor":18,"turns":5},{"damage":16,"enemies":"Shell Parasite","floor":19,"turns":4},{"damage":17,"enemies":"Cultist and Chosen","floor":20,"turns":8},{"damage":26,"enemies":"Shelled Parasite and Fungi","floor":21,"turns":5},{"damage":8,"enemies":"Centurion and Healer","floor":22,"turns":6},{"damage":14,"enemies":"Book of Stabbing","floor":27,"turns":6},{"damage":6,"enemies":"Replay:Snechameleon","floor":31,"turns":7},{"damage":0,"enemies":"Automaton","floor":33,"turns":5},{"damage":13,"enemies":"3 Darklings","floor":35,"turns":6},{"damage":58,"enemies":"3 Shapes","floor":36,"turns":5},{"damage":50,"enemies":"Jaw Worm Horde","floor":37,"turns":5},{"damage":30,"enemies":"Transient","floor":41,"turns":4},{"damage":24,"enemies":"Nemesis","floor":42,"turns":9},{"damage":12,"enemies":"Maw","floor":45,"turns":5},{"damage":25,"enemies":"Jaw Worm Horde","floor":48,"turns":4},{"damage":14,"enemies":"Replay:Hell Engine","floor":50,"turns":4}],"seed_played":"-6584870171523819116","potions_obtained":[{"floor":2,"key":"blueLaboratory:NullPotion"},{"floor":5,"key":"PowerPotion"},{"floor":7,"key":"FairyPotion"},{"floor":27,"key":"BloodPotion"},{"floor":31,"key":"blueLaboratory:ExaltedPotion"},{"floor":33,"key":"blueLaboratory:EntrenchedPotion"}],"is_trial":false,"path_per_floor":["M","M","M","M","M","R","E","R","T","R","M","M","?","?","R_BF","B",null,"M","M","M","M","M","R","?","$","T","E","AVR","R","T","E","R","B",null,"M","M","M","$","?","R","M","E","T","?","M","?","R","M","R","B",null],"character_chosen":"IRONCLAD","items_purchased":["Ghostly Armor","Shrug It Off","Iron Wave","Feed","Replay:Bottled Steam"],"campfire_rested":3,"item_purchase_floors":[25,25,25,25,38],"current_hp_per_floor":[80,80,80,51,48,48,24,24,31,57,47,53,41,62,62,42,92,69,59,53,33,31,31,13,13,13,54,54,54,54,69,69,90,97,90,51,22,22,22,51,42,39,39,39,48,48,75,71,71,78],"gold":125,"neow_bonus":"UPGRADE_CARD","is_daily":false,"chose_seed":false,"campfire_upgraded":6,"win_rate":0.0,"timestamp":1613502925,"path_taken":["M","M","M","M","M","R","E","R","T","R","M","M","?","?","R_BF","BOSS","M","M","M","M","M","R","?","$","T","E","AVR","R","?","E","R","BOSS","M","M","M","$","?","R","M","E","T","?","M","?","R","M","R","BOSS"],"items_purchased_type":["Card","Card","Card","Card","Relic"],"build_version":"2020-12-13","purchased_purges":3,"victory":true,"max_hp_per_floor":[80,80,80,80,80,80,80,80,87,87,87,87,87,87,87,87,92,92,92,92,92,92,92,97,97,97,97,97,97,97,97,97,97,97,97,97,97,97,97,97,97,97,97,97,97,92,92,92,92,92],"relic_stats":{"counters":[25,126],"Self Forming Clay":[159],"Juzu Bracelet":1,"Letter Opener":[102],"obtain_stats":[{"Tiny House":17,"Self Forming Clay":13,"hubris:HollowSoul":34,"Juzu Bracelet":43,"Letter Opener":30,"Burning Blood":0,"hubris:AstralHammer":7,"Strawberry":9,"Replay:Bottled Flurry":27,"Garlic":31,"Toxic Egg 2":26,"infinitespire:PuzzleCube":42,"Replay:Bottled Steam":38},{"Tiny House":9,"Self Forming Clay":8,"hubris:HollowSoul":17,"Juzu Bracelet":22,"Letter Opener":15,"Burning Blood":0,"hubris:AstralHammer":6,"Strawberry":6,"Replay:Bottled Flurry":15,"Garlic":16,"Toxic Egg 2":14,"infinitespire:PuzzleCube":22,"Replay:Bottled Steam":20},{"Tiny House":38,"Self Forming Clay":34,"hubris:HollowSoul":84,"Juzu Bracelet":113,"Letter Opener":72,"Burning Blood":0,"hubris:AstralHammer":27,"Strawberry":27,"Replay:Bottled Flurry":72,"Garlic":79,"Toxic Egg 2":66,"infinitespire:PuzzleCube":113,"Replay:Bottled Steam":100}],"Burning Blood":145},"card_choices":[{"not_picked":["Clothesline","Warcry"],"picked":"ReplayTheSpireMod:Strike From Hell","floor":1},{"not_picked":["Clothesline","Wild Strike","Havoc"],"picked":"SKIP","floor":2},{"not_picked":["Uppercut","ReplayTheSpireMod:Limb From Limb"],"picked":"Run Through","floor":3},{"not_picked":["hubris:ReadiedAction","Whirlwind"],"picked":"Cleave","floor":4},{"not_picked":["Sever Soul","Run Through","ReplayTheSpireMod:Strike From Hell"],"picked":"SKIP","floor":5},{"not_picked":["Warcry","Pommel Strike","Cleave"],"picked":"SKIP","floor":7},{"not_picked":["Clash","Anger"],"picked":"Hemogenesis","floor":11},{"not_picked":["Run Through","Feel No Pain","Replay:Undeath\u0027s Touch"],"picked":"SKIP","floor":12},{"not_picked":["ReplayReversal","Clash+1","Rage"],"picked":"SKIP","floor":18},{"not_picked":["Dual Wield+1","Headbutt+1"],"picked":"True Grit","floor":19},{"not_picked":["Dropkick","Havoc","Replay:Undeath\u0027s Touch"],"picked":"SKIP","floor":20},{"not_picked":["Sword Boomerang","Disarm+1","ReplayTheSpireMod:Muscle Training"],"picked":"SKIP","floor":21},{"not_picked":["Clash+1","Fire Breathing","Body Slam"],"picked":"SKIP","floor":22},{"not_picked":["Abandon+1","Run Through+1"],"picked":"Shrug It Off+1","floor":27},{"not_picked":["Armaments+1","ReplayTheSpireMod:Corrosion Curse+1"],"picked":"hubris:ReadiedAction+1","floor":31},{"not_picked":["Feed","Replay:Many Hands+1"],"picked":"Offering+1","floor":33},{"not_picked":["Pummel+1","Anger+1","Heavy Blade+1"],"picked":"SKIP","floor":35},{"not_picked":["Flame Barrier+1","Anger","Clothesline+1"],"picked":"SKIP","floor":36},{"not_picked":["hubris:SharpeningStone+1","True Grit+1","Flex+1"],"picked":"SKIP","floor":37},{"not_picked":["hubris:SharpeningStone+1","Battle Trance+1","Uppercut+1"],"picked":"SKIP","floor":41},{"not_picked":["Combust","Flex+1","Wild Strike+1"],"picked":"SKIP","floor":42},{"not_picked":["Body Slam+1","Life Link+1","Havoc+1"],"picked":"SKIP","floor":45},{"not_picked":["Iron Wave","Seeing Red+1","True Grit+1"],"picked":"SKIP","floor":48}],"player_experience":68414,"relics_obtained":[{"floor":7,"key":"hubris:AstralHammer"},{"floor":9,"key":"Strawberry"},{"floor":26,"key":"Toxic Egg 2"},{"floor":27,"key":"Replay:Bottled Flurry"},{"floor":30,"key":"Letter Opener"},{"floor":31,"key":"Garlic"},{"floor":42,"key":"infinitespire:PuzzleCube"},{"floor":43,"key":"Juzu Bracelet"}],"event_choices":[{"damage_healed":0,"gold_gain":0,"player_choice":"Success","damage_taken":12,"relics_obtained":["Self Forming Clay"],"max_hp_gain":0,"max_hp_loss":0,"event_name":"Scrap Ooze","floor":13,"gold_loss":0},{"damage_healed":21,"gold_gain":0,"player_choice":"Healed","damage_taken":0,"max_hp_gain":0,"max_hp_loss":0,"event_name":"The Cleric","floor":14,"gold_loss":35},{"damage_healed":0,"gold_gain":0,"player_choice":"Shed Blood","damage_taken":23,"max_hp_gain":5,"max_hp_loss":0,"event_name":"Forgotten Altar","floor":24,"gold_loss":0},{"damage_healed":0,"gold_gain":0,"player_choice":"Copied","damage_taken":0,"max_hp_gain":0,"max_hp_loss":0,"event_name":"Duplicator","floor":44,"gold_loss":0,"cards_obtained":["ReplayTheSpireMod:Strike From Hell"]},{"damage_healed":0,"gold_gain":0,"player_choice":"Max HP","damage_taken":0,"max_hp_gain":0,"max_hp_loss":5,"event_name":"Winding Halls","floor":46,"gold_loss":0}],"is_beta":false,"boss_relics":[{"not_picked":["Runic Dome","hubris:Stopwatch"],"picked":"Tiny House"},{"not_picked":["hubris:ScarierMask","Cursed Key"],"picked":"hubris:HollowSoul"}],"items_purged_floors":[25,28,38],"is_endless":false,"potions_floor_spawned":[2,5,7,16,21,27,31,33,35,36,37,45],"ascension_level":0}}