{"host":"0ma1l65sntb3rtgl","time":1613509535,"event":{"mods":["AchievementEnabler","BaseMod","Better Note","Better Third Choice","Colored Map","Colored Powertips","Curses Come First","Highlight Path","Minty Spire (QoL Compilation)","Rare Cards Sparkle","Relic Stats","Spire Arcade","StSLib"],"gold_per_floor":[118,118,18,30,50,76,91,91,91,91,118,148,220,30,30,30,30],"floor_reached":16,"language":"ENG","playtime":617,"items_purged":["Regret"],"score":157,"play_id":"1ffe7f86-af39-408c-b403-f2113b0cc74e","local_time":"20210216150535","is_ascension_mode":true,"campfire_choices":[{"floor":8,"key":"REST"},{"data":"Neutralize","floor":10,"key":"SMITH"},{"floor":15,"key":"REST"}],"circlet_count":0,"master_deck":["Strike_G+1","Strike_G","Strike_G+1","Strike_G","Strike_G","Defend_G","Defend_G","Defend_G","Defend_G","Defend_G","Survivor","Neutralize+1","Escape Plan","PiercingWail","Heel Hook","Accuracy","Outmaneuver","Choke","Catalyst","Cloak And Dagger"],"relics":["Runic Pyramid","Nunchaku","WingedGreaves","Mummified Hand","Whetstone","PrismaticShard"],"acts_visited":["Exordium"],"potions_floor_usage":[6,6],"damage_taken":[{"damage":0.0,"enemies":"Small Slimes","floor":1.0,"turns":4.0},{"damage":1.0,"enemies":"2 Louse","floor":4.0,"turns":2.0},{"damage":0.0,"enemies":"Cultist","floor":5.0,"turns":4.0},{"damage":45,"enemies":"Lagavulin","floor":6,"turns":8},{"damage":4,"enemies":"2 Fungi Beasts","floor":7,"turns":6},{"damage":31,"enemies":"Gremlin Nob","floor":11,"turns":5},{"damage":29,"enemies":"Slime Boss","floor":16,"turns":9}],"seed_played":"2466691163363042313","potions_obtained":[{"floor":1.0,"key":"Weak Potion"},{"floor":5.0,"key":"Dexterity Potion"}],"is_trial":false,"path_per_floor":["M","?","$","M","M","E","M","R","T","R","E","?","?","$","R","B"],"character_chosen":"THE_SILENT","items_purchased":["PiercingWail","PrismaticShard","Cloak And Dagger"],"campfire_rested":2,"item_purchase_floors":[3,14,14],"current_hp_per_floor":[63,63,63,62,62,17,13,34,34,34,3,3,3,3,24,0,0],"gold":30,"neow_bonus":"BOSS_RELIC","is_daily":false,"chose_seed":false,"campfire_upgraded":1,"win_rate":0.0,"timestamp":1613509535,"path_taken":["M","?","$","M","M","E","M","R","T","R","E","?","?","$","R","BOSS"],"items_purchased_type":["Card","Relic","Card"],"build_version":"2020-12-22","purchased_purges":1,"victory":false,"max_hp_per_floor":[70,70,70,70,70,70,70,70,70,70,70,70,70,70,70,70,70],"relic_stats":{"Nunchaku":[8],"counters":[7,38],"Mummified Hand":[1],"Whetstone":["Strike_G","Strike_G"],"obtain_stats":[{"Nunchaku":2,"Mummified Hand":9,"WingedGreaves":6,"Whetstone":11,"PrismaticShard":14,"Ring of the Snake":0,"Runic Pyramid":0},{"Nunchaku":1,"Mummified Hand":5,"WingedGreaves":4,"Whetstone":6,"PrismaticShard":6,"Ring of the Snake":0,"Runic Pyramid":0},{"Nunchaku":4,"Mummified Hand":24,"WingedGreaves":18,"Whetstone":29,"PrismaticShard":29,"Ring of the Snake":0,"Runic Pyramid":0}]},"card_choices":[{"not_picked":["Deflect","Slice"],"picked":"Escape Plan","floor":1.0},{"not_picked":["Choke","Dodge and Roll"],"picked":"Heel Hook","floor":4.0},{"not_picked":["Backflip","Acrobatics"],"picked":"Accuracy","floor":5.0},{"not_picked":["Expertise","Poisoned Stab"],"picked":"Outmaneuver","floor":6},{"not_picked":["Expertise","Eviscerate"],"picked":"Choke","floor":7},{"not_picked":["Underhanded Strike","Flying Knee"],"picked":"Catalyst","floor":11}],"player_experience":406619,"relics_obtained":[{"floor":6,"key":"WingedGreaves"},{"floor":9,"key":"Mummified Hand"},{"floor":11,"key":"Whetstone"}],"event_choices":[{"damage_healed":0.0,"max_hp_gain":0.0,"max_hp_loss":0.0,"gold_gain":0.0,"event_name":"Big Fish","player_choice":"Box","floor":2.0,"gold_loss":0.0,"damage_taken":0.0,"relics_obtained":["Nunchaku"],"cards_obtained":["Regret"]},{"damage_healed":0,"gold_gain":30,"player_choice":"Searched \u00272\u0027 times","damage_taken":0,"max_hp_gain":0,"max_hp_loss":0,"event_name":"Dead Adventurer","floor":12,"gold_loss":0},{"damage_healed":0,"gold_gain":72,"player_choice":"Gained Gold","damage_taken":0,"max_hp_gain":0,"max_hp_loss":0,"event_name":"Golden Wing","floor":13,"gold_loss":0}],"is_beta":false,"boss_relics":[],"items_purged_floors":[3],"is_endless":false,"potions_floor_spawned":[1,5],"killed_by":"Slime Boss","ascension_level":9}}