{"host":"h2riq1vifvx9pvqe","time":1613441482,"event":{"mods":["Act Like it!","Bartender","BaseMod","Better Match","Bossed Relics","Chen","FTL Soundtrack","Friendly Minions","Gensokyo","Hallownest","HololiveMod","Hubris","Hyrulean Relics","Infinite Spire","KinomotoSakuraMod(????)","Koishi","Marisa????????","Minty Spire (QoL Compilation)","Nova Terra(??·??)","Prisma Mod","Quick Restart","Railgun Mod","Rare Cards Sparkle","Reimu??????","Relic Sorter","Reliquary","Remilia??????","Replay The Spire","Spikes Relics","StSLib","Synergy Search","The Administrix","The Animator","The Bug Knight","The Construct","The Disciple","The Saiyan","The Senshi","The Servant 0.9.4","TheHero","WarShipGirlsR/????R mod","Yuri Mod","Yuyuko"],"gold_per_floor":[114,114,114,114,132,132,162,175,253,253,265,41,55,73,73,178,178,188,188,204,204,119,119,119,119],"floor_reached":24,"language":"FRA","playtime":1628,"items_purged":["Amnesia"],"score":283,"play_id":"01e5cc83-be54-42ff-b430-7063c303b1c4","local_time":"20210216031122","is_ascension_mode":true,"campfire_choices":[{"data":"theSenshi:MoonPrismPowerMakeUp","floor":6,"key":"SMITH"},{"floor":15,"key":"REST"},{"data":"theSenshi:MoonPower","floor":23,"key":"SMITH"}],"circlet_count":0,"master_deck":["theSenshi:SailorKick","theSenshi:SailorKick","theSenshi:SailorKick","theSenshi:SailorKick","theSenshi:SailorBlock","theSenshi:SailorBlock","theSenshi:SailorBlock","theSenshi:SailorBlock","theSenshi:RoseThrow","theSenshi:MoonPrismPowerMakeUp+1","ReplayTheSpireMod:Stacked+1","infinitespire:DeathsTouch","theSenshi:MoonPower+1","theSenshi:MoonTwilightFlash","Anger","theSenshi:StarlightHoneymoonTherapyKiss+1","Cleave","theSenshi:SailorJupiterAssists","theSenshi:InTheNameOfTheMoon","theSenshi:CrisisMakeUp+1","infinitespire:SevenWalls","theSenshi:MoonCosmicPowerMakeUp+1","theSenshi:MoonTiaraMagic"],"relics":["theSenshi:TransformationBroochRelic","Happy Flower","Frozen Egg 2","Ring of Fury","Ring of Peace","Guide Book","hubris:Backtick","theSenshi:FeatherClipsRelic","reliquary:OuijaBoard","GiantMaggot"],"acts_visited":["Exordium","TheCity"],"potions_floor_usage":[5,7,16,16,16],"damage_taken":[{"damage":3,"enemies":"Jaw Worm","floor":1,"turns":4},{"damage":6,"enemies":"Small Slimes","floor":5,"turns":3},{"damage":12,"enemies":"Gremlin Nob","floor":7,"turns":4},{"damage":4,"enemies":"2 Louse","floor":8,"turns":3},{"damage":0,"enemies":"Gremlin Gang","floor":11,"turns":2},{"damage":0,"enemies":"Large Slime","floor":13,"turns":3},{"damage":0,"enemies":"Exordium Wildlife","floor":14,"turns":4},{"damage":0,"enemies":"Fading Forest","floor":16,"turns":11},{"damage":14,"enemies":"Shell Parasite","floor":18,"turns":5},{"damage":8,"enemies":"2 Thieves","floor":20,"turns":3},{"damage":80,"enemies":"Gremlin Leader","floor":24,"turns":7}],"seed_played":"-5784959794803780549","potions_obtained":[{"floor":4,"key":"Languid Potion"},{"floor":4,"key":"Regen Potion"},{"floor":4,"key":"SmokeBomb"},{"floor":7,"key":"SteroidPotion"},{"floor":11,"key":"LifebloodPotion"},{"floor":14,"key":"infinitespire:BlackPotion"},{"floor":18,"key":"Fire Potion"}],"is_trial":false,"path_per_floor":["M","?","?","?","M","R","E","M","T","?","M","$","M","M","R","B",null,"M","AVR","M","?","?","R","E"],"character_chosen":"THE_SENSHI","items_purchased":["Guide Book"],"campfire_rested":1,"item_purchase_floors":[12],"current_hp_per_floor":[79,79,59,59,65,65,53,49,49,49,49,49,49,49,73,82,82,74,74,72,72,72,72,0,0],"gold":119,"neow_bonus":"TEN_PERCENT_HP_BONUS","is_daily":false,"chose_seed":false,"campfire_upgraded":2,"win_rate":0.0,"timestamp":1613441482,"path_taken":["M","?","?","?","M","R","E","?","T","?","M","$","M","M","R","BOSS","M","AVR","M","?","?","R","E"],"items_purchased_type":["Relic"],"build_version":"2020-12-22","purchased_purges":1,"victory":false,"max_hp_per_floor":[82,82,82,82,82,82,82,82,82,82,82,82,82,82,82,82,82,82,82,82,82,82,82,82,82],"card_choices":[{"not_picked":["Sword Boomerang","Sentinel"],"picked":"ReplayTheSpireMod:Stacked","floor":1},{"not_picked":["infinitespire:Punishment","hubris:Fate"],"picked":"infinitespire:DeathsTouch","floor":3},{"not_picked":["theSenshi:EncouragingSpeech","Evolve"],"picked":"theSenshi:MoonPower","floor":5},{"not_picked":["hubris:SharpeningStone","Evolve"],"picked":"theSenshi:MoonTwilightFlash","floor":7},{"not_picked":["theSenshi:SailorStarMakerAssists","theSenshi:MoonPower"],"picked":"Anger","floor":8},{"not_picked":["Sword Boomerang","Metallicize+1"],"picked":"theSenshi:StarlightHoneymoonTherapyKiss","floor":11},{"not_picked":["theSenshi:DramaticEntrance","theSenshi:SchoolBag"],"picked":"Cleave","floor":13},{"not_picked":["Shockwave","Sword Boomerang"],"picked":"theSenshi:SailorJupiterAssists","floor":14},{"not_picked":["theSenshi:StarlightHoneymoonTherapyKiss","theSenshi:ChibiMoonsLove"],"picked":"theSenshi:InTheNameOfTheMoon","floor":16},{"not_picked":["theSenshi:LunasBite","Warcry+1"],"picked":"theSenshi:CrisisMakeUp+1","floor":18},{"not_picked":["theSenshi:LateForSchool+1","Armaments"],"picked":"theSenshi:MoonCosmicPowerMakeUp+1","floor":20}],"player_experience":329386,"relics_obtained":[{"floor":7,"key":"Happy Flower"},{"floor":9,"key":"Frozen Egg 2"},{"floor":10,"key":"Ring of Fury"},{"floor":10,"key":"Ring of Peace"}],"event_choices":[{"damage_healed":0,"gold_gain":0,"player_choice":"Got Potions","damage_taken":0,"max_hp_gain":0,"max_hp_loss":0,"event_name":"Lab","floor":4,"gold_loss":0},{"damage_healed":0,"gold_gain":0,"player_choice":"Obtained Relic","damage_taken":0,"relics_obtained":["GiantMaggot"],"max_hp_gain":0,"max_hp_loss":0,"event_name":"Addict","floor":22,"gold_loss":85}],"is_beta":false,"boss_relics":[{"not_picked":["Snecko Eye","Replay:Drink Me"],"picked":"hubris:Backtick"}],"items_purged_floors":[12],"is_endless":false,"potions_floor_spawned":[7,11,13,14,18],"killed_by":"Gremlin Leader","ascension_level":3}}