{"host":"nlbr7nnijupf3yfg","time":1613451959,"event":{"mods":["AchievementEnabler","BaseMod","BetterRewards","Colored Powertips","DeckTracker","Downfall","Hermit","Hubris","Infinite Spire","Minty Spire (QoL Compilation)","Quick Restart","Replay The Spire","StSLib","SuperFastMode","The Servant 0.9.4"],"gold_per_floor":[117,117,132,97,109,144,154,154,154,154,154,154],"floor_reached":11,"language":"ENG","playtime":124,"items_purged":[],"score":117,"play_id":"f58ce1e9-f11d-43df-9f96-e193d3e884ae","local_time":"20210216000559","is_ascension_mode":true,"campfire_choices":[{"floor":10,"key":"REST"}],"circlet_count":0,"master_deck":["AscendersBane","Strike_R","Strike_R","Strike_R","Strike_R","Strike_R","Defend_R","Defend_R","Defend_R","Defend_R","Bash","Clash","Pommel Strike","Whirlwind","Shrug It Off","infinitespire:OneForAll","Cleave","Regret"],"relics":["Burning Blood","NeowsBlessing","Eternal Feather","Slimebound:StickyStick","hubris:IronBody"],"acts_visited":["Exordium"],"potions_floor_usage":[6],"damage_taken":[{"damage":0,"enemies":"Cultist","floor":1,"turns":1},{"damage":0,"enemies":"Jaw Worm","floor":3,"turns":1},{"damage":0,"enemies":"Small Slimes","floor":5,"turns":1},{"damage":54,"enemies":"Lagavulin","floor":6,"turns":6},{"damage":7,"enemies":"3 Louse","floor":7,"turns":4},{"damage":73,"enemies":"Gremlin Nob","floor":11,"turns":5}],"seed_played":"-2918727146048571353","potions_obtained":[{"floor":1,"key":"BlessingOfTheForge"}],"is_trial":false,"path_per_floor":["M","$","M","$","M","E","M","?","T","R","E"],"character_chosen":"IRONCLAD","items_purchased":["Whirlwind"],"campfire_rested":1,"item_purchase_floors":[4],"current_hp_per_floor":[78,78,80,80,80,32,31,31,31,64,0,0],"gold":154,"neow_bonus":"THREE_ENEMY_KILL","is_daily":false,"chose_seed":false,"campfire_upgraded":0,"win_rate":0.0,"timestamp":1613451959,"path_taken":["M","?","M","$","M","E","M","?","T","R","E"],"items_purchased_type":["Card"],"build_version":"2020-12-22","purchased_purges":0,"victory":false,"max_hp_per_floor":[80,80,80,80,80,80,80,80,80,80,80,80],"card_choices":[{"not_picked":["Wild Strike","Abandon"],"picked":"Clash","floor":1},{"not_picked":["Iron Wave","Anger"],"picked":"Pommel Strike","floor":3},{"not_picked":["Entrench","Burning Pact"],"picked":"Shrug It Off","floor":5},{"not_picked":["Brutality","Wild Strike"],"picked":"infinitespire:OneForAll","floor":6},{"not_picked":["Evolve","Replay:Undeath\u0027s Touch"],"picked":"Cleave","floor":7}],"player_experience":84116,"relics_obtained":[{"floor":6,"key":"Eternal Feather"},{"floor":9,"key":"hubris:IronBody"}],"event_choices":[{"damage_healed":0,"gold_gain":0,"player_choice":"Box","damage_taken":0,"relics_obtained":["Slimebound:StickyStick"],"max_hp_gain":0,"max_hp_loss":0,"event_name":"Big Fish","floor":8,"gold_loss":0,"cards_obtained":["Regret"]}],"is_beta":false,"boss_relics":[],"items_purged_floors":[],"is_endless":false,"potions_floor_spawned":[1],"killed_by":"Gremlin Nob","ascension_level":12}}