{"host":"q8mjpf3krl0t4p3x","time":1613456466,"event":{"mods":["BaseMod","Colored Map","Colored Powertips","Googly Eyes","Minty Spire (QoL Compilation)","Quick Restart","StSLib","everything is the same but u backflip on backflip","slay the spire mod where everything is the same but ironclad has a cowboy hat"],"gold_per_floor":[111,186,186,198,208,208,208,208,208,57,83,183,38,49,49,126,126,136,146,3,3,22,22,22,22,22,22,122,141,66,84,84,84,84],"floor_reached":33,"language":"ENG","playtime":948,"items_purged":["Corruption"],"score":413,"play_id":"441e5759-ac49-4fb2-b4bf-b2bc932ba3f1","local_time":"20210215222106","is_ascension_mode":true,"campfire_choices":[{"data":"Wild Strike","floor":6.0,"key":"SMITH"},{"data":"Bash","floor":8.0,"key":"SMITH"},{"data":"Cleave","floor":15.0,"key":"SMITH"},{"floor":23.0,"key":"REST"},{"floor":25.0,"key":"REST"},{"floor":32,"key":"REST"}],"circlet_count":0,"master_deck":["AscendersBane","Strike_R+1","Strike_R+1","Strike_R+1","Strike_R+1","Defend_R+1","Defend_R+1","Defend_R+1","Defend_R+1","Bash+1","Wild Strike+1","True Grit","Flex","Double Tap","Inflame","Cleave+1","Limit Break","Seeing Red","Thunderclap+1","Clothesline+1"],"relics":["Burning Blood","Pen Nib","Chemical X","Blood Vial","Runic Dome","Sling","Red Skull","Ginger","Pantograph"],"acts_visited":["Exordium","TheCity"],"potions_floor_usage":[33],"damage_taken":[{"damage":0.0,"enemies":"Small Slimes","floor":1.0,"turns":3.0},{"damage":1.0,"enemies":"Cultist","floor":4.0,"turns":3.0},{"damage":6.0,"enemies":"2 Louse","floor":5.0,"turns":2.0},{"damage":33.0,"enemies":"3 Sentries","floor":11.0,"turns":8.0},{"damage":0.0,"enemies":"Large Slime","floor":14.0,"turns":4.0},{"damage":68.0,"enemies":"Hexaghost","floor":16.0,"turns":8.0},{"damage":25.0,"enemies":"Shell Parasite","floor":18.0,"turns":5.0},{"damage":12.0,"enemies":"Chosen","floor":19.0,"turns":4.0},{"damage":36.0,"enemies":"Sentry and Sphere","floor":22.0,"turns":5.0},{"damage":33.0,"enemies":"Colosseum Slavers","floor":28.0,"turns":4.0},{"damage":0.0,"enemies":"Colosseum Nobs","floor":28.0,"turns":2.0},{"damage":23,"enemies":"Centurion and Healer","floor":29,"turns":3},{"damage":21,"enemies":"Chosen and Byrds","floor":31,"turns":4},{"damage":80,"enemies":"Champ","floor":33,"turns":10}],"seed_played":"-6499631655104494026","potions_obtained":[{"floor":4.0,"key":"AttackPotion"},{"floor":16.0,"key":"AttackPotion"},{"floor":18.0,"key":"LiquidBronze"},{"floor":28.0,"key":"ElixirPotion"},{"floor":29,"key":"Block Potion"}],"is_trial":false,"path_per_floor":["M","?","?","M","M","R","?","R","T","$","E","?","$","M","R","B",null,"M","M","$","?","M","R","$","R","T","?","?","M","$","M","R","B"],"character_chosen":"IRONCLAD","items_purchased":["Chemical X","Inflame","Regen Potion","Sling"],"campfire_rested":3,"item_purchase_floors":[10,13,13,20],"current_hp_per_floor":[81,70,70,75,75,75,75,75,75,75,48,48,48,68,68,8,64,47,43,43,43,15,39,39,63,63,63,46,31,31,18,42,0,0],"gold":84,"neow_bonus":"TEN_PERCENT_HP_BONUS","is_daily":false,"chose_seed":false,"campfire_upgraded":3,"win_rate":0.0,"timestamp":1613456466,"path_taken":["M","?","?","?","M","R","?","R","T","$","E","?","$","M","R","BOSS","M","?","$","?","M","R","?","R","T","?","?","M","$","M","R","BOSS"],"items_purchased_type":["Relic","Card","Potion","Relic"],"build_version":"2020-12-22","purchased_purges":1,"victory":false,"max_hp_per_floor":[82,82,82,82,82,82,82,82,82,82,82,82,82,82,82,82,82,82,82,82,82,82,82,82,82,82,82,82,82,82,82,82,82,82],"card_choices":[{"not_picked":["Power Through","Twin Strike"],"picked":"Wild Strike","floor":1.0},{"not_picked":["Blood for Blood","Sword Boomerang"],"picked":"True Grit","floor":4.0},{"not_picked":["Searing Blow","Warcry"],"picked":"Flex","floor":5.0},{"not_picked":["Thunderclap","Havoc"],"picked":"Double Tap","floor":11.0},{"not_picked":["Inflame","Body Slam"],"picked":"Cleave","floor":14.0},{"not_picked":["Juggernaut","Feed"],"picked":"Limit Break","floor":16.0},{"not_picked":["Iron Wave","Body Slam","Ghostly Armor+1"],"picked":"SKIP","floor":18.0},{"not_picked":["Warcry","Body Slam+1"],"picked":"Seeing Red","floor":19.0},{"not_picked":["Exhume","Anger"],"picked":"Thunderclap+1","floor":22.0},{"not_picked":["Power Through","Headbutt"],"picked":"Clothesline+1","floor":29},{"not_picked":["Dropkick+1","Wild Strike","Clash"],"picked":"SKIP","floor":31}],"player_experience":186411,"relics_obtained":[{"floor":9.0,"key":"Pen Nib"},{"floor":11.0,"key":"Blood Vial"},{"floor":26.0,"key":"Red Skull"},{"floor":28.0,"key":"Ginger"},{"floor":28.0,"key":"Pantograph"}],"event_choices":[{"damage_healed":0.0,"max_hp_gain":0.0,"max_hp_loss":0.0,"gold_gain":75.0,"event_name":"World of Goop","player_choice":"Gather Gold","floor":2.0,"gold_loss":0.0,"damage_taken":11.0},{"damage_healed":0.0,"max_hp_gain":0.0,"max_hp_loss":0.0,"gold_gain":0.0,"cards_transformed":["Strike_R"],"event_name":"Transmorgrifier","player_choice":"Transformed","floor":3.0,"gold_loss":0.0,"damage_taken":0.0,"cards_obtained":["Corruption"]},{"damage_healed":0.0,"max_hp_gain":0.0,"max_hp_loss":0.0,"gold_gain":0.0,"event_name":"The Cleric","player_choice":"Leave","floor":7.0,"gold_loss":0.0,"damage_taken":0.0},{"damage_healed":0.0,"max_hp_gain":0.0,"max_hp_loss":0.0,"gold_gain":100.0,"event_name":"Golden Shrine","player_choice":"Pray","floor":12.0,"gold_loss":0.0,"damage_taken":0.0},{"damage_healed":0.0,"max_hp_gain":0.0,"max_hp_loss":0.0,"gold_gain":0.0,"event_name":"Back to Basics","player_choice":"Simplicity","floor":27.0,"gold_loss":0.0,"damage_taken":0.0,"cards_upgraded":["Strike_R","Strike_R","Strike_R","Strike_R","Defend_R","Defend_R","Defend_R","Defend_R"]},{"damage_healed":0.0,"max_hp_gain":0.0,"max_hp_loss":0.0,"gold_gain":0.0,"event_name":"Colosseum","player_choice":"Fight","floor":28.0,"gold_loss":0.0,"damage_taken":0.0},{"damage_healed":0.0,"max_hp_gain":0.0,"max_hp_loss":0.0,"gold_gain":0.0,"event_name":"Colosseum","player_choice":"Fought Nobs","floor":28.0,"gold_loss":0.0,"damage_taken":0.0}],"is_beta":false,"boss_relics":[{"not_picked":["Empty Cage","Sozu"],"picked":"Runic Dome"}],"items_purged_floors":[30],"is_endless":false,"potions_floor_spawned":[4,16,18,28,29],"killed_by":"Champ","ascension_level":14}}