{"host":"dqv8oo4v229c1o2l","time":1613446551,"event":{"mods":["AchievementEnabler","BaseMod","Colored Map","Colored Powertips","Minty Spire (QoL Compilation)","Quick Restart","Rare Cards Sparkle","StSLib","Synergy Search"],"gold_per_floor":[116,135,145,59,69,69,69,89,116,25,54,54,66,81,81,179,179,189,202,129,129,129,129,162,162,185,12,25,1,18,32,32,130,130,142,154,154,154,4,4,15,15,38,12,12,12,35,58,58,58,58],"floor_reached":50,"language":"ENG","playtime":1543,"items_purged":[],"score":698,"play_id":"63ae782c-6ad0-47d1-9448-fadd5b5afdff","local_time":"20210215193551","is_ascension_mode":true,"campfire_choices":[{"data":"Defragment","floor":6.0,"key":"SMITH"},{"floor":12.0,"key":"REST"},{"floor":15.0,"key":"REST"},{"data":"Defragment","floor":23.0,"key":"SMITH"},{"floor":25,"key":"REST"},{"floor":32,"key":"REST"},{"floor":40,"key":"REST"},{"floor":42,"key":"REST"},{"data":"Hologram","floor":49,"key":"SMITH"}],"circlet_count":0,"master_deck":["Defend_B","Defend_B","Defend_B","Zap+1","Dualcast","Defragment+1","Barrage","Ball Lightning","Defragment+1","Ball Lightning","Leap","Conserve Battery","BootSequence","Core Surge","Ball Lightning","Melter","Bite","Bite","Bite","Bite","Bite","BootSequence","Hologram+1","Seek","Tempest+1","Madness","Madness","Bandage Up","Beam Cell","Steam+1"],"relics":["Cracked Core","Oddly Smooth Stone","Bronze Scales","Philosopher\u0027s Stone","Meat on the Bone","Cables","Potion Belt","Membership Card","SlaversCollar","DataDisk","CeramicFish"],"acts_visited":["Exordium","TheCity","TheBeyond"],"potions_floor_usage":[33,33,33,33,41,48,50],"damage_taken":[{"damage":0.0,"enemies":"Cultist","floor":1.0,"turns":4.0},{"damage":3.0,"enemies":"Jaw Worm","floor":2.0,"turns":4.0},{"damage":4.0,"enemies":"Small Slimes","floor":3.0,"turns":4.0},{"damage":18.0,"enemies":"Exordium Wildlife","floor":5.0,"turns":3.0},{"damage":27.0,"enemies":"3 Louse","floor":8.0,"turns":3.0},{"damage":10.0,"enemies":"3 Sentries","floor":11.0,"turns":4.0},{"damage":0.0,"enemies":"Large Slime","floor":13.0,"turns":4.0},{"damage":4.0,"enemies":"Blue Slaver","floor":14.0,"turns":3.0},{"damage":14.0,"enemies":"Hexaghost","floor":16.0,"turns":7.0},{"damage":14.0,"enemies":"2 Thieves","floor":18.0,"turns":4.0},{"damage":1.0,"enemies":"3 Byrds","floor":19.0,"turns":2.0},{"damage":51,"enemies":"Book of Stabbing","floor":24,"turns":4},{"damage":23,"enemies":"Shelled Parasite and Fungi","floor":28,"turns":4},{"damage":18,"enemies":"Snecko","floor":30,"turns":4},{"damage":12,"enemies":"Centurion and Healer","floor":31,"turns":4},{"damage":52,"enemies":"Automaton","floor":33,"turns":9},{"damage":47,"enemies":"3 Darklings","floor":35,"turns":6},{"damage":2,"enemies":"Orb Walker","floor":36,"turns":4},{"damage":19,"enemies":"Transient","floor":41,"turns":5},{"damage":13,"enemies":"Spire Growth","floor":47,"turns":5},{"damage":14,"enemies":"4 Shapes","floor":48,"turns":5},{"damage":56,"enemies":"Donu and Deca","floor":50,"turns":4}],"seed_played":"6638593701115351749","potions_obtained":[{"floor":3.0,"key":"Strength Potion"},{"floor":8.0,"key":"ColorlessPotion"},{"floor":11.0,"key":"DistilledChaos"},{"floor":14.0,"key":"Ancient Potion"},{"floor":16.0,"key":"Explosive Potion"},{"floor":18.0,"key":"SkillPotion"},{"floor":28,"key":"Dexterity Potion"},{"floor":30,"key":"Regen Potion"},{"floor":31,"key":"FocusPotion"},{"floor":48,"key":"LiquidBronze"}],"is_trial":false,"path_per_floor":["M","M","M","$","M","R","$","M","T","?","E","R","M","M","R","B",null,"M","M","$","?","?","R","E","R","T","$","M","$","M","M","R","B",null,"M","M","?","?","$","R","M","R","T","$","?","$","M","M","R","B"],"character_chosen":"DEFECT","items_purchased":["Defragment","Ball Lightning","Melter","Membership Card","Explosive Potion","SpeedPotion","DataDisk","Fire Potion","Bandage Up","PowerPotion"],"campfire_rested":6,"item_purchase_floors":[4,4,20,27,27,29,39,39,39,44],"current_hp_per_floor":[68,65,61,61,43,43,43,16,16,16,6,28,28,24,46,32,64,50,49,49,49,49,49,17,32,32,32,29,29,29,37,52,36,48,27,31,24,24,24,39,34,49,49,49,49,49,48,44,44,0,0],"gold":58,"neow_bonus":"UPGRADE_CARD","is_daily":false,"chose_seed":false,"campfire_upgraded":3,"win_rate":0.0,"timestamp":1613446551,"path_taken":["M","M","M","$","M","R","?","M","T","?","E","R","?","M","R","BOSS","M","M","$","?","?","R","E","R","T","$","M","?","M","?","R","BOSS","M","M","?","?","$","R","M","R","T","?","?","?","?","M","R","BOSS"],"items_purchased_type":["Card","Card","Card","Relic","Potion","Potion","Relic","Potion","Card","Potion"],"build_version":"2020-12-22","purchased_purges":0,"victory":false,"max_hp_per_floor":[75,75,75,75,75,75,75,75,75,75,75,75,75,75,75,75,75,75,75,75,52,52,52,52,52,52,52,52,52,52,52,52,52,52,52,52,52,52,52,52,52,52,52,52,52,52,52,52,52,52,52],"card_choices":[{"not_picked":["Conserve Battery","Barrage"],"picked":"Defragment","floor":1.0},{"not_picked":["Cold Snap","Leap"],"picked":"Barrage","floor":2.0},{"not_picked":["Gash","Undo"],"picked":"Ball Lightning","floor":3.0},{"not_picked":["Heatsinks","Auto Shields"],"picked":"Leap","floor":5.0},{"not_picked":["Hologram","Ball Lightning"],"picked":"Conserve Battery","floor":8.0},{"not_picked":["Compile Driver","Creative AI","Coolheaded"],"picked":"SKIP","floor":11.0},{"not_picked":["Redo","Conserve Battery","Sweeping Beam"],"picked":"SKIP","floor":13.0},{"not_picked":["Sunder","Streamline"],"picked":"BootSequence","floor":14.0},{"not_picked":["Reboot","Thunder Strike"],"picked":"Core Surge","floor":16.0},{"not_picked":["Streamline","Leap","Stack+1"],"picked":"SKIP","floor":18.0},{"not_picked":["Blizzard","Leap"],"picked":"Ball Lightning","floor":19.0},{"not_picked":["Coolheaded","Streamline+1"],"picked":"BootSequence","floor":24},{"not_picked":["Compile Driver","Steam"],"picked":"Hologram","floor":28},{"not_picked":["Consume","Meteor Strike","Force Field"],"picked":"SKIP","floor":30},{"not_picked":["Stack","Aggregate+1","Ball Lightning+1"],"picked":"SKIP","floor":31},{"not_picked":["Core Surge","Reboot"],"picked":"Seek","floor":33},{"not_picked":["Turbo","Chill+1","Rebound+1"],"picked":"SKIP","floor":35},{"not_picked":["Reprogram","Go for the Eyes"],"picked":"Tempest+1","floor":36},{"not_picked":["Tempest+1","Hello World","Double Energy+1"],"picked":"SKIP","floor":41},{"not_picked":["Melter","Double Energy"],"picked":"Beam Cell","floor":47},{"not_picked":["Rebound+1","Ball Lightning"],"picked":"Steam+1","floor":48}],"player_experience":324371,"relics_obtained":[{"floor":11.0,"key":"Bronze Scales"},{"floor":24,"key":"Cables"},{"floor":26,"key":"Potion Belt"},{"floor":43,"key":"CeramicFish"}],"event_choices":[{"damage_healed":0.0,"max_hp_gain":0.0,"max_hp_loss":0.0,"gold_gain":0.0,"event_name":"WeMeetAgain","player_choice":"Paid Gold","floor":10.0,"gold_loss":91.0,"damage_taken":0.0,"relics_obtained":["Oddly Smooth Stone"]},{"damage_healed":0.0,"max_hp_gain":0.0,"max_hp_loss":23.0,"gold_gain":0.0,"event_name":"Vampires","player_choice":"Became a vampire","floor":21.0,"gold_loss":0.0,"damage_taken":0.0,"cards_obtained":["Bite","Bite","Bite","Bite","Bite"]},{"damage_healed":0.0,"max_hp_gain":0.0,"max_hp_loss":0.0,"gold_gain":0.0,"event_name":"The Mausoleum","player_choice":"Opened","floor":22.0,"gold_loss":0.0,"damage_taken":0.0,"relics_obtained":["Meat on the Bone"]},{"damage_healed":0,"gold_gain":0,"player_choice":"Embrace Madness","damage_taken":7,"max_hp_gain":0,"max_hp_loss":0,"event_name":"Winding Halls","floor":37,"gold_loss":0,"cards_obtained":["Madness","Madness"]},{"damage_healed":0,"gold_gain":0,"player_choice":"Ignored","damage_taken":0,"max_hp_gain":0,"max_hp_loss":0,"event_name":"Tomb of Lord Red Mask","floor":38,"gold_loss":0},{"cards_removed":["Defend_B"],"damage_healed":0,"gold_gain":0,"player_choice":"Removed Skill","damage_taken":0,"max_hp_gain":0,"max_hp_loss":0,"event_name":"Falling","floor":45,"gold_loss":0}],"is_beta":false,"boss_relics":[{"not_picked":["Sozu","Cursed Key"],"picked":"Philosopher\u0027s Stone"},{"not_picked":["Empty Cage","Astrolabe"],"picked":"SlaversCollar"}],"items_purged_floors":[],"is_endless":false,"potions_floor_spawned":[3,8,11,14,16,18,28,30,31,48],"killed_by":"Donu and Deca","ascension_level":9}}