{"host":"5aybe1nma5c8fep7","time":1613461646,"event":{"mods":["BaseMod","Conspire","Downfall","Friendly Minions","Minty Spire (QoL Compilation)","Replay The Spire","SacredBarkPlus","StSLib"],"gold_per_floor":[99,117,131,41,53,53,53,3,41,41,26,26,32,32,67,197,197,97,150,169,208,15,58,58,58,68,85,120,148,163,176,196,220,220,220],"floor_reached":33,"language":"ENG","playtime":2308,"items_purged":["downfall:Bewildered"],"score":306,"play_id":"0a6d8033-06cc-45f0-913f-3d0171b6db0d","local_time":"20210215234726","is_ascension_mode":true,"campfire_choices":[{"floor":1.0,"key":"RECALL"},{"data":"Apotheosis","floor":10.0,"key":"SMITH"},{"data":"bronze:SpaghettiCode","floor":12.0,"key":"SMITH"},{"data":"bronze:Strike","floor":18.0,"key":"PURGE"}],"circlet_count":0,"master_deck":["bronze:Strike","bronze:Strike","bronze:Defend","bronze:Defend","bronze:Defend","bronze:Defend","bronze:Replicate","bronze:Goto","Apotheosis+1","bronze:ClassDefault","bronze:BronzeOrb","bronze:DelayedSlice","bronze:Repair","conspire:SpireCoStock","bronze:SpaghettiCode+1","bronze:Overload","bronze:ChosenStrike","bronze:Assembly+1","bronze:Safeguard","bronze:CleanCode","bronze:Safeguard+1","bronze:Deprecate","bronze:Philosophize","bronze:Iterate","bronze:Optimize+1","bronze:Fortify","bronze:ItsAFeature","bronze:Break","bronze:CloningBeam+1"],"relics":["bronze:BronzeCore","Turnip","conspire:BottledYoYo","bronze:MakeshiftBattery","downfall:HeartBlessingGreen","PreservedInsect","Art of War","Iron Hammer","Lantern"],"acts_visited":["Exordium","TheCity"],"potions_floor_usage":[33,33],"damage_taken":[{"damage":1.0,"enemies":"Cultist","floor":2.0,"turns":4.0},{"damage":0.0,"enemies":"Jaw Worm","floor":3.0,"turns":4.0},{"damage":0.0,"enemies":"downfall:FleeingMerchant","floor":4.0,"turns":4.0},{"damage":0.0,"enemies":"2 Louse","floor":5.0,"turns":3.0},{"damage":25.0,"enemies":"Replay:BlueRogue","floor":9.0,"turns":8.0},{"damage":0.0,"enemies":"downfall:FleeingMerchant","floor":11.0,"turns":4.0},{"damage":12.0,"enemies":"downfall:FleeingMerchant","floor":13.0,"turns":4.0},{"damage":4.0,"enemies":"conspire:2 RoseBushes","floor":15.0,"turns":6.0},{"damage":20.0,"enemies":"SI_SHIV_ARCHETYPE","floor":16.0,"turns":7.0},{"damage":2.0,"enemies":"conspire:FuzzyDice","floor":19.0,"turns":11.0},{"damage":8.0,"enemies":"Chosen","floor":20.0,"turns":6.0},{"damage":1.0,"enemies":"conspire:HollyBat","floor":21.0,"turns":12.0},{"damage":0.0,"enemies":"downfall:FleeingMerchant","floor":22.0,"turns":4.0},{"damage":33.0,"enemies":"Book of Stabbing","floor":23.0,"turns":6.0},{"damage":1.0,"enemies":"Snecko","floor":26.0,"turns":6.0},{"damage":0.0,"enemies":"Centurion and Healer","floor":27.0,"turns":5.0},{"damage":8.0,"enemies":"Chosen and Byrds","floor":28.0,"turns":7.0},{"damage":39.0,"enemies":"Replay:Snechameleon","floor":29.0,"turns":7.0},{"damage":12.0,"enemies":"Shelled Parasite and Fungi","floor":30.0,"turns":5.0},{"damage":21.0,"enemies":"Snake Plant","floor":31.0,"turns":3.0},{"damage":0,"enemies":"Centurion and Healer","floor":32,"turns":4},{"damage":35,"enemies":"DF_ARCHETYPE_CLAW","floor":33,"turns":5}],"seed_played":"4493665555673575394","potions_obtained":[{"floor":5.0,"key":"PowerPotion"},{"floor":9.0,"key":"hexamod:SoulburnPotion"},{"floor":15.0,"key":"sneckomod:MuddlingPotion"},{"floor":16.0,"key":"FearPotion"},{"floor":21.0,"key":"Block Potion"},{"floor":23.0,"key":"bronze:CleanCodePotion"},{"floor":27.0,"key":"DuplicationPotion"},{"floor":30.0,"key":"Swift Potion"},{"floor":32,"key":"bronze:CleanCodePotion"}],"is_trial":false,"path_per_floor":["R","M","M","$","M","?","T","?","E","R","$","R","$","?","M","B",null,"R","M","M","M","$","E","T","?","M","M","M","E","M","M","M","B"],"character_chosen":"THE_AUTOMATON","items_purchased":["PreservedInsect","bronze:Iterate"],"campfire_rested":0,"item_purchase_floors":[22,22],"current_hp_per_floor":[70,69,69,69,69,69,69,69,54,54,61,61,69,69,65,55,70,70,68,62,69,70,47,47,47,56,66,62,31,29,18,25,0,0,0],"gold":220,"neow_bonus":"RANDOM_COLORLESS_2","is_daily":false,"chose_seed":false,"campfire_upgraded":2,"win_rate":0.0,"timestamp":1613461646,"path_taken":["R","M","?","$","M","?","T","?","E","R","$","R","$","?","M","BOSS","R","M","M","M","?","E","T","?","M","M","?","E","M","M","M","BOSS"],"items_purchased_type":["Relic","Card"],"build_version":"2020-12-22","purchased_purges":1,"victory":false,"max_hp_per_floor":[70,70,70,70,70,70,70,70,70,70,70,70,70,70,70,70,70,70,70,70,70,70,70,70,70,70,70,70,70,70,70,70,70,70,70],"card_choices":[{"not_picked":["ReplayTheSpireMod:Brewmster","Master of Strategy"],"picked":"Apotheosis","floor":0.0},{"not_picked":["bronze:Frontload","bronze:ChildClass"],"picked":"bronze:ClassDefault","floor":2.0},{"not_picked":["bronze:Safeguard","bronze:ChildClass"],"picked":"bronze:BronzeOrb","floor":3.0},{"not_picked":["bronze:Backtrace","bronze:Deprecate"],"picked":"bronze:DelayedSlice","floor":4.0},{"not_picked":["bronze:BugBarrage","bronze:Frontload"],"picked":"bronze:Repair","floor":5.0},{"not_picked":["bronze:CloningBeam","bronze:Separator"],"picked":"bronze:SpaghettiCode","floor":9.0},{"not_picked":["bronze:DelayedGuard","bronze:Allocate"],"picked":"bronze:Overload","floor":11.0},{"not_picked":["bronze:Turbo","bronze:Refactor"],"picked":"bronze:ChosenStrike","floor":13.0},{"not_picked":["bronze:Deprecate","bronze:FineTuning"],"picked":"bronze:Safeguard","floor":15.0},{"not_picked":["bronze:Virus","bronze:HyperBeam"],"picked":"bronze:CleanCode","floor":16.0},{"not_picked":["bronze:Overheat","bronze:Backtrace"],"picked":"bronze:Safeguard+1","floor":19.0},{"not_picked":["bronze:Deprecate","bronze:OilSpill+1","bronze:CutThrough"],"picked":"SKIP","floor":20.0},{"not_picked":["bronze:OilSpill+1","bronze:CutThrough"],"picked":"bronze:Deprecate","floor":20.0},{"not_picked":["bronze:Repulsor","bronze:Turbo+1"],"picked":"bronze:Philosophize","floor":21.0},{"not_picked":["bronze:HardenedForm","bronze:Shield","bronze:Separator"],"picked":"SKIP","floor":22.0},{"not_picked":["bronze:OilSpill","bronze:CutThrough"],"picked":"bronze:Optimize+1","floor":23.0},{"not_picked":["bronze:BugBarrage","bronze:Invalidate","bronze:OilSpill"],"picked":"SKIP","floor":26.0},{"not_picked":["bronze:Turbo","bronze:Repulsor"],"picked":"bronze:Fortify","floor":27.0},{"not_picked":["bronze:Turbo","bronze:ForceShield"],"picked":"bronze:ItsAFeature","floor":28.0},{"not_picked":["bronze:DigitalCarnage","bronze:ClassDefault"],"picked":"bronze:Break","floor":29.0},{"not_picked":["bronze:ChosenStrike","bronze:WildBeam"],"picked":"bronze:CloningBeam+1","floor":30.0},{"not_picked":["bronze:Backtrace","bronze:BitShift","bronze:WhirlingStrike"],"picked":"SKIP","floor":31.0},{"not_picked":["bronze:WhirlingStrike","bronze:Turbo","bronze:Refactor"],"picked":"SKIP","floor":32}],"player_experience":461400,"relics_obtained":[{"floor":7.0,"key":"Turnip"},{"floor":9.0,"key":"conspire:BottledYoYo"},{"floor":23.0,"key":"Art of War"},{"floor":24.0,"key":"Iron Hammer"},{"floor":29.0,"key":"Lantern"}],"event_choices":[{"damage_healed":0.0,"max_hp_gain":0.0,"max_hp_loss":0.0,"gold_gain":0.0,"event_name":"conspire:Investor","player_choice":"Invest 1","floor":8.0,"gold_loss":0.0,"damage_taken":0.0}],"is_beta":false,"boss_relics":[{"not_picked":["Velvet Choker","Ring of Chaos"],"picked":"bronze:MakeshiftBattery"}],"items_purged_floors":[4],"is_endless":false,"potions_floor_spawned":[5,9,15,16,21,23,27,28,30,32],"killed_by":"DF_ARCHETYPE_CLAW","ascension_level":1}}