{"host":"b1k9tvirjqaexfiq","time":1613446530,"event":{"mods":["AchievementEnabler","BaseMod","Bestiary","Better Third Choice","BetterRewards","Bossed Relics","Colored Powertips","Conspire","Curses Come First","Energized Spire","Highlight Path","Hubris","Infinite Spire","Marked Mod","Minty Spire (QoL Compilation)","Permanent Neow","Rare Cards Sparkle","Reliquary","Shop Mod","StSLib","Together in Spire","Waifu the Spire","??????REMEMod"],"gold_per_floor":[116,134,146,146,163,163,181,5,80,90,90,90,101,111,111,211,211,225,225,237,6,23,23,42,42,42,42,8,43,5,25,25,120,120,137,137,155,167,186,186,212,222,268,280,121,121,138,138,138,138],"floor_reached":51,"language":"ENG","playtime":2559,"items_purged":[],"score":670,"play_id":"f0a19c5d-afe3-4b47-922c-87255a2fbf35","local_time":"20210215213530","is_ascension_mode":false,"campfire_choices":[{"floor":6.0,"key":"REST"},{"floor":11.0,"key":"REST"},{"data":"Double Energy","floor":15.0,"key":"SMITH"},{"data":"Mayhem","floor":23.0,"key":"SMITH"},{"data":"REME_Flogging","floor":25.0,"key":"SMITH"},{"floor":27.0,"key":"REST"},{"floor":32.0,"key":"REST"},{"floor":40.0,"key":"REST"},{"floor":46.0,"key":"REST"},{"floor":49.0,"key":"REST"}],"circlet_count":0,"master_deck":["Strike_B","Strike_B","Strike_B","Defend_B","Defend_B","Defend_B","Defend_B","Zap","Dualcast","conspire:PoisonWeapons","REME_Flogging+1","Leap","BootSequence","Tempest","Shockwave+1","Die Die Die+1","BootSequence","Multi-Cast","Mayhem+1","Double Energy+1","Electrodynamics","BootSequence","hubris:DoWhile","Coolheaded+1","REME_Compress","Turbo+1","Flash of Steel","Force Field","Sweeping Beam","REME_Whirling","Lockon","Hello World","Stack","Seek","Streamline+1","Rebound","REME_Compress","Sweeping Beam","hubris:PowerSurge+1","Double Energy+1","Beam Cell+1","Self Repair","Trip"],"relics":["Cracked Core","REME_ComplimentaryCards","hubris:TenFootPole","Vajra","Question Card","reliquary:RustamsPendant","Chemical X","infinitespire:BottledMercury","hubris:Stopwatch","reliquary:PartyBalloon","Bronze Scales"],"acts_visited":[],"potions_floor_usage":[],"damage_taken":[{"damage":0.0,"enemies":"Cultist","floor":1.0,"turns":2.0},{"damage":0.0,"enemies":"2 Louse","floor":2.0,"turns":1.0},{"damage":0.0,"enemies":"Small Slimes","floor":3.0,"turns":2.0},{"damage":0.0,"enemies":"Exordium Thugs","floor":5.0,"turns":1.0},{"damage":0.0,"enemies":"Blue Slaver","floor":7.0,"turns":2.0},{"damage":0.0,"enemies":"3 Louse","floor":10.0,"turns":1.0},{"damage":0.0,"enemies":"Red Slaver","floor":13.0,"turns":3.0},{"damage":0.0,"enemies":"Large Slime","floor":14.0,"turns":2.0},{"damage":19.0,"enemies":"The Guardian","floor":16.0,"turns":5.0},{"damage":0.0,"enemies":"Spheric Guardian","floor":18.0,"turns":1.0},{"damage":0.0,"enemies":"3 Byrds","floor":20.0,"turns":3.0},{"damage":0.0,"enemies":"Cultist and Chosen","floor":22.0,"turns":4.0},{"damage":21.0,"enemies":"Centurion and Healer","floor":24.0,"turns":4.0},{"damage":7.0,"enemies":"Book of Stabbing","floor":29.0,"turns":3.0},{"damage":14.0,"enemies":"Snake Plant","floor":31.0,"turns":3.0},{"damage":0.0,"enemies":"Automaton","floor":33.0,"turns":1.0},{"damage":0.0,"enemies":"3 Darklings","floor":35.0,"turns":2.0},{"damage":4.0,"enemies":"Orb Walker","floor":37.0,"turns":3.0},{"damage":0.0,"enemies":"Jaw Worm Horde","floor":38.0,"turns":2.0},{"damage":31.0,"enemies":"Sphere and 2 Shapes","floor":39.0,"turns":4.0},{"damage":0.0,"enemies":"Reptomancer","floor":41.0,"turns":3.0},{"damage":15.0,"enemies":"4 Shapes","floor":42.0,"turns":3.0},{"damage":32.0,"enemies":"Jaw Worm Horde","floor":44.0,"turns":6.0},{"damage":3.0,"enemies":"Maw","floor":47.0,"turns":5.0}],"seed_played":"-1528954757130454044","potions_obtained":[{"floor":2.0,"key":"Regen Potion"},{"floor":5.0,"key":"PowerPotion"},{"floor":7.0,"key":"Strength Potion"},{"floor":20.0,"key":"SkillPotion"},{"floor":24.0,"key":"ColorlessPotion"},{"floor":33.0,"key":"PowerPotion"},{"floor":35.0,"key":"Strength Potion"},{"floor":38.0,"key":"Dexterity Potion"},{"floor":39.0,"key":"conspire:TimeTravelPotion"},{"floor":44.0,"key":"EntropicBrew"}],"is_trial":false,"path_per_floor":["M","M","M","?","M","R","M","$","T","M","R","?","M","M","R","B",null,"M","?","M","$","M","R","M","R","T","R","$","E","$","M","R","B",null,"M","?","M","M","M","R","E","M","T","M","$","R","M","?","R","B",null],"character_chosen":"DEFECT","items_purchased":["Mayhem","Chemical X","Flash of Steel","REME_Whirling","Hello World","Self Repair","Trip"],"campfire_rested":7,"item_purchase_floors":[8,21,21,28,30,45,45],"current_hp_per_floor":[54,54,54,15,15,37,37,37,37,37,59,59,68,68,68,49,75,75,75,75,75,75,75,54,54,54,75,75,68,68,54,75,75,75,75,75,71,71,40,62,62,47,47,21,21,43,47,47,69,69],"gold":138,"neow_bonus":"RANDOM_COLORLESS_2","is_daily":false,"chose_seed":false,"campfire_upgraded":3,"win_rate":0.0,"timestamp":1613446530,"path_taken":["M","M","M","?","M","R","M","$","T","M","R","?","?","M","R","BOSS","M","?","M","$","M","R","M","R","T","R","$","E","?","M","R","BOSS","M","?","M","M","M","R","E","M","T","?","$","R","M","?","R","BOSS"],"items_purchased_type":["Card","Relic","Card","Card","Card","Card","Card"],"build_version":"2020-12-22","purchased_purges":0,"victory":true,"max_hp_per_floor":[75,75,75,75,75,75,75,75,75,75,75,75,75,75,75,75,75,75,75,75,75,75,75,75,75,75,75,75,75,75,75,75,75,75,75,75,75,75,75,75,75,75,75,75,75,75,75,75,75,75],"card_choices":[{"not_picked":["Sadistic Nature","REME_WheelOfFate"],"picked":"REME_Flogging","floor":0.0},{"not_picked":["Hologram","Rebound"],"picked":"Leap","floor":1.0},{"not_picked":["Gash","Hologram"],"picked":"BootSequence","floor":2.0},{"not_picked":["Doom and Gloom","Steam"],"picked":"Tempest","floor":3.0},{"not_picked":["Cold Snap","Stack"],"picked":"BootSequence","floor":5.0},{"not_picked":["Turbo","Go for the Eyes"],"picked":"Multi-Cast","floor":7.0},{"not_picked":["conspire:Rain","REME_SelfUpgrade","Sweeping Beam"],"picked":"Double Energy","floor":10.0},{"not_picked":["Melter","conspire:SharedLibrary","Sweeping Beam"],"picked":"Electrodynamics","floor":13.0},{"not_picked":["Hologram","Redo","Gash"],"picked":"BootSequence","floor":14.0},{"not_picked":["REME_ForAll","Multi-Cast","REME_Shoggoth"],"picked":"hubris:DoWhile","floor":16.0},{"not_picked":["Compile Driver","Streamline+1","FTL"],"picked":"Coolheaded+1","floor":18.0},{"not_picked":["Sweeping Beam","Stack","Conserve Battery+1"],"picked":"Turbo+1","floor":20.0},{"not_picked":["Static Discharge","Steam+1","Defragment+1"],"picked":"Force Field","floor":22.0},{"not_picked":["Sunder","REME_Whirling","Fusion"],"picked":"Sweeping Beam","floor":24.0},{"not_picked":["Leap","Steam Power","Darkness+1"],"picked":"Lockon","floor":29.0},{"not_picked":["Sweeping Beam","Compile Driver","Rebound+1"],"picked":"Stack","floor":31.0},{"not_picked":["REME_ForAll","All For One","REME_Shoggoth"],"picked":"Seek","floor":33.0},{"not_picked":["Compile Driver+1","FTL","Coolheaded+1"],"picked":"Streamline+1","floor":35.0},{"not_picked":["Redo+1","Doom and Gloom+1","Barrage"],"picked":"Rebound","floor":37.0},{"not_picked":["Compile Driver+1","Barrage+1","Auto Shields+1"],"picked":"REME_Compress","floor":38.0},{"not_picked":["REME_SelfUpgrade+1","Gash","Conserve Battery+1"],"picked":"Sweeping Beam","floor":39.0},{"not_picked":["Rebound","hubris:Ukulele","Stack+1"],"picked":"hubris:PowerSurge+1","floor":41.0},{"not_picked":["Beam Cell","hubris:SpecializedCircuitry","Heatsinks+1"],"picked":"Double Energy+1","floor":42.0},{"not_picked":["Coolheaded","Stack","Compile Driver"],"picked":"Beam Cell+1","floor":44.0},{"not_picked":["Conserve Battery+1","Doom and Gloom+1","Coolheaded+1","Steam Power"],"picked":"SKIP","floor":47.0}],"player_experience":41381,"relics_obtained":[{"floor":9.0,"key":"Question Card"},{"floor":26.0,"key":"infinitespire:BottledMercury"},{"floor":41.0,"key":"reliquary:PartyBalloon"},{"floor":43.0,"key":"Bronze Scales"}],"event_choices":[{"cards_removed":["Strike_B"],"damage_healed":0.0,"max_hp_gain":0.0,"max_hp_loss":0.0,"gold_gain":0.0,"event_name":"Bonfire Elementals","player_choice":"Offered Basic","floor":12.0,"gold_loss":0.0,"damage_taken":0.0},{"damage_healed":0.0,"max_hp_gain":0.0,"max_hp_loss":0.0,"gold_gain":0.0,"event_name":"The Library","player_choice":"Read","floor":19.0,"gold_loss":0.0,"damage_taken":0.0,"cards_obtained":["REME_Compress"]},{"damage_healed":0.0,"max_hp_gain":0.0,"max_hp_loss":0.0,"gold_gain":0.0,"event_name":"Mysterious Sphere","player_choice":"Ignored","floor":48.0,"gold_loss":0.0,"damage_taken":0.0}],"is_beta":false,"boss_relics":[{"not_picked":["REME_ChargedStone","reliquary:RedCape"],"picked":"reliquary:RustamsPendant"},{"not_picked":["energizedSpire:DeadBattery","hubris:CrackedHourglass"],"picked":"hubris:Stopwatch"}],"items_purged_floors":[],"is_endless":false,"potions_floor_spawned":[2,5,7,20,24,33,35,38,39,44],"ascension_level":0}}