{"host":"wqsqub3crsxqknzv","time":1613471530,"event":{"mods":["BaseMod","Colored Powertips","Lobotomy","LobotomyExtend","Minty Spire (QoL Compilation)","StSLib"],"gold_per_floor":[116,116,134,152,163,163,177,177,203,34,68,68,137,156,156,247,247,263,263,287,300,300,300,338,338,338,353,353,278,316,44,44,134,134,152,0,14,1013,1013,1013,1038,1051,1098,1118,1118,1118,1143,1186,1186,1186,1186],"floor_reached":52,"playtime":1814,"items_purged":["SpecialBullet"],"score":2019,"play_id":"446c5472-7df8-4152-88a1-df0b1702c78f","local_time":"20210216123210","is_ascension_mode":true,"campfire_choices":[],"circlet_count":0,"master_deck":["DespairKnight","BodiesMountain","Woodsman","BigBird","SpecialBullet","SpecialBullet","SpecialBullet","SpecialBullet","SpecialBullet","SpecialBullet","InformationCode","SecurityCode","TrainingCode","Lantern+1","Discord","UniverseFragment","ScreamingWedge","ScreamingWedge","Twilight+1","NakedNest","OSAHOGD","GoldRush","WristCuter+1","Diffraction","Penitence","Hornet+1","GreenStem","RecordCode","LongBird","Mimicry"],"relics":["CogitoBucket","RabbitCall","LetterFromLob","FaceOfCleric","Regal Pillow","Strawberry","Whetstone","Golden Idol","Fusion Hammer","Oddly Smooth Stone","Molten Egg 2","Gambling Chip","Thread and Needle","HornCleat","SkinProphecy","PreservedInsect","Matryoshka","Philosopher\u0027s Stone","Lamp_r","Logging_r","TreeSap","AtMidnight","Ancient Tea Set","Juzu Bracelet","Bottled Lightning","TheSmile_r","SwordSharpenedByTears_r"],"acts_visited":["Exordium","TheCity","TheBeyond"],"potions_floor_usage":[],"damage_taken":[{"damage":19.0,"enemies":"Jaw Worm","floor":1.0,"turns":3.0},{"damage":6.0,"enemies":"Cultist","floor":3.0,"turns":3.0},{"damage":20.0,"enemies":"Small Slimes","floor":4.0,"turns":3.0},{"damage":9.0,"enemies":"Looter","floor":5.0,"turns":3.0},{"damage":26.0,"enemies":"Large Slime","floor":7.0,"turns":8.0},{"damage":45.0,"enemies":"Gremlin Nob","floor":11.0,"turns":5.0},{"damage":24.0,"enemies":"Blue Slaver","floor":14.0,"turns":1.0},{"damage":39.0,"enemies":"The Guardian","floor":16.0,"turns":8.0},{"damage":36.0,"enemies":"2 Thieves","floor":18.0,"turns":4.0},{"damage":1.0,"enemies":"3 Byrds","floor":20.0,"turns":2.0},{"damage":14.0,"enemies":"Snake Plant","floor":21.0,"turns":1.0},{"damage":45.0,"enemies":"Slavers","floor":24.0,"turns":4.0},{"damage":3.0,"enemies":"Centurion and Healer","floor":27.0,"turns":2.0},{"damage":5.0,"enemies":"Gremlin Leader","floor":30.0,"turns":3.0},{"damage":78.0,"enemies":"Champ","floor":33.0,"turns":11.0},{"damage":0.0,"enemies":"Orb Walker","floor":35.0,"turns":2.0},{"damage":13,"enemies":"3 Shapes","floor":37,"turns":6},{"damage":5,"enemies":"Writhing Mass","floor":41,"turns":4},{"damage":4,"enemies":"Maw","floor":42,"turns":5},{"damage":13,"enemies":"4 Shapes","floor":44,"turns":1},{"damage":0,"enemies":"3 Darklings","floor":47,"turns":2},{"damage":4,"enemies":"Nemesis","floor":48,"turns":3},{"damage":27,"enemies":"Donu and Deca","floor":50,"turns":17},{"damage":121,"enemies":"Time Eater","floor":51,"turns":14},{"damage":45,"enemies":"Malkuth","floor":52,"turns":6},{"damage":90,"enemies":"Hod","floor":52,"turns":8}],"seed_played":"1023281769058635847","potions_obtained":[{"floor":3.0,"key":"PowerPotion"},{"floor":7.0,"key":"Regen Potion"},{"floor":16.0,"key":"PowerPotion"},{"floor":47,"key":"Explosive Potion"}],"is_trial":false,"path_per_floor":["M","?","M","M","M","R","M","R","T","$","E","?","?","M","R","B",null,"M","?","M","M","?","R","E","T","T","M","R","?","E","$","R","B",null,"M","$","M","?","?","R","M","M","T","M","?","R","M","E","R","B","B",null],"character_chosen":"Angela","items_purchased":["Strawberry","Matryoshka","GreenStem"],"campfire_rested":0,"item_purchase_floors":[10,31,36],"current_hp_per_floor":[52,52,55,47,59,59,70,70,70,77,69,69,69,83,83,76,84,85,85,86,87,87,87,88,88,88,89,89,89,92,92,92,67,94,102,102,105,105,105,105,110,117,117,120,120,120,123,130,130,133,92],"gold":1186,"neow_bonus":"THREE_CARDS","is_daily":false,"chose_seed":false,"campfire_upgraded":0,"win_rate":0.0,"timestamp":1613471530,"path_taken":["M","?","?","M","M","R","M","R","T","?","E","?","?","M","R","BOSS","M","?","M","M","?","R","E","?","T","?","R","?","E","?","R","BOSS","M","$","M","?","?","R","M","M","T","M","?","R","M","E","R","BOSS","BOSS"],"items_purchased_type":["Relic","Relic","Card"],"build_version":"2020-11-29","purchased_purges":1,"victory":true,"max_hp_per_floor":[70,70,71,72,73,73,74,74,74,81,82,82,82,83,83,84,84,85,85,86,87,87,87,88,88,88,89,89,89,92,92,92,99,99,102,102,105,105,105,105,110,117,117,120,120,120,123,130,130,133,136],"card_choices":[{"not_picked":["FourthMatchFlame","Wingbeat"],"picked":"Lantern","floor":0.0},{"not_picked":["TodaysExpression"],"picked":"Discord","floor":1.0},{"not_picked":["MHz","Yin"],"picked":"UniverseFragment","floor":3.0},{"not_picked":["Amita"],"picked":"ScreamingWedge","floor":3.0},{"not_picked":["OldLady","Bloodbath"],"picked":"Woodsman","floor":4.0},{"not_picked":["WristCuter","Soda"],"picked":"SKIP","floor":4.0},{"not_picked":["Wingbeat"],"picked":"ScreamingWedge","floor":5.0},{"not_picked":["RapturousDream"],"picked":"Twilight","floor":7.0},{"not_picked":["WallGazer","FieryBird"],"picked":"NakedNest","floor":11.0},{"not_picked":["RapturousDream","SoundOfStar"],"picked":"SKIP","floor":11.0},{"not_picked":["GrinderMk4","RapturousDream"],"picked":"SKIP","floor":14.0},{"not_picked":["VoidDream","DreamingCurrent"],"picked":"OSAHOGD","floor":16.0},{"not_picked":["SoundOfStar"],"picked":"GoldRush","floor":16.0},{"not_picked":["RedEyes+1"],"picked":"WristCuter+1","floor":18.0},{"not_picked":["Beak+1"],"picked":"Diffraction","floor":20.0},{"not_picked":["TodaysExpression"],"picked":"Penitence","floor":21.0},{"not_picked":["Soda","SomewhereSpear"],"picked":"SKIP","floor":24.0},{"not_picked":["Noise","Spore"],"picked":"SKIP","floor":27.0},{"not_picked":["FairyFestival","Scarecrow"],"picked":"DespairKnight","floor":30.0},{"not_picked":["Tough+1"],"picked":"Hornet+1","floor":30.0},{"not_picked":["Laetitia","Scorched"],"picked":"BigBird","floor":33.0},{"not_picked":["RapturousDream","Hypocrisy"],"picked":"SKIP","floor":35.0},{"not_picked":["FourthMatchFlame+1","Harmony+1"],"picked":"SKIP","floor":37},{"not_picked":["Noise+1","Loneliness"],"picked":"SKIP","floor":41},{"not_picked":["GalaxyChild","DreamingCurrent"],"picked":"BodiesMountain","floor":42},{"not_picked":["Lantern+1","Discord"],"picked":"SKIP","floor":42},{"not_picked":["Tough+1","SomewhereSpear"],"picked":"SKIP","floor":44},{"not_picked":["FrostShard","Wingbeat"],"picked":"SKIP","floor":47},{"not_picked":["MeltingLove","NothingThere"],"picked":"LongBird","floor":48},{"not_picked":["Soda"],"picked":"Mimicry","floor":48}],"player_experience":33682,"relics_obtained":[{"floor":1.0,"key":"LetterFromLob"},{"floor":9.0,"key":"Regal Pillow"},{"floor":11.0,"key":"Whetstone"},{"floor":24.0,"key":"Gambling Chip"},{"floor":25.0,"key":"Thread and Needle"},{"floor":26.0,"key":"HornCleat"},{"floor":30.0,"key":"PreservedInsect"},{"floor":41,"key":"AtMidnight"},{"floor":43,"key":"Ancient Tea Set"},{"floor":43,"key":"Juzu Bracelet"},{"floor":48,"key":"Bottled Lightning"}],"event_choices":[{"damage_healed":0.0,"max_hp_gain":0.0,"max_hp_loss":0.0,"gold_gain":0.0,"event_name":"FaceTrader","player_choice":"Trade","floor":2.0,"gold_loss":0.0,"damage_taken":0.0,"relics_obtained":["FaceOfCleric"]},{"damage_healed":0.0,"max_hp_gain":0.0,"max_hp_loss":0.0,"gold_gain":0.0,"event_name":"Golden Idol","player_choice":"Take Wound","floor":12.0,"gold_loss":0.0,"damage_taken":0.0,"relics_obtained":["Golden Idol"],"cards_obtained":["Injury"]},{"damage_healed":0.0,"max_hp_gain":0.0,"max_hp_loss":0.0,"gold_gain":69.0,"event_name":"Golden Wing","player_choice":"Gained Gold","floor":13.0,"gold_loss":0.0,"damage_taken":0.0},{"damage_healed":0.0,"max_hp_gain":0.0,"max_hp_loss":0.0,"gold_gain":0.0,"event_name":"The Mausoleum","player_choice":"Opened","floor":19.0,"gold_loss":0.0,"damage_taken":0.0,"relics_obtained":["Oddly Smooth Stone"],"cards_obtained":["Writhe"]},{"damage_healed":0.0,"max_hp_gain":0.0,"max_hp_loss":0.0,"gold_gain":0.0,"event_name":"Addict","player_choice":"Stole Relic","floor":22.0,"gold_loss":0.0,"damage_taken":0.0,"relics_obtained":["Molten Egg 2"],"cards_obtained":["Shame"]},{"cards_removed":["SpecialBullet"],"damage_healed":0.0,"max_hp_gain":0.0,"max_hp_loss":0.0,"gold_gain":0.0,"event_name":"Beggar","player_choice":"Gave Gold","floor":29.0,"gold_loss":75.0,"damage_taken":0.0},{"damage_healed":0,"gold_gain":999,"player_choice":"Gold","damage_taken":0,"max_hp_gain":0,"max_hp_loss":0,"event_name":"MindBloom","floor":38,"gold_loss":0,"cards_obtained":["Normality","Normality"]},{"damage_healed":0,"gold_gain":0,"player_choice":"Memory 1","damage_taken":0,"max_hp_gain":0,"max_hp_loss":0,"event_name":"SensoryStone","floor":39,"gold_loss":0}],"is_beta":false,"boss_relics":[{"not_picked":["Runic Dome","Coffee Dripper"],"picked":"Fusion Hammer"},{"not_picked":["Busted Crown","Runic Pyramid"],"picked":"Philosopher\u0027s Stone"}],"items_purged_floors":[36],"is_endless":false,"potions_floor_spawned":[3,7,16,20,21,33,35,47],"ascension_level":20}}