{"host":"snn1c4qsf0fj7fzf","time":1613491953,"event":{"mods":["AchievementEnabler","Act Like it!","Aspiration","Astrologer","BaseMod","Colored Powertips","Downfall","Gensokyo","Hermit","Infinite Spire","Lobotomy","Minty Spire (QoL Compilation)","Random Character Button","Rare Cards Sparkle","Reimu??????","Reliquary","Replay The Spire","Shop Mod","Spire Arcade","StSLib","The Administrix","The Cursed","The Gatherer","The Hierophant","The Poker Player","The Runesmith"],"gold_per_floor":[111,122,122,122,134,161,161,161,161],"floor_reached":8,"language":"ENG","playtime":2329,"items_purged":[],"score":125,"play_id":"9cb9489b-3b77-4078-8651-56754f6c08b7","local_time":"20210217001233","is_ascension_mode":true,"campfire_choices":[{"data":"TheCursedMod:HellfireBreathing","floor":7,"key":"SMITH"}],"circlet_count":0,"master_deck":["TheCursedMod:CleanUpWorkshop","TheCursedMod:CursedAmulet","TheCursedMod:HellfireBreathing+1","TheCursedMod:HellfireBreathing+1","TheCursedMod:SpitefulPlan","TheCursedMod:LuckyCharm","TheCursedMod:CursedSpellbook","TheCursedMod:NeowsMight","TheCursedMod:ParallelWorld","TheCursedMod:CircleOfAmplification","Clumsy"],"relics":["TheCursedMod:BlackMagicAdvanced","Gensokyo:NagashiBinaDoll","reliquary:SharkskinSheath"],"acts_visited":["Gensokyo:Gensokyo"],"potions_floor_usage":[],"damage_taken":[{"damage":0,"enemies":"Gensokyo:Python","floor":1,"turns":2},{"damage":0,"enemies":"Gensokyo:2_Kodama","floor":2,"turns":2},{"damage":0,"enemies":"Gensokyo:Gryphon","floor":5,"turns":1},{"damage":0,"enemies":"Gensokyo:Aya","floor":6,"turns":1},{"damage":20,"enemies":"Gensokyo:Mamizou","floor":8,"turns":7}],"seed_played":"-5251287909639856582","potions_obtained":[],"is_trial":false,"path_per_floor":["M","M","?","?","M","E","R","E"],"character_chosen":"THE_CURSED","items_purchased":[],"campfire_rested":0,"item_purchase_floors":[],"current_hp_per_floor":[75,75,75,75,75,75,75,55,55],"gold":161,"neow_bonus":"UPGRADE_CARD","is_daily":false,"chose_seed":false,"campfire_upgraded":1,"win_rate":0.0,"timestamp":1613491953,"path_taken":["M","M","?","?","?","E","R","E"],"items_purchased_type":[],"build_version":"2020-12-22","purchased_purges":0,"victory":false,"max_hp_per_floor":[75,75,75,75,75,75,75,75,75],"card_choices":[{"not_picked":["TheCursedMod:CursedBlade","TheCursedMod:Stretching","TheCursedMod:WearCloak"],"picked":"SKIP","floor":1},{"not_picked":["TheCursedMod:SpitefulPlan","TheCursedMod:CursedShiv","TheCursedMod:SpitefulStrike"],"picked":"SKIP","floor":2},{"not_picked":["TheCursedMod:CursedShiv","TheCursedMod:VitalStrike","TheCursedMod:Hemoplague"],"picked":"SKIP","floor":5},{"not_picked":["TheCursedMod:TacticalStrike","TheCursedMod:VoidForm","TheCursedMod:WearCloak"],"picked":"SKIP","floor":6}],"player_experience":407063,"relics_obtained":[{"floor":6,"key":"reliquary:SharkskinSheath"}],"event_choices":[],"is_beta":false,"boss_relics":[],"items_purged_floors":[],"is_endless":false,"potions_floor_spawned":[],"killed_by":"Gensokyo:Mamizou","ascension_level":4}}