{"host":"dbo0lztt1pyfwysk","time":1613502127,"event":{"mods":["Act Like it!","BaseMod","Conspire","Downfall","Gensokyo","GifTheSpireLib","Hubris","Infinite Spire","KinomotoSakuraMod(????)","Koishi","Luminous","Marisa????????","Minty Spire (QoL Compilation)","Prisma Mod","Remilia??????","Replay The Spire","Shade Mod","Shop Mod","StSLib","The Druid"],"gold_per_floor":[365,315,240,240,17,17,52,63,86,86,32,32,59,59,59,183,183,206,206,225,239,139,139,157,157,157],"floor_reached":25,"language":"ENG","playtime":1167,"items_purged":["Defend_G","Strike_G"],"score":331,"play_id":"55f44bea-da55-418d-98c2-28aeb6096fc3","local_time":"20210216200207","is_ascension_mode":true,"campfire_choices":[{"data":"Neutralize","floor":6,"key":"SMITH"},{"floor":10,"key":"REST"},{"data":"Deadly Poison","floor":12,"key":"SMITH"},{"floor":15,"key":"REST"},{"data":"Doppelganger","floor":23,"key":"SMITH"}],"circlet_count":0,"master_deck":["AscendersBane","Strike_G","Strike_G","Strike_G","Defend_G","Defend_G","Defend_G","Defend_G","Survivor+1","Neutralize+1","Blur","Infinite Blades","Doppelganger+1","Deadly Poison+1","Corpse Explosion","After Image","Fluid Movement","Dagger Spray","Poisoned Stab"],"relics":["Ring of the Snake","ClockworkSouvenir","Orichalcum","Golden Idol","hubris:TerracottaHorce"],"acts_visited":["Exordium","TheCity"],"potions_floor_usage":[13,21],"damage_taken":[{"damage":0,"enemies":"Small Slimes","floor":1,"turns":4},{"damage":32,"enemies":"3 Sentries","floor":7,"turns":13},{"damage":8,"enemies":"2 Louse","floor":8,"turns":4},{"damage":9,"enemies":"Lagavulin","floor":13,"turns":6},{"damage":9,"enemies":"Fading Forest","floor":16,"turns":11},{"damage":14,"enemies":"3 Byrds","floor":18,"turns":3},{"damage":13,"enemies":"conspire:FuzzyDice","floor":20,"turns":6},{"damage":1,"enemies":"Snake Plant","floor":21,"turns":5},{"damage":17,"enemies":"Shelled Parasite and Fungi","floor":24,"turns":6},{"damage":19,"enemies":"Sentry and Sphere","floor":25,"turns":2}],"seed_played":"-6197486021026965963","potions_obtained":[{"floor":7,"key":"Strength Potion"},{"floor":16,"key":"Languid Potion"},{"floor":20,"key":"Explosive Potion"}],"is_trial":false,"path_per_floor":["M","?","$","?","$","R","E","M","T","R","$","R","E","?","R","B",null,"M","?","M","M","$","R","M","M"],"character_chosen":"THE_SILENT","items_purchased":["ClockworkSouvenir","Infinite Blades","Deadly Poison"],"campfire_rested":2,"item_purchase_floors":[5,5,11],"current_hp_per_floor":[45,45,45,45,45,45,13,5,5,26,26,26,17,17,36,35,58,44,44,31,30,30,30,13,0,0],"gold":157,"neow_bonus":"TWO_FIFTY_GOLD","is_daily":false,"chose_seed":false,"campfire_upgraded":3,"win_rate":0.0,"timestamp":1613502127,"path_taken":["M","?","$","?","$","R","E","M","T","R","$","R","E","?","R","BOSS","M","?","M","M","$","R","M","M"],"items_purchased_type":["Relic","Card","Card"],"build_version":"2020-12-22","purchased_purges":2,"victory":false,"max_hp_per_floor":[70,70,70,70,70,70,70,70,70,70,70,70,70,65,65,65,65,65,65,65,65,65,65,65,65,65],"card_choices":[{"not_picked":["Outmaneuver","Riddle With Holes"],"picked":"Blur","floor":1},{"not_picked":["Dagger Throw","Underhanded Strike"],"picked":"Doppelganger","floor":7},{"not_picked":["Hidden Blade","Outmaneuver","Underhanded Strike"],"picked":"SKIP","floor":8},{"not_picked":["Slice","hubris:Counter"],"picked":"Corpse Explosion","floor":13},{"not_picked":["Replay:Bag of Tricks","Doppelganger"],"picked":"After Image","floor":16},{"not_picked":["Reflex","Quick Slash","Backflip"],"picked":"SKIP","floor":18},{"not_picked":["Deflect","Infinite Blades"],"picked":"Fluid Movement","floor":20},{"not_picked":["Doppelganger","Masterful Stab"],"picked":"Dagger Spray","floor":21},{"not_picked":["Fluid Movement","Riddle With Holes"],"picked":"Poisoned Stab","floor":24}],"player_experience":701924,"relics_obtained":[{"floor":7,"key":"Orichalcum"}],"event_choices":[{"cards_removed":["Strike_G"],"damage_healed":0,"gold_gain":0,"player_choice":"Card Removal","damage_taken":0,"max_hp_gain":0,"max_hp_loss":0,"event_name":"The Cleric","floor":2,"gold_loss":50},{"damage_healed":0,"gold_gain":0,"player_choice":"Lose Max HP","damage_taken":0,"relics_obtained":["Golden Idol"],"max_hp_gain":0,"max_hp_loss":5,"event_name":"Golden Idol","floor":14,"gold_loss":0},{"damage_healed":0,"gold_gain":0,"player_choice":"0 cards matched","damage_taken":0,"max_hp_gain":0,"max_hp_loss":0,"event_name":"Match and Keep!","floor":19,"gold_loss":0,"cards_obtained":[]}],"is_beta":false,"boss_relics":[{"not_picked":["hubris:GrandSneckoEye","hubris:RunicObelisk"],"picked":"hubris:TerracottaHorce"}],"items_purged_floors":[3,22],"is_endless":false,"potions_floor_spawned":[7,16,20,21],"killed_by":"Sentry and Sphere","ascension_level":12}}