{"host":"7sni158j623xchr2","time":1613445237,"event":{"mods":["BaseMod","Colored Map","Highlight Path","Minty Spire (QoL Compilation)","Permanent Neow","Potion Indicator Mod","Rare Cards Sparkle","Relic Sorter","Relic Stats","StSLib","everything is the same but u backflip on backflip"],"gold_per_floor":[114,114,114,130,144,144,174,192,216,216,60,88,101,111,111,215,215,226,74,74,74,91,417,100,135,135,135,154,154,253,253,253,253,253],"floor_reached":33,"language":"ENG","playtime":745,"items_purged":["Strike_R","Strike_R"],"score":389,"play_id":"79fddca7-77e5-4603-94a3-d3588e7df00b","local_time":"20210215211357","is_ascension_mode":true,"campfire_choices":[{"data":"Whirlwind","floor":6,"key":"SMITH"},{"data":"Shockwave","floor":10,"key":"SMITH"},{"data":"Inflame","floor":15,"key":"SMITH"},{"data":"Limit Break","floor":27,"key":"SMITH"},{"data":"Offering","floor":29,"key":"SMITH"},{"data":"Feed","floor":32,"key":"SMITH"}],"circlet_count":0,"master_deck":["Strike_R+1","Strike_R+1","Defend_R+1","Defend_R+1","Defend_R+1","Bash","Offering+1","Shockwave+1","Anger","Whirlwind+1","Battle Trance","Inflame+1","Feed+1","Limit Break+1","Spot Weakness","Impervious","Dark Shackles","True Grit+1"],"relics":["Burning Blood","Tiny Chest","Pear","Oddly Smooth Stone","Empty Cage","Bag of Marbles","Thread and Needle","Old Coin","Membership Card","Bottled Lightning","Matryoshka"],"acts_visited":["Exordium","TheCity"],"potions_floor_usage":[16,33,33,33],"damage_taken":[{"damage":7,"enemies":"Small Slimes","floor":1,"turns":4},{"damage":5,"enemies":"2 Louse","floor":4,"turns":4},{"damage":4,"enemies":"Cultist","floor":5,"turns":3},{"damage":11,"enemies":"Looter","floor":8,"turns":3},{"damage":14,"enemies":"Lagavulin","floor":12,"turns":5},{"damage":12,"enemies":"2 Fungi Beasts","floor":13,"turns":4},{"damage":11,"enemies":"Large Slime","floor":14,"turns":5},{"damage":36,"enemies":"The Guardian","floor":16,"turns":10},{"damage":14,"enemies":"Chosen","floor":18,"turns":3},{"damage":7,"enemies":"Spheric Guardian","floor":22,"turns":3},{"damage":39,"enemies":"Slavers","floor":23,"turns":4},{"damage":6,"enemies":"Gremlin Leader","floor":25,"turns":5},{"damage":16,"enemies":"Snake Plant","floor":28,"turns":6},{"damage":72,"enemies":"Automaton","floor":33,"turns":6}],"seed_played":"-7185046307381010114","potions_obtained":[{"floor":1,"key":"ColorlessPotion"},{"floor":5,"key":"Weak Potion"},{"floor":8,"key":"EntropicBrew"},{"floor":13,"key":"DistilledChaos"},{"floor":18,"key":"Fire Potion"},{"floor":22,"key":"Fire Potion"}],"is_trial":false,"path_per_floor":["M","?","?","M","M","R","?","M","T","R","$","E","M","M","R","B",null,"M","$","?","T","M","E","$","E","T","R","M","R","?","?","R","B"],"character_chosen":"IRONCLAD","items_purchased":["Inflame","Bag of Marbles","Membership Card","Impervious","Dark Shackles"],"campfire_rested":0,"item_purchase_floors":[11,19,24,24,24],"current_hp_per_floor":[55,60,60,61,63,63,73,68,68,68,68,60,57,55,55,25,101,96,96,96,96,98,68,68,71,71,71,64,64,64,64,64,0,0],"gold":253,"neow_bonus":"THREE_RARE_CARDS","is_daily":false,"chose_seed":false,"campfire_upgraded":6,"win_rate":0.0,"timestamp":1613445237,"path_taken":["M","?","?","M","?","R","?","M","T","R","$","E","M","M","R","BOSS","M","$","?","?","?","E","$","E","T","R","M","R","?","?","R","BOSS"],"items_purchased_type":["Card","Relic","Relic","Card","Card"],"build_version":"2020-12-22","purchased_purges":2,"victory":false,"max_hp_per_floor":[80,85,85,85,85,85,95,95,95,95,95,95,98,101,101,101,101,104,104,104,104,107,110,110,113,113,113,116,116,116,116,116,116,116],"relic_stats":{"counters":[14,65],"Tiny Chest":1,"obtain_stats":[{"Pear":7,"Matryoshka":26,"Oddly Smooth Stone":12,"Tiny Chest":3,"Thread and Needle":21,"Bag of Marbles":19,"Membership Card":24,"Bottled Lightning":25,"Empty Cage":17,"Burning Blood":0,"Old Coin":23},{"Pear":3,"Matryoshka":12,"Oddly Smooth Stone":5,"Tiny Chest":1,"Thread and Needle":9,"Bag of Marbles":9,"Membership Card":11,"Bottled Lightning":12,"Empty Cage":8,"Burning Blood":0,"Old Coin":11},{"Pear":11,"Matryoshka":53,"Oddly Smooth Stone":19,"Tiny Chest":4,"Thread and Needle":41,"Bag of Marbles":41,"Membership Card":48,"Bottled Lightning":53,"Empty Cage":38,"Burning Blood":0,"Old Coin":48}],"Burning Blood":78},"card_choices":[{"not_picked":["Reaper","Fiend Fire"],"picked":"Offering","floor":0},{"not_picked":["Dual Wield","True Grit"],"picked":"Shockwave","floor":1},{"not_picked":["Perfected Strike","Thunderclap"],"picked":"Anger","floor":4},{"not_picked":["Anger","Rupture"],"picked":"Whirlwind","floor":5},{"not_picked":["Perfected Strike","Sword Boomerang"],"picked":"Battle Trance","floor":8},{"not_picked":["Dropkick","Pummel"],"picked":"Feed","floor":12},{"not_picked":["Dual Wield","Clothesline","Wild Strike"],"picked":"SKIP","floor":13},{"not_picked":["Entrench","Armaments","Anger"],"picked":"SKIP","floor":14},{"not_picked":["Feed","Reaper"],"picked":"Limit Break","floor":16},{"not_picked":["Clash+1","Cleave","Flex"],"picked":"SKIP","floor":18},{"not_picked":["Sentinel","Second Wind","Flex"],"picked":"SKIP","floor":22},{"not_picked":["Flex","Shockwave"],"picked":"Spot Weakness","floor":23},{"not_picked":["Warcry","Metallicize","Wild Strike"],"picked":"SKIP","floor":25},{"not_picked":["Evolve","Twin Strike+1"],"picked":"True Grit+1","floor":28}],"player_experience":1814900,"relics_obtained":[{"floor":12,"key":"Oddly Smooth Stone"},{"floor":21,"key":"Thread and Needle"},{"floor":23,"key":"Old Coin"},{"floor":25,"key":"Bottled Lightning"},{"floor":26,"key":"Matryoshka"}],"event_choices":[{"damage_healed":0,"gold_gain":0,"player_choice":"Donut","damage_taken":0,"max_hp_gain":5,"max_hp_loss":0,"event_name":"Big Fish","floor":2,"gold_loss":0},{"damage_healed":0,"gold_gain":0,"player_choice":"Gave Potion","damage_taken":0,"relics_obtained":["Tiny Chest"],"max_hp_gain":0,"max_hp_loss":0,"event_name":"WeMeetAgain","floor":3,"gold_loss":0},{"damage_healed":0,"gold_gain":30,"player_choice":"Searched \u00273\u0027 times","damage_taken":0,"relics_obtained":["Pear"],"max_hp_gain":0,"max_hp_loss":0,"event_name":"Dead Adventurer","floor":7,"gold_loss":0},{"damage_healed":0,"gold_gain":0,"player_choice":"Ignored","damage_taken":0,"max_hp_gain":0,"max_hp_loss":0,"event_name":"Vampires","floor":20,"gold_loss":0},{"damage_healed":0,"gold_gain":99,"player_choice":"Stole From Cult","damage_taken":0,"max_hp_gain":0,"max_hp_loss":0,"event_name":"Nest","floor":30,"gold_loss":0},{"damage_healed":0,"gold_gain":0,"player_choice":"Simplicity","damage_taken":0,"max_hp_gain":0,"max_hp_loss":0,"event_name":"Back to Basics","floor":31,"gold_loss":0,"cards_upgraded":["Strike_R","Strike_R","Defend_R","Defend_R","Defend_R"]}],"is_beta":false,"boss_relics":[{"not_picked":["Calling Bell","Black Blood"],"picked":"Empty Cage"}],"items_purged_floors":[11,24],"is_endless":false,"potions_floor_spawned":[1,5,8,13,18,22,28],"killed_by":"Automaton","ascension_level":2}}