{"host":"2d926qfvvz477zl6","time":1613439424,"event":{"mods":["Aspiration","BaseMod","Challenge The Spire","Conspire","Downfall","GifTheSpireLib","GungeonMod","Halation","Hermit","Hubris","Infinite Spire","Minty Spire (QoL Compilation)","Morshu Shopkeeper","Permanent Neow","Rare Cards Sparkle","Reliquary","Replay The Spire","Shedinja","Somnambulant","Spicy Shops","StSLib","Stuff the Spire","Td1madao Mod","The Blue Laboratory","The Bug Knight","The Disciple","The Forsaken","The Hierophant","The Judge","The Senshi","Wandering Minibosses","Wide Potions","everything is the same but u backflip on backflip","slay the spire mod where everything is the same but ironclad has a cowboy hat"],"gold_per_floor":[152,202,202,47,80,80,131,131,131,131,131,131,170,212,212,316,316,353,353,366,410,429,429,429],"floor_reached":23,"language":"ENG","playtime":771,"items_purged":[],"score":250,"play_id":"3a95c337-6fc0-4af4-8297-0c11cd637d6e","local_time":"20210215203704","is_ascension_mode":true,"campfire_choices":[{"data":"HandOfGreed","floor":6.0,"key":"SMITH"},{"data":"Replay:BasicMightCard","floor":8.0,"key":"SMITH"},{"data":"hermit:Cheat","floor":10.0,"key":"SMITH"},{"data":"hermit:Glare","floor":15.0,"key":"SMITH"}],"circlet_count":0,"master_deck":["hermit:Strike_Hermit+1","hermit:Strike_Hermit+1","hermit:Strike_Hermit+1","hermit:Strike_Hermit+1","hermit:Defend_Hermit","hermit:Defend_Hermit","hermit:Defend_Hermit","hermit:Defend_Hermit","hermit:Snapshot+1","hermit:Covet","HandOfGreed+1","hermit:WideOpen+1","hermit:Glare+1","Replay:BasicMightCard+1","hermit:Deadeye+1","hermit:Cheat+1","hermit:Snipe","hermit:Midnight","hermit:FatalDesire","hermit:HighCaliber","hermit:ShadowCloak","hermit:EyeOfTheStorm+1","hermit:Cheat"],"relics":["hermit:Momento","halation:EternalFortune","StrikeDummy","Letter Opener","Shedinja:ExtraMaxHp","hubris:Backtick","Du-Vu Doll","Spirit Poop"],"acts_visited":["Exordium","TheCity"],"potions_floor_usage":[21,23],"damage_taken":[{"damage":0.0,"enemies":"2 Louse","floor":1.0,"turns":4.0},{"damage":0.0,"enemies":"Small Slimes","floor":2.0,"turns":3.0},{"damage":9.0,"enemies":"Jaw Worm","floor":5.0,"turns":2.0},{"damage":25.0,"enemies":"Lagavulin","floor":7.0,"turns":4.0},{"damage":0.0,"enemies":"Lots of Slimes","floor":13.0,"turns":3.0},{"damage":0.0,"enemies":"Gremlin Gang","floor":14.0,"turns":3.0},{"damage":23.0,"enemies":"The Guardian","floor":16.0,"turns":10.0},{"damage":4.0,"enemies":"3 Byrds","floor":18.0,"turns":3.0},{"damage":5,"enemies":"Shell Parasite","floor":20,"turns":3},{"damage":18,"enemies":"Centurion and Healer","floor":21,"turns":5},{"damage":0,"enemies":"Snake Plant","floor":22,"turns":2},{"damage":32,"enemies":"Book of Stabbing","floor":23,"turns":5}],"seed_played":"-4006260825060672854","potions_obtained":[{"floor":5.0,"key":"Milkshake"},{"floor":7.0,"key":"DemoMod:LeadSkinPotion"},{"floor":13.0,"key":"blueLaboratory:TrueEctoplasm"},{"floor":18.0,"key":"Explosive Potion"},{"floor":21,"key":"Dexterity Potion"},{"floor":22,"key":"SpeedPotion"}],"is_trial":false,"path_per_floor":["M","M","?","$","M","R","E","R","T","R","?","?","M","M","R","B",null,"M","?","M","M","M","E"],"character_chosen":"HERMIT","items_purchased":["Centennial Puzzle","Replay:BasicMightCard"],"campfire_rested":0,"item_purchase_floors":[4,4],"current_hp_per_floor":[68,68,71,71,62,62,37,37,37,37,37,37,37,37,37,14,57,53,53,48,30,30,0,0],"gold":429,"neow_bonus":"RANDOM_COLORLESS_2","is_daily":false,"chose_seed":false,"campfire_upgraded":4,"win_rate":0.0,"timestamp":1613439424,"path_taken":["M","M","?","$","M","R","E","R","T","R","?","?","M","M","R","BOSS","M","?","?","M","?","E"],"items_purchased_type":["Relic","Card"],"build_version":"2020-12-22","purchased_purges":0,"victory":false,"max_hp_per_floor":[68,68,71,71,71,71,71,71,71,71,71,71,71,71,71,71,71,71,71,71,71,71,71,71],"card_choices":[{"not_picked":["Secret Weapon","The Bomb"],"picked":"HandOfGreed","floor":0.0},{"not_picked":["hermit:Deadeye","hermit:Brawl"],"picked":"hermit:WideOpen","floor":1.0},{"not_picked":["hermit:Feint","hermit:Virtue"],"picked":"hermit:Glare","floor":2.0},{"not_picked":["hermit:Manifest","hermit:Cheat"],"picked":"hermit:Deadeye","floor":5.0},{"not_picked":["hermit:DeadMansHand","hermit:Feint"],"picked":"hermit:Cheat","floor":7.0},{"not_picked":["hermit:OverwhelmingPower","hermit:Manifest"],"picked":"hermit:Snipe","floor":13.0},{"not_picked":["hermit:Roulette","hermit:Glare"],"picked":"hermit:Midnight","floor":14.0},{"not_picked":["hermit:Purgatory","hermit:OverwhelmingPower"],"picked":"hermit:FatalDesire","floor":16.0},{"not_picked":["hermit:Roulette","hermit:LowProfile"],"picked":"hermit:HighCaliber","floor":18.0},{"not_picked":["hermit:Ricochet","hermit:Combo"],"picked":"hermit:ShadowCloak","floor":20},{"not_picked":["hermit:Manifest","hermit:Malice"],"picked":"hermit:EyeOfTheStorm+1","floor":21},{"not_picked":["hermit:SprayPray","hermit:LoneWolf"],"picked":"hermit:Cheat","floor":22}],"player_experience":439723,"relics_obtained":[{"floor":7.0,"key":"StrikeDummy"},{"floor":9.0,"key":"Letter Opener"}],"event_choices":[],"is_beta":false,"boss_relics":[{"not_picked":["Calling Bell","halation:LoveArrow"],"picked":"hubris:Backtick"}],"items_purged_floors":[],"is_endless":false,"potions_floor_spawned":[5,7,13,18,21,22],"killed_by":"Book of Stabbing","ascension_level":6}}