{"host":"6gwm7y0tp7acoxay","time":1613438544,"event":{"mods":["BaseMod","Colored Map","Keyboard Shortcuts","Minty Spire (QoL Compilation)","Quick Restart","StSLib","SuperFastMode","everything is the same but u backflip on backflip"],"gold_per_floor":[112,112,112,112,162,195,213,213,237,266,266,8,34,68,68,147,147,126,142,162,87,287,318,343,370,424,450,450,463,388,417,417,490,490,506,506,168,168,182,207,238,565,565,565,597,622,622,657,657,657,657,657,657,158,189,189],"floor_reached":57,"language":"KOR","playtime":2175,"items_purged":["Shrug It Off","Thunderclap"],"score":3692,"play_id":"d438703c-e732-4230-8196-9351a298bc21","local_time":"20210216102224","daily_mods":["SealedDeck","Heirloom","Flight"],"is_ascension_mode":true,"campfire_choices":[{"data":"Disarm","floor":8.0,"key":"SMITH"},{"data":"True Grit","floor":11.0,"key":"SMITH"},{"data":"Apotheosis","floor":15.0,"key":"SMITH"},{"floor":28.0,"key":"RECALL"},{"floor":32,"key":"REST"},{"data":"Feel No Pain","floor":44,"key":"SMITH"},{"floor":49,"key":"REST"},{"data":"Evolve","floor":53,"key":"SMITH"}],"circlet_count":0,"master_deck":["AscendersBane","Intimidate+1","Feel No Pain+1","True Grit+1","Disarm+1","Rampage+1","Seeing Red+1","Apotheosis+1","Fire Breathing","Double Tap","Power Through","Evolve+1","Uppercut","Offering","Immolate","Deep Breath"],"relics":["Burning Blood","Gambling Chip","Shuriken","War Paint","Happy Flower","Calipers","Bag of Preparation","Empty Cage","Regal Pillow","Eternal Feather","Prayer Wheel","Art of War","Boot","Paper Frog","Black Star","Medical Kit","Omamori","Blood Vial","Lantern","Singing Bowl","Old Coin","Lizard Tail","Bag of Marbles","Dream Catcher","Centennial Puzzle","Pear","Magic Flower","White Beast Statue","Oddly Smooth Stone","StoneCalendar","Sundial"],"acts_visited":["TheCity","TheBeyond","TheEnding"],"potions_floor_usage":[40,42,46,48,55,56],"damage_taken":[{"damage":0.0,"enemies":"Jaw Worm","floor":1.0,"turns":4.0},{"damage":13.0,"enemies":"Gremlin Nob","floor":6.0,"turns":4.0},{"damage":0.0,"enemies":"2 Louse","floor":7.0,"turns":3.0},{"damage":9.0,"enemies":"Lagavulin","floor":10.0,"turns":6.0},{"damage":17.0,"enemies":"3 Sentries","floor":13.0,"turns":4.0},{"damage":4.0,"enemies":"Gremlin Nob","floor":14.0,"turns":3.0},{"damage":0.0,"enemies":"Hexaghost","floor":16.0,"turns":6.0},{"damage":0.0,"enemies":"2 Thieves","floor":18.0,"turns":4.0},{"damage":7.0,"enemies":"Shell Parasite","floor":19.0,"turns":4.0},{"damage":0.0,"enemies":"Snecko","floor":20.0,"turns":5.0},{"damage":8.0,"enemies":"Book of Stabbing","floor":23.0,"turns":5.0},{"damage":31.0,"enemies":"Slavers","floor":24.0,"turns":3.0},{"damage":38.0,"enemies":"Gremlin Leader","floor":25.0,"turns":7.0},{"damage":2.0,"enemies":"Book of Stabbing","floor":27.0,"turns":5.0},{"damage":16.0,"enemies":"Centurion and Healer","floor":29.0,"turns":6.0},{"damage":12,"enemies":"Gremlin Leader","floor":31,"turns":5},{"damage":44,"enemies":"Collector","floor":33,"turns":7},{"damage":6,"enemies":"Orb Walker","floor":35,"turns":2},{"damage":6,"enemies":"3 Shapes","floor":39,"turns":2},{"damage":47,"enemies":"Reptomancer","floor":40,"turns":4},{"damage":6,"enemies":"Nemesis","floor":41,"turns":5},{"damage":9,"enemies":"Reptomancer","floor":42,"turns":4},{"damage":19,"enemies":"Nemesis","floor":45,"turns":5},{"damage":38,"enemies":"Giant Head","floor":46,"turns":7},{"damage":6,"enemies":"Reptomancer","floor":48,"turns":4},{"damage":18,"enemies":"Time Eater","floor":50,"turns":7},{"damage":6,"enemies":"Awakened One","floor":51,"turns":9},{"damage":6,"enemies":"Shield and Spear","floor":55,"turns":5},{"damage":82,"enemies":"The Heart","floor":56,"turns":7}],"seed_played":"-2057518861101962930","potions_obtained":[{"floor":7.0,"key":"AttackPotion"},{"floor":13.0,"key":"BloodPotion"},{"floor":23.0,"key":"SpeedPotion"},{"floor":25.0,"key":"Fire Potion"},{"floor":31,"key":"Regen Potion"},{"floor":40,"key":"GamblersBrew"},{"floor":45,"key":"Block Potion"},{"floor":55,"key":"PowerPotion"}],"is_trial":true,"path_per_floor":["M","?","?","?","?","E","M","R","T","E","R","$","E","E","R","B",null,"M","M","M","?","?","E","E","E","T","E","R","M","$","E","R","B",null,"M","?","$","?","M","E","E","E","T","R","E","E","?","E","R","B","B",null,"R","$","E","B",null],"character_chosen":"IRONCLAD","items_purchased":["Apotheosis","Fire Breathing","Medical Kit","Omamori","Oddly Smooth Stone","Deep Breath","GamblersBrew","AttackPotion"],"campfire_rested":2,"item_purchase_floors":[12,12,37,37,54,54,54,54],"current_hp_per_floor":[74,67,67,72,64,57,63,63,63,60,60,60,49,51,51,57,74,80,79,80,80,80,78,53,37,37,41,50,40,40,34,80,42,71,71,90,90,90,90,49,53,66,66,75,66,48,48,52,111,103,109,111,112,112,114,41],"gold":189,"neow_bonus":"","is_daily":false,"chose_seed":false,"campfire_upgraded":5,"win_rate":0.0,"timestamp":1613438544,"path_taken":["M","?","?","?","?","E","?","R","T","E","R","?","E","E","R","BOSS","M","?","?","?","?","E","E","E","T","E","R","?","$","E","R","BOSS","M","?","?","?","?","E","E","E","T","R","E","E","?","E","R","BOSS","BOSS","R","$","E","BOSS"],"items_purchased_type":["Card","Card","Relic","Relic","Relic","Card","Potion","Potion"],"build_version":"2020-12-22","purchased_purges":2,"victory":true,"max_hp_per_floor":[75,75,75,80,80,80,80,80,80,80,80,80,80,80,80,80,80,80,80,80,80,80,80,80,80,80,80,80,80,80,80,80,80,80,80,90,90,90,90,90,92,94,94,94,96,108,108,110,112,112,112,112,112,112,114,114],"card_choices":[{"not_picked":["Anger","Pommel Strike"],"picked":"Rampage","floor":1.0},{"not_picked":["Dual Wield","Burning Pact"],"picked":"Seeing Red","floor":6.0},{"not_picked":["Shrug It Off","Warcry","Wild Strike"],"picked":"SKIP","floor":7.0},{"not_picked":["Shrug It Off","Warcry","Wild Strike"],"picked":"SKIP","floor":7.0},{"not_picked":["Ghostly Armor","Carnage","Iron Wave"],"picked":"SKIP","floor":10.0},{"not_picked":["Bloodletting","Pommel Strike","Heavy Blade"],"picked":"SKIP","floor":13.0},{"not_picked":["Heavy Blade","Flex"],"picked":"Double Tap","floor":14.0},{"not_picked":["Feed","Brutality"],"picked":"Limit Break","floor":16.0},{"not_picked":["True Grit","Dropkick+1"],"picked":"Power Through","floor":18.0},{"not_picked":["Intimidate","Flame Barrier","Cleave"],"picked":"SKIP","floor":19.0},{"not_picked":["Rupture","Twin Strike"],"picked":"Evolve","floor":20.0},{"not_picked":["Sever Soul+1","Armaments"],"picked":"Inflame","floor":23.0},{"not_picked":["Brutality","Blood for Blood","Body Slam"],"picked":"SKIP","floor":24.0},{"not_picked":["Wild Strike","Iron Wave"],"picked":"Uppercut","floor":25.0},{"not_picked":["Anger","Rupture+1","Clash"],"picked":"SKIP","floor":27.0},{"not_picked":["Pommel Strike","Iron Wave","Headbutt"],"picked":"SKIP","floor":29.0},{"not_picked":["True Grit","Perfected Strike+1","Armaments"],"picked":"SKIP","floor":29.0},{"not_picked":["Twin Strike","Heavy Blade"],"picked":"Offering","floor":31},{"not_picked":["Feed","Offering"],"picked":"Immolate","floor":33},{"not_picked":["True Grit+1","Havoc","Shrug It Off"],"picked":"SKIP","floor":35},{"not_picked":["Blood for Blood","Armaments","Shrug It Off+1"],"picked":"SKIP","floor":35},{"not_picked":["Clothesline","Double Tap","Iron Wave"],"picked":"SKIP","floor":39},{"not_picked":["True Grit","Sever Soul","Clothesline+1"],"picked":"SKIP","floor":39},{"not_picked":["Twin Strike","Heavy Blade","Rage"],"picked":"SKIP","floor":40},{"not_picked":["Sword Boomerang","Exhume","Clash+1"],"picked":"Singing Bowl","floor":41},{"not_picked":["Ghostly Armor+1","True Grit","Anger+1"],"picked":"Singing Bowl","floor":42},{"not_picked":["Power Through+1","Flex","Corruption"],"picked":"Singing Bowl","floor":45},{"not_picked":["Armaments","Body Slam","Cleave"],"picked":"Singing Bowl","floor":46},{"not_picked":["Blood for Blood","True Grit","Perfected Strike"],"picked":"Singing Bowl","floor":48},{"not_picked":["Thunderclap","Pummel+1","Intimidate"],"picked":"Singing Bowl","floor":49},{"not_picked":["Shrug It Off","Combust+1","Disarm+1"],"picked":"Singing Bowl","floor":55}],"player_experience":4551303,"relics_obtained":[{"floor":6.0,"key":"Shuriken"},{"floor":9.0,"key":"War Paint"},{"floor":10.0,"key":"Happy Flower"},{"floor":13.0,"key":"Calipers"},{"floor":14.0,"key":"Bag of Preparation"},{"floor":23.0,"key":"Regal Pillow"},{"floor":24.0,"key":"Eternal Feather"},{"floor":25.0,"key":"Prayer Wheel"},{"floor":26.0,"key":"Art of War"},{"floor":27.0,"key":"Boot"},{"floor":31,"key":"Paper Frog"},{"floor":40,"key":"Blood Vial"},{"floor":41,"key":"Lantern"},{"floor":41,"key":"Singing Bowl"},{"floor":42,"key":"Old Coin"},{"floor":42,"key":"Lizard Tail"},{"floor":45,"key":"Bag of Marbles"},{"floor":45,"key":"Dream Catcher"},{"floor":46,"key":"Centennial Puzzle"},{"floor":46,"key":"Pear"},{"floor":48,"key":"Magic Flower"},{"floor":48,"key":"White Beast Statue"},{"floor":55,"key":"StoneCalendar"},{"floor":55,"key":"Sundial"}],"event_choices":[{"cards_removed":["Sword Boomerang"],"damage_healed":0.0,"max_hp_gain":0.0,"max_hp_loss":0.0,"gold_gain":0.0,"event_name":"Golden Wing","player_choice":"Card Removal","floor":2.0,"gold_loss":0.0,"damage_taken":7.0},{"damage_healed":0.0,"max_hp_gain":0.0,"max_hp_loss":0.0,"gold_gain":0.0,"event_name":"Living Wall","player_choice":"Grow","floor":3.0,"gold_loss":0.0,"damage_taken":0.0,"cards_upgraded":["Rampage"]},{"damage_healed":0.0,"max_hp_gain":5.0,"max_hp_loss":0.0,"gold_gain":0.0,"event_name":"Big Fish","player_choice":"Donut","floor":4.0,"gold_loss":0.0,"damage_taken":0.0},{"damage_healed":0.0,"max_hp_gain":0.0,"max_hp_loss":0.0,"gold_gain":50.0,"event_name":"FaceTrader","player_choice":"Touch","floor":5.0,"gold_loss":0.0,"damage_taken":8.0},{"cards_removed":["Flame Barrier"],"damage_healed":0.0,"max_hp_gain":0.0,"max_hp_loss":0.0,"gold_gain":0.0,"event_name":"Beggar","player_choice":"Gave Gold","floor":21.0,"gold_loss":75.0,"damage_taken":0.0},{"damage_healed":0.0,"max_hp_gain":0.0,"max_hp_loss":0.0,"gold_gain":200.0,"event_name":"Wheel of Change","player_choice":"Gold","floor":22.0,"gold_loss":0.0,"damage_taken":0.0},{"cards_removed":["Limit Break"],"damage_healed":9,"gold_gain":0,"player_choice":"Offered Rare","damage_taken":0,"max_hp_gain":10,"max_hp_loss":0,"event_name":"Bonfire Elementals","floor":36,"gold_loss":0},{"damage_healed":0,"gold_gain":0,"player_choice":"Got Potions","damage_taken":0,"max_hp_gain":0,"max_hp_loss":0,"event_name":"Lab","floor":38,"gold_loss":0},{"cards_removed":["Inflame"],"damage_healed":0,"gold_gain":0,"player_choice":"Removed Power","damage_taken":0,"max_hp_gain":0,"max_hp_loss":0,"event_name":"Falling","floor":47,"gold_loss":0}],"is_beta":false,"boss_relics":[{"not_picked":["Snecko Eye","Philosopher\u0027s Stone"],"picked":"Empty Cage"},{"not_picked":["Tiny House","Calling Bell"],"picked":"Black Star"}],"items_purged_floors":[30,54],"is_endless":false,"potions_floor_spawned":[7,13,23,24,25,27,31,33,35,40,45,55],"ascension_level":20}}