{"host":"eaiphzh066bwqdh7","time":1613510895,"event":{"mods":["AchievementEnabler","BaseMod","Better Note","Colored Powertips","Halation","Hubris","Infinite Spire","Minty Spire (QoL Compilation)","Quick Restart","Reliquary","Replay The Spire","StSLib"],"gold_per_floor":[118,147,147,72,92,92,104,104,104,104,119,119,119,138,138,243,243,258,258,270,270,270],"floor_reached":21,"language":"ENG","playtime":707,"items_purged":["Strike_G"],"score":203,"play_id":"9116be97-5cf8-4155-ad79-9472141c43e7","local_time":"20210216162815","is_ascension_mode":true,"campfire_choices":[{"floor":6,"key":"REST"},{"floor":8,"key":"REST"},{"floor":12,"key":"REST"},{"floor":15,"key":"REST"}],"circlet_count":0,"master_deck":["Strike_G","Strike_G","Strike_G","Strike_G","Defend_G","Defend_G","Defend_G","Defend_G","Survivor","Neutralize","Venomology","Slice","Hidden Blade","infinitespire:NeuralNetwork","Deadly Poison","Adrenaline","Flying Knee+1","hubris:InfiniteBlow"],"relics":["Ring of the Snake","hubris:CuriousFeather","hubris:BottledRain","hubris:HollowSoul"],"acts_visited":["Exordium","TheCity"],"potions_floor_usage":[1,11,16,16,16,16,20,20,20,21],"damage_taken":[{"damage":0,"enemies":"Jaw Worm","floor":1,"turns":1},{"damage":0,"enemies":"2 Louse","floor":5,"turns":2},{"damage":13,"enemies":"Small Slimes","floor":7,"turns":3},{"damage":4,"enemies":"Exordium Wildlife","floor":11,"turns":4},{"damage":22,"enemies":"3 Louse","floor":14,"turns":4},{"damage":57,"enemies":"Fading Forest","floor":16,"turns":11},{"damage":32,"enemies":"3 Byrds","floor":18,"turns":5},{"damage":10,"enemies":"Spheric Guardian","floor":20,"turns":4},{"damage":0,"enemies":"Snake Plant","floor":21,"turns":1}],"seed_played":"3389901381924344648","potions_obtained":[{"floor":7,"key":"ColorlessPotion"},{"floor":14,"key":"Reflective Coating"},{"floor":16,"key":"Elixir"},{"floor":18,"key":"DuplicationPotion"}],"is_trial":false,"path_per_floor":["M","?","?","$","M","R","M","R","T","$","M","R","?","M","R","B",null,"M","AVR","M","M"],"character_chosen":"THE_SILENT","items_purchased":[],"campfire_rested":4,"item_purchase_floors":[],"current_hp_per_floor":[70,42,26,26,26,47,34,55,55,55,51,70,63,41,62,31,70,38,38,28,14,14],"gold":270,"neow_bonus":"ONE_RANDOM_RARE_CARD","is_daily":false,"chose_seed":false,"campfire_upgraded":0,"win_rate":0.0,"timestamp":1613510895,"path_taken":["M","?","?","?","M","R","M","R","T","?","M","R","?","M","R","BOSS","M","AVR","M","M"],"items_purchased_type":[],"build_version":"2020-12-22","purchased_purges":1,"victory":false,"max_hp_per_floor":[70,70,70,70,70,70,70,70,70,70,70,70,70,70,70,70,70,70,70,70,14,14],"card_choices":[{"not_picked":["Infinite Blades","Tactician"],"picked":"Slice","floor":1},{"not_picked":["Outmaneuver","ReplayTheSpireMod:Speed Training"],"picked":"Hidden Blade","floor":2},{"not_picked":["infinitespire:SealOfDarkness+","infinitespire:Execution"],"picked":"infinitespire:NeuralNetwork","floor":3},{"not_picked":["Terror","Sucker Punch"],"picked":"Deadly Poison","floor":5},{"not_picked":["Heel Hook","Acrobatics","Dagger Throw"],"picked":"SKIP","floor":7},{"not_picked":["Dodge and Roll","Calculated Gamble","Sucker Punch"],"picked":"SKIP","floor":11},{"not_picked":["hubris:Counter","hubris:Sniper","PiercingWail"],"picked":"SKIP","floor":14},{"not_picked":["Poison Darts","Unload"],"picked":"Adrenaline","floor":16},{"not_picked":["Deflect","Choke+1"],"picked":"Flying Knee+1","floor":18},{"not_picked":["Heel Hook","hubris:Sniper","Hidden Blade"],"picked":"SKIP","floor":20}],"player_experience":313956,"relics_obtained":[{"floor":2,"key":"hubris:CuriousFeather"},{"floor":9,"key":"hubris:BottledRain"}],"event_choices":[{"cards_removed":["Defend_G"],"damage_healed":0,"gold_gain":0,"player_choice":"Card Removal","damage_taken":7,"max_hp_gain":0,"max_hp_loss":0,"event_name":"Golden Wing","floor":13,"gold_loss":0}],"is_beta":false,"boss_relics":[{"not_picked":["halation:SmartPhone","Abe\u0027s Treasure"],"picked":"hubris:HollowSoul"}],"items_purged_floors":[4],"is_endless":false,"potions_floor_spawned":[7,14,16,18],"killed_by":"Snake Plant","ascension_level":4}}