{"host":"i09pxcjttd31eh4q","time":1613480633,"event":{"mods":["AchievementEnabler","BaseMod","Colored Map","Keyboard Shortcuts","Minty Spire (QoL Compilation)","StSLib","SuperFastMode"],"gold_per_floor":[115,115,126,139,155,185,185,34,59,85,97,136,148,180,192,280,292,322,334,85,85,95,95,95,95,95,95,112,131,131,131,131,208,208,224,224,242,267,267,267,293,305,353,228,253,273,273,288,288,288,288,288,288,65,98,98],"floor_reached":57,"language":"KOR","playtime":2677,"items_purged":["Strike_G","Strike_G","Dagger Spray"],"score":3190,"play_id":"15419976-7007-47cc-83c6-47eb6fd3f829","local_time":"20210216220353","is_ascension_mode":true,"campfire_choices":[{"data":"Eviscerate","floor":7.0,"key":"SMITH"},{"data":"Tactician","floor":11.0,"key":"SMITH"},{"data":"After Image","floor":13.0,"key":"SMITH"},{"data":"Well Laid Plans","floor":15.0,"key":"SMITH"},{"data":"Prepared","floor":23.0,"key":"SMITH"},{"data":"Neutralize","floor":27.0,"key":"SMITH"},{"data":"Footwork","floor":30.0,"key":"SMITH"},{"floor":32.0,"key":"REST"},{"floor":40.0,"key":"RECALL"},{"data":"Acrobatics","floor":47.0,"key":"SMITH"},{"data":"Calculated Gamble","floor":49.0,"key":"SMITH"},{"data":"Deflect","floor":53.0,"key":"SMITH"}],"circlet_count":0,"master_deck":["AscendersBane","Defend_G","Defend_G","Defend_G","Defend_G","Survivor","Neutralize+1","Backstab","Backflip","Eviscerate+1","Deflect+1","After Image+1","Backflip","Well Laid Plans+1","Tactician+1","Die Die Die","Footwork+1","After Image+1","Prepared+1","Dagger Throw","Grand Finale","Prepared+1","Backflip","Acrobatics+1","Calculated Gamble+1","Deflect"],"relics":["Ring of the Snake","NeowsBlessing","Bag of Preparation","MawBank","PreservedInsect","Empty Cage","DollysMirror","Coffee Dripper","Du-Vu Doll","Oddly Smooth Stone","MealTicket","Toy Ornithopter","Pen Nib","OrangePellets","Bronze Scales"],"acts_visited":["Exordium","TheCity","TheBeyond","TheEnding"],"potions_floor_usage":[56,56],"damage_taken":[{"damage":0.0,"enemies":"2 Louse","floor":1.0,"turns":1.0},{"damage":0.0,"enemies":"Cultist","floor":3.0,"turns":1.0},{"damage":0.0,"enemies":"Jaw Worm","floor":4.0,"turns":1.0},{"damage":8.0,"enemies":"Large Slime","floor":5.0,"turns":9.0},{"damage":0.0,"enemies":"Lagavulin","floor":6.0,"turns":6.0},{"damage":0.0,"enemies":"Blue Slaver","floor":10.0,"turns":5.0},{"damage":9.0,"enemies":"3 Sentries","floor":12.0,"turns":9.0},{"damage":0.0,"enemies":"2 Fungi Beasts","floor":14.0,"turns":4.0},{"damage":0.0,"enemies":"The Guardian","floor":16.0,"turns":14.0},{"damage":0.0,"enemies":"3 Byrds","floor":18.0,"turns":9.0},{"damage":15.0,"enemies":"2 Thieves","floor":22.0,"turns":5.0},{"damage":25.0,"enemies":"Chosen and Byrds","floor":28.0,"turns":12.0},{"damage":0.0,"enemies":"Snake Plant","floor":29.0,"turns":6.0},{"damage":16.0,"enemies":"Collector","floor":33.0,"turns":15.0},{"damage":0.0,"enemies":"Orb Walker","floor":35.0,"turns":6.0},{"damage":0.0,"enemies":"3 Darklings","floor":37.0,"turns":4.0},{"damage":0.0,"enemies":"Mind Bloom Boss Battle","floor":38.0,"turns":12.0},{"damage":0.0,"enemies":"Giant Head","floor":41.0,"turns":5.0},{"damage":12.0,"enemies":"4 Shapes","floor":42.0,"turns":4.0},{"damage":0.0,"enemies":"Reptomancer","floor":45.0,"turns":4.0},{"damage":0.0,"enemies":"Spire Growth","floor":46.0,"turns":4.0},{"damage":0.0,"enemies":"3 Darklings","floor":48.0,"turns":2.0},{"damage":0.0,"enemies":"Awakened One","floor":50.0,"turns":8.0},{"damage":0.0,"enemies":"Donu and Deca","floor":51.0,"turns":5.0},{"damage":16.0,"enemies":"Shield and Spear","floor":55.0,"turns":5.0},{"damage":24,"enemies":"The Heart","floor":56,"turns":9}],"seed_played":"3401706174782095610","potions_obtained":[{"floor":1.0,"key":"Block Potion"},{"floor":3.0,"key":"SpeedPotion"},{"floor":4.0,"key":"ColorlessPotion"},{"floor":6.0,"key":"FearPotion"},{"floor":16.0,"key":"Block Potion"},{"floor":18.0,"key":"GhostInAJar"},{"floor":33.0,"key":"EntropicBrew"},{"floor":35.0,"key":"Poison Potion"},{"floor":41.0,"key":"SkillPotion"},{"floor":46.0,"key":"Block Potion"},{"floor":48.0,"key":"Ancient Potion"},{"floor":55.0,"key":"AttackPotion"}],"is_trial":false,"path_per_floor":["M","?","M","M","M","E","R","$","T","M","R","E","R","M","R","B",null,"M","?","$","?","M","R","$","?","T","R","M","M","R","?","R","B",null,"M","?","M","?","T","R","E","M","T","$","E","M","R","M","R","B","B",null,"R","$","E","B",null],"character_chosen":"THE_SILENT","items_purchased":["Well Laid Plans","DollysMirror","OrangePellets","Swift Potion"],"campfire_rested":1,"item_purchase_floors":[8,20,54,54],"current_hp_per_floor":[59,59,59,59,51,51,51,51,51,51,51,42,42,42,42,42,60,60,60,60,42,27,27,27,27,27,27,2,2,2,2,23,7,55,55,55,55,55,55,55,55,43,43,58,58,58,58,58,58,58,58,65,65,67,53,39],"gold":98,"neow_bonus":"THREE_ENEMY_KILL","is_daily":false,"chose_seed":false,"campfire_upgraded":10,"win_rate":0.0,"timestamp":1613480633,"path_taken":["M","?","M","?","?","E","R","?","T","?","R","E","R","M","R","BOSS","M","?","$","?","M","R","$","?","T","R","M","M","R","?","R","BOSS","M","?","M","?","?","R","E","M","T","$","E","?","R","M","R","BOSS","BOSS","R","$","E","BOSS"],"items_purchased_type":["Card","Relic","Relic","Potion"],"build_version":"2020-12-22","purchased_purges":3,"victory":true,"max_hp_per_floor":[66,66,66,66,66,66,66,66,66,66,66,66,66,66,66,66,66,66,66,66,71,71,71,71,71,71,71,71,71,71,71,71,71,71,71,67,67,67,67,67,67,67,67,67,67,67,67,67,67,67,67,67,67,67,67,67],"card_choices":[{"not_picked":["Underhanded Strike","Outmaneuver"],"picked":"Backstab","floor":1.0},{"not_picked":["PiercingWail","Caltrops","Flying Knee"],"picked":"SKIP","floor":3.0},{"not_picked":["Dash","PiercingWail"],"picked":"Deflect","floor":4.0},{"not_picked":["Outmaneuver","Bane"],"picked":"After Image","floor":5.0},{"not_picked":["Bane","Backflip","Poisoned Stab"],"picked":"SKIP","floor":6.0},{"not_picked":["Bane","Poisoned Stab"],"picked":"Backflip","floor":6.0},{"not_picked":["Quick Slash","Bane"],"picked":"Tactician","floor":10.0},{"not_picked":["Bane","Flying Knee"],"picked":"Die Die Die","floor":12.0},{"not_picked":["Bane","Backstab","Sucker Punch"],"picked":"SKIP","floor":14.0},{"not_picked":["Skewer+1","Dodge and Roll","Masterful Stab"],"picked":"SKIP","floor":18.0},{"not_picked":["Distraction","Underhanded Strike"],"picked":"Prepared","floor":22.0},{"not_picked":["Slice","Cloak And Dagger","All Out Attack"],"picked":"SKIP","floor":28.0},{"not_picked":["Outmaneuver","Dagger Spray"],"picked":"Dagger Throw","floor":29.0},{"not_picked":["Doppelganger","Envenom"],"picked":"Grand Finale","floor":33.0},{"not_picked":["Blade Dance","Outmaneuver","Underhanded Strike"],"picked":"SKIP","floor":35.0},{"not_picked":["Predator","Terror"],"picked":"Prepared+1","floor":37.0},{"not_picked":["Noxious Fumes","Catalyst"],"picked":"Backflip","floor":38.0},{"not_picked":["Wraith Form v2","Flying Knee"],"picked":"Acrobatics","floor":41.0},{"not_picked":["Terror","Poisoned Stab","Caltrops"],"picked":"SKIP","floor":42.0},{"not_picked":["Quick Slash","Deadly Poison","Accuracy"],"picked":"SKIP","floor":45.0},{"not_picked":["Cloak And Dagger","Deflect"],"picked":"Calculated Gamble","floor":46.0},{"not_picked":["Underhanded Strike+1","Finisher+1","Deadly Poison"],"picked":"SKIP","floor":48.0},{"not_picked":["Crippling Poison+1","Dagger Throw"],"picked":"Deflect","floor":55.0}],"player_experience":909786,"relics_obtained":[{"floor":6.0,"key":"Bag of Preparation"},{"floor":9.0,"key":"MawBank"},{"floor":12.0,"key":"PreservedInsect"},{"floor":38.0,"key":"Du-Vu Doll"},{"floor":39.0,"key":"Oddly Smooth Stone"},{"floor":41.0,"key":"MealTicket"},{"floor":43.0,"key":"Toy Ornithopter"},{"floor":45.0,"key":"Pen Nib"},{"floor":55.0,"key":"Bronze Scales"}],"event_choices":[{"damage_healed":0.0,"max_hp_gain":0.0,"max_hp_loss":0.0,"gold_gain":0.0,"event_name":"Match and Keep!","player_choice":"2 cards matched","floor":2.0,"gold_loss":0.0,"damage_taken":0.0,"cards_obtained":["Backflip","Eviscerate"]},{"damage_healed":0.0,"max_hp_gain":0.0,"max_hp_loss":0.0,"gold_gain":0.0,"cards_transformed":["Strike_G","Defend_G"],"event_name":"Drug Dealer","player_choice":"Became Test Subject","floor":19.0,"gold_loss":0.0,"damage_taken":0.0,"cards_obtained":["Footwork","Dagger Spray"]},{"damage_healed":0.0,"max_hp_gain":5.0,"max_hp_loss":0.0,"gold_gain":0.0,"event_name":"Forgotten Altar","player_choice":"Shed Blood","floor":21.0,"gold_loss":0.0,"damage_taken":23.0},{"damage_healed":0.0,"max_hp_gain":0.0,"max_hp_loss":0.0,"gold_gain":0.0,"event_name":"The Mausoleum","player_choice":"Ignored","floor":25.0,"gold_loss":0.0,"damage_taken":0.0},{"damage_healed":0.0,"max_hp_gain":0.0,"max_hp_loss":0.0,"gold_gain":0.0,"event_name":"Ghosts","player_choice":"Ignored","floor":31.0,"gold_loss":0.0,"damage_taken":0.0},{"damage_healed":0.0,"max_hp_gain":0.0,"max_hp_loss":4.0,"gold_gain":0.0,"event_name":"Winding Halls","player_choice":"Max HP","floor":36.0,"gold_loss":0.0,"damage_taken":0.0},{"damage_healed":0.0,"max_hp_gain":0.0,"max_hp_loss":0.0,"gold_gain":0.0,"event_name":"MindBloom","player_choice":"Fight","floor":38.0,"gold_loss":0.0,"damage_taken":0.0}],"is_beta":false,"boss_relics":[{"not_picked":["Philosopher\u0027s Stone","Runic Pyramid"],"picked":"Empty Cage"},{"not_picked":["Ring of the Serpent","Snecko Eye"],"picked":"Coffee Dripper"}],"items_purged_floors":[8,20,44],"is_endless":false,"potions_floor_spawned":[1,3,4,6,16,18,33,35,41,46,48,55],"ascension_level":20}}