{"host":"9rqxlbwknj581inl","time":1613463792,"event":{"mods":["BaseMod","Colored Map","Colored Powertips","Minty Spire (QoL Compilation)","Quick Restart","Random Character Mod"],"gold_per_floor":[18,18,34,45,65,65,84,159,159,190,207,238,189,209,209,312,312,325,424,424,436,454,480,15,15,15,15,15,28,40,53,53,157,157,169,169,169,183,199,199,213,68,115,0,48,64,64,74,74,74],"floor_reached":51,"language":"ENG","playtime":4436,"items_purged":[],"score":633,"play_id":"8d153a5d-0695-4ec6-bf35-4010ef25671f","local_time":"20210216012312","is_ascension_mode":false,"campfire_choices":[{"data":"Bash","floor":6,"key":"SMITH"},{"data":"Whirlwind","floor":15,"key":"SMITH"},{"data":"Juggernaut","floor":25,"key":"SMITH"},{"data":"Sever Soul","floor":28,"key":"SMITH"},{"data":"Disarm","floor":32,"key":"SMITH"},{"data":"Body Slam","floor":40,"key":"SMITH"},{"floor":47,"key":"REST"},{"floor":49,"key":"REST"}],"circlet_count":0,"master_deck":["Strike_R","Strike_R","Defend_R","Defend_R","Defend_R","Bash+1","Reaper","Corruption+1","Havoc","Shockwave","Metallicize","Headbutt","Whirlwind+1","Power Through","Shrug It Off","Feel No Pain","Warcry+1","Juggernaut+1","Spot Weakness+1","Sever Soul+1","Reckless Charge","Dropkick+1","Dark Embrace+1","Disarm+1","Pommel Strike","Metallicize+1","Juggernaut","Madness","Madness","Body Slam+1","Fiend Fire","Intimidate","Pummel+1","Ghostly Armor"],"relics":["Burning Blood","StoneCalendar","Mummified Hand","CaptainsWheel","Black Star","Happy Flower","Bag of Marbles","War Paint","TheAbacus","Bottled Lightning","WarpedTongs","Empty Cage","Dream Catcher","Red Mask","Bird Faced Urn"],"acts_visited":["Exordium","TheCity","TheBeyond"],"potions_floor_usage":[12,16,23,23,33,45,46,50],"damage_taken":[{"damage":13,"enemies":"Jaw Worm","floor":1,"turns":3},{"damage":14,"enemies":"2 Louse","floor":3,"turns":4},{"damage":2,"enemies":"Small Slimes","floor":4,"turns":4},{"damage":10,"enemies":"Blue Slaver","floor":5,"turns":5},{"damage":17,"enemies":"Looter","floor":7,"turns":3},{"damage":18,"enemies":"Gremlin Nob","floor":10,"turns":5},{"damage":8,"enemies":"Exordium Thugs","floor":11,"turns":5},{"damage":15,"enemies":"Lagavulin","floor":12,"turns":6},{"damage":1,"enemies":"2 Fungi Beasts","floor":14,"turns":4},{"damage":35,"enemies":"Hexaghost","floor":16,"turns":9},{"damage":0,"enemies":"Chosen","floor":18,"turns":4},{"damage":11,"enemies":"Spheric Guardian","floor":21,"turns":6},{"damage":21,"enemies":"Snake Plant","floor":22,"turns":3},{"damage":19,"enemies":"Gremlin Leader","floor":23,"turns":4},{"damage":6,"enemies":"Cultist and Chosen","floor":29,"turns":4},{"damage":9,"enemies":"Chosen and Byrds","floor":30,"turns":4},{"damage":4,"enemies":"Snecko","floor":31,"turns":4},{"damage":18,"enemies":"Collector","floor":33,"turns":7},{"damage":25,"enemies":"3 Darklings","floor":35,"turns":4},{"damage":22,"enemies":"3 Shapes","floor":38,"turns":3},{"damage":24,"enemies":"Jaw Worm Horde","floor":39,"turns":4},{"damage":13,"enemies":"Maw","floor":41,"turns":5},{"damage":38,"enemies":"2 Orb Walkers","floor":45,"turns":5},{"damage":14,"enemies":"Writhing Mass","floor":46,"turns":3},{"damage":12,"enemies":"4 Shapes","floor":48,"turns":5},{"damage":65,"enemies":"Donu and Deca","floor":50,"turns":7}],"seed_played":"-6746760066888235898","potions_obtained":[{"floor":1,"key":"AttackPotion"},{"floor":3,"key":"Explosive Potion"},{"floor":7,"key":"Regen Potion"},{"floor":14,"key":"SpeedPotion"},{"floor":21,"key":"Explosive Potion"},{"floor":23,"key":"Dexterity Potion"},{"floor":29,"key":"DistilledChaos"},{"floor":33,"key":"SpeedPotion"},{"floor":38,"key":"Explosive Potion"},{"floor":45,"key":"PowerPotion"},{"floor":48,"key":"SkillPotion"}],"is_trial":false,"path_per_floor":["M","?","M","M","M","R","M","?","T","E","M","E","?","M","R","B",null,"M","?","?","M","M","E","$","R","T","?","R","M","M","M","R","B",null,"M","?","?","M","M","R","M","$","T","?","?","M","R","M","R","B",null],"character_chosen":"IRONCLAD","items_purchased":["War Paint","Disarm","TheAbacus","ElixirPotion","Fiend Fire"],"campfire_rested":2,"item_purchase_floors":[24,24,24,24,42],"current_hp_per_floor":[73,73,69,80,76,76,65,65,65,53,61,58,58,67,67,44,80,80,80,80,78,63,50,50,50,50,50,50,76,80,80,80,72,80,61,51,51,62,62,62,55,55,55,55,23,29,53,57,80,61],"gold":74,"neow_bonus":"TRANSFORM_TWO_CARDS","is_daily":false,"chose_seed":false,"campfire_upgraded":6,"win_rate":0.0,"timestamp":1613463792,"path_taken":["M","?","M","M","M","R","M","?","T","E","M","E","?","M","R","BOSS","M","?","?","M","?","E","$","R","T","?","R","M","M","M","R","BOSS","M","?","?","M","M","R","M","$","T","?","?","M","R","M","R","BOSS"],"items_purchased_type":["Relic","Card","Relic","Potion","Card"],"build_version":"2020-12-22","purchased_purges":0,"victory":true,"max_hp_per_floor":[80,80,80,80,80,80,80,80,80,80,80,80,80,80,80,80,80,80,80,80,80,80,80,80,80,80,80,80,80,80,80,80,80,80,80,80,80,80,80,80,80,80,80,80,80,80,80,80,80,80],"card_choices":[{"not_picked":["Headbutt","Fire Breathing"],"picked":"Havoc","floor":1},{"not_picked":["Body Slam","Thunderclap"],"picked":"Shockwave","floor":3},{"not_picked":["Warcry","Reckless Charge"],"picked":"Metallicize","floor":4},{"not_picked":["Wild Strike","Rage"],"picked":"Headbutt","floor":5},{"not_picked":["Uppercut","Twin Strike"],"picked":"Whirlwind","floor":7},{"not_picked":["Body Slam","Rage"],"picked":"Power Through","floor":10},{"not_picked":["Flame Barrier","Perfected Strike"],"picked":"Shrug It Off","floor":11},{"not_picked":["Wild Strike","Flex"],"picked":"Feel No Pain","floor":12},{"not_picked":["Entrench","Blood for Blood"],"picked":"Warcry","floor":14},{"not_picked":["Impervious","Barricade"],"picked":"Juggernaut","floor":16},{"not_picked":["Anger+1","Combust"],"picked":"Spot Weakness+1","floor":18},{"not_picked":["Searing Blow","Pommel Strike"],"picked":"Reckless Charge","floor":21},{"not_picked":["Rage+1","Iron Wave+1"],"picked":"Dropkick+1","floor":22},{"not_picked":["Fire Breathing","Feel No Pain"],"picked":"Dark Embrace+1","floor":23},{"not_picked":["Headbutt","Sword Boomerang","Thunderclap"],"picked":"SKIP","floor":29},{"not_picked":["Headbutt","Sword Boomerang","Thunderclap"],"picked":"SKIP","floor":29},{"not_picked":["Ghostly Armor","Hemokinesis"],"picked":"Pommel Strike","floor":30},{"not_picked":["Second Wind","Combust"],"picked":"Metallicize+1","floor":31},{"not_picked":["Bludgeon","Reaper"],"picked":"Juggernaut","floor":33},{"not_picked":["Twin Strike+1","Feel No Pain","Headbutt"],"picked":"SKIP","floor":35},{"not_picked":["Iron Wave","Anger+1"],"picked":"Body Slam","floor":38},{"not_picked":["Fire Breathing+1","Clothesline+1","Body Slam+1"],"picked":"SKIP","floor":39},{"not_picked":["Armaments","Bloodletting+1","Sentinel"],"picked":"SKIP","floor":41},{"not_picked":["Clothesline+1","Warcry"],"picked":"Intimidate","floor":46},{"not_picked":["Clash+1","Metallicize+1"],"picked":"Pummel+1","floor":47},{"not_picked":["Heavy Blade","Flex+1","Sword Boomerang+1"],"picked":"SKIP","floor":48},{"not_picked":["Bludgeon","Dark Embrace+1"],"picked":"Ghostly Armor","floor":49}],"player_experience":279875,"relics_obtained":[{"floor":9,"key":"StoneCalendar"},{"floor":10,"key":"Mummified Hand"},{"floor":12,"key":"CaptainsWheel"},{"floor":23,"key":"Happy Flower"},{"floor":23,"key":"Bag of Marbles"},{"floor":26,"key":"Bottled Lightning"},{"floor":43,"key":"Dream Catcher"},{"floor":45,"key":"Bird Faced Urn"}],"event_choices":[{"damage_healed":0,"gold_gain":0,"player_choice":"Grow","damage_taken":0,"max_hp_gain":0,"max_hp_loss":0,"event_name":"Living Wall","floor":2,"gold_loss":0,"cards_upgraded":["Corruption"]},{"damage_healed":0,"gold_gain":75,"player_choice":"Gained Gold","damage_taken":0,"max_hp_gain":0,"max_hp_loss":0,"event_name":"Golden Wing","floor":8,"gold_loss":0},{"damage_healed":0,"gold_gain":0,"player_choice":"Left Gold","damage_taken":0,"max_hp_gain":0,"max_hp_loss":0,"event_name":"World of Goop","floor":13,"gold_loss":49},{"damage_healed":0,"gold_gain":99,"player_choice":"Stole From Cult","damage_taken":0,"max_hp_gain":0,"max_hp_loss":0,"event_name":"Nest","floor":19,"gold_loss":0},{"damage_healed":0,"gold_gain":0,"player_choice":"Read","damage_taken":0,"max_hp_gain":0,"max_hp_loss":0,"event_name":"The Library","floor":20,"gold_loss":0,"cards_obtained":["Sever Soul"]},{"damage_healed":0,"gold_gain":0,"player_choice":"Rummage","damage_taken":0,"relics_obtained":["WarpedTongs"],"max_hp_gain":0,"max_hp_loss":0,"event_name":"Accursed Blacksmith","floor":27,"gold_loss":0,"cards_obtained":["Pain"]},{"damage_healed":0,"gold_gain":0,"player_choice":"Embrace Madness","damage_taken":10,"max_hp_gain":0,"max_hp_loss":0,"event_name":"Winding Halls","floor":36,"gold_loss":0,"cards_obtained":["Madness","Madness"]},{"cards_removed":["Defend_R"],"damage_healed":0,"gold_gain":0,"player_choice":"Removed Skill","damage_taken":0,"max_hp_gain":0,"max_hp_loss":0,"event_name":"Falling","floor":37,"gold_loss":0},{"damage_healed":0,"gold_gain":0,"player_choice":"Paid","damage_taken":0,"relics_obtained":["Red Mask"],"max_hp_gain":0,"max_hp_loss":0,"event_name":"Tomb of Lord Red Mask","floor":44,"gold_loss":115},{"damage_healed":0,"gold_gain":0,"player_choice":"Fight","damage_taken":0,"max_hp_gain":0,"max_hp_loss":0,"event_name":"Mysterious Sphere","floor":45,"gold_loss":0}],"is_beta":false,"boss_relics":[{"not_picked":["Sozu","Fusion Hammer"],"picked":"Black Star"},{"not_picked":["Velvet Choker","Astrolabe"],"picked":"Empty Cage"}],"items_purged_floors":[],"is_endless":false,"potions_floor_spawned":[1,3,7,10,14,21,23,29,31,33,38,45,48],"ascension_level":0}}