{"host":"iudiqz5bwex5meyb","time":1613490858,"event":{"mods":["AchievementEnabler","BaseMod","Block Reminder","Colored Map","Minty Spire (QoL Compilation)","StSLib","ojb\u0027s Better Paths Mod","ojb\u0027s Info Mod"],"gold_per_floor":[119,119,119,48,48,86,86,127,152,168,168,193,118,154,154,277,277,292,315,25,50,64,64,80,119,201,239,252,252,266,282,282,387,387,387,1,1,12,12,12,12],"floor_reached":40,"language":"ENG","playtime":2946,"items_purged":["Strike_G","Strike_G","Strike_G"],"score":620,"play_id":"3419d836-3de0-4ec0-a523-da1e76d43f65","local_time":"20210216095418","is_ascension_mode":true,"campfire_choices":[{"data":"Noxious Fumes","floor":7.0,"key":"SMITH"},{"floor":15.0,"key":"RECALL"},{"floor":23.0,"key":"REST"},{"floor":32,"key":"REST"}],"circlet_count":0,"master_deck":["Strike_G","Defend_G","Defend_G","Defend_G+1","Defend_G","Defend_G","Survivor","Neutralize","Backflip+1","Noxious Fumes+1","Underhanded Strike","Dagger Throw+1","Poisoned Stab+1","Wraith Form v2","Footwork","Noxious Fumes","Flying Knee+1","Deadly Poison","Deadly Poison+1","Dagger Throw+1","Catalyst","Cloak And Dagger+1","Doppelganger","Noxious Fumes","Finesse","Panache","Sadistic Nature","Enlightenment","Cloak And Dagger+1"],"relics":["Ring of the Snake","NeowsBlessing","War Paint","Bloody Idol","Singing Bowl","Molten Egg 2","Snake Skull","Fusion Hammer","Blood Vial","Nunchaku","InkBottle","Turnip","Snecko Eye","Membership Card"],"acts_visited":["Exordium","TheCity","TheBeyond"],"potions_floor_usage":[31,35,38],"damage_taken":[{"damage":0.0,"enemies":"2 Louse","floor":1.0,"turns":1.0},{"damage":0.0,"enemies":"Lagavulin","floor":6.0,"turns":1.0},{"damage":0.0,"enemies":"3 Sentries","floor":8.0,"turns":1.0},{"damage":0.0,"enemies":"Cultist","floor":10.0,"turns":5.0},{"damage":0.0,"enemies":"Small Slimes","floor":12.0,"turns":2.0},{"damage":15.0,"enemies":"Gremlin Nob","floor":14.0,"turns":4.0},{"damage":13.0,"enemies":"Hexaghost","floor":16.0,"turns":9.0},{"damage":5.0,"enemies":"Shell Parasite","floor":18.0,"turns":5.0},{"damage":16.0,"enemies":"Spheric Guardian","floor":19.0,"turns":6.0},{"damage":7.0,"enemies":"Centurion and Healer","floor":21.0,"turns":5.0},{"damage":23.0,"enemies":"Snake Plant","floor":22.0,"turns":4.0},{"damage":2.0,"enemies":"Cultist and Chosen","floor":24.0,"turns":7.0},{"damage":31,"enemies":"Slavers","floor":25,"turns":5},{"damage":34,"enemies":"Book of Stabbing","floor":27,"turns":5},{"damage":0,"enemies":"Sentry and Sphere","floor":28,"turns":5},{"damage":1,"enemies":"Snecko","floor":30,"turns":4},{"damage":2,"enemies":"Cultist and Chosen","floor":31,"turns":5},{"damage":6,"enemies":"Automaton","floor":33,"turns":8},{"damage":3,"enemies":"3 Darklings","floor":35,"turns":2},{"damage":9,"enemies":"3 Shapes","floor":38,"turns":4},{"damage":65,"enemies":"Nemesis","floor":40,"turns":5}],"seed_played":"447031237339190562","potions_obtained":[{"floor":10.0,"key":"SteroidPotion"},{"floor":11.0,"key":"FairyPotion"},{"floor":11.0,"key":"LiquidMemories"},{"floor":27,"key":"Strength Potion"},{"floor":30,"key":"SmokeBomb"},{"floor":31,"key":"Dexterity Potion"}],"is_trial":false,"path_per_floor":["M","?","?","$","?","E","R","E","T","M","?","M","$","E","R","B",null,"M","M","$","M","M","R","M","E","T","E","M","?","M","M","R","B",null,"M","$","?","M","?","E"],"character_chosen":"THE_SILENT","items_purchased":["Noxious Fumes","Blood Vial","Noxious Fumes","Membership Card","Noxious Fumes","Fire Potion","Finesse"],"campfire_rested":2,"item_purchase_floors":[4,20,20,36,36,36,36],"current_hp_per_floor":[70,63,46,46,46,48,48,50,50,50,50,50,50,37,37,24,63,58,44,44,39,18,41,41,12,12,14,16,16,22,29,53,54,75,74,74,64,62,62,0,0],"gold":12,"neow_bonus":"THREE_ENEMY_KILL","is_daily":false,"chose_seed":false,"campfire_upgraded":1,"win_rate":0.0,"timestamp":1613490858,"path_taken":["M","?","?","$","?","E","R","E","T","M","?","M","$","E","R","BOSS","M","M","$","M","M","R","M","E","T","E","M","?","M","M","R","BOSS","M","$","?","M","?","E"],"items_purchased_type":["Card","Relic","Card","Relic","Card","Potion","Card"],"build_version":"2020-12-22","purchased_purges":3,"victory":false,"max_hp_per_floor":[70,70,70,70,70,72,72,74,74,74,74,74,74,76,76,76,76,76,78,78,78,78,78,78,78,78,80,80,80,80,82,82,82,82,82,82,82,82,78,78,78],"card_choices":[{"not_picked":["Outmaneuver","Slice"],"picked":"Backflip","floor":1.0},{"not_picked":["Setup","Dash","Dagger Spray"],"picked":"Singing Bowl","floor":6.0},{"not_picked":["Dagger Spray+1","Outmaneuver","Concentrate"],"picked":"Singing Bowl","floor":8.0},{"not_picked":["Escape Plan","Accuracy"],"picked":"Dagger Throw+1","floor":10.0},{"not_picked":["PiercingWail","Outmaneuver"],"picked":"Poisoned Stab+1","floor":12.0},{"not_picked":["Flying Knee+1","Accuracy","Dagger Spray+1"],"picked":"Singing Bowl","floor":14.0},{"not_picked":["Malaise","Tools of the Trade"],"picked":"Wraith Form v2","floor":16.0},{"not_picked":["Dodge and Roll","Deadly Poison"],"picked":"Footwork","floor":18.0},{"not_picked":["Riddle With Holes+1","Poisoned Stab+1","Leg Sweep+1"],"picked":"Singing Bowl","floor":19.0},{"not_picked":["Outmaneuver","Caltrops"],"picked":"Flying Knee+1","floor":21.0},{"not_picked":["Bane+1","Dagger Spray+1"],"picked":"Deadly Poison","floor":22.0},{"not_picked":["Prepared","Bouncing Flask"],"picked":"Deadly Poison+1","floor":24},{"not_picked":["Glass Knife+1","Quick Slash+1"],"picked":"Dagger Throw+1","floor":25},{"not_picked":["Deadly Poison","Reflex","Blade Dance"],"picked":"Singing Bowl","floor":27},{"not_picked":["Dagger Spray+1","Poisoned Stab+1"],"picked":"Catalyst","floor":28},{"not_picked":["Acrobatics","Blade Dance"],"picked":"Cloak And Dagger+1","floor":30},{"not_picked":["Footwork","Slice+1","Well Laid Plans+1"],"picked":"Singing Bowl","floor":31},{"not_picked":["Corpse Explosion","Malaise"],"picked":"Doppelganger","floor":33},{"not_picked":["Purity","Trip"],"picked":"Panache","floor":37},{"not_picked":["Impatience","Good Instincts"],"picked":"Sadistic Nature","floor":37},{"not_picked":["Flash of Steel+1","Metamorphosis"],"picked":"Enlightenment","floor":37},{"not_picked":["Flying Knee+1","Bane+1"],"picked":"Cloak And Dagger+1","floor":38}],"player_experience":280331,"relics_obtained":[{"floor":6.0,"key":"Singing Bowl"},{"floor":8.0,"key":"Molten Egg 2"},{"floor":14.0,"key":"Snake Skull"},{"floor":25,"key":"Nunchaku"},{"floor":26,"key":"InkBottle"},{"floor":27,"key":"Turnip"}],"event_choices":[{"damage_healed":0.0,"max_hp_gain":0.0,"max_hp_loss":0.0,"gold_gain":0.0,"event_name":"Scrap Ooze","player_choice":"Success","floor":2.0,"gold_loss":0.0,"damage_taken":7.0,"relics_obtained":["War Paint"]},{"damage_healed":0.0,"max_hp_gain":0.0,"max_hp_loss":0.0,"gold_gain":0.0,"event_name":"Golden Idol","player_choice":"Take Damage","floor":3.0,"gold_loss":0.0,"damage_taken":17.0,"relics_obtained":["Golden Idol"]},{"damage_healed":0.0,"max_hp_gain":0.0,"max_hp_loss":0.0,"gold_gain":0.0,"cards_transformed":["Strike_G"],"event_name":"Living Wall","player_choice":"Change","floor":5.0,"gold_loss":0.0,"damage_taken":0.0,"cards_obtained":["Underhanded Strike"]},{"damage_healed":0.0,"max_hp_gain":0.0,"max_hp_loss":0.0,"gold_gain":0.0,"event_name":"Lab","player_choice":"Got Potions","floor":11.0,"gold_loss":0.0,"damage_taken":0.0},{"damage_healed":0,"gold_gain":0,"player_choice":"Gave Idol","damage_taken":0,"relics_obtained":["Bloody Idol"],"max_hp_gain":0,"max_hp_loss":0,"event_name":"Forgotten Altar","floor":29,"relics_lost":["Golden Idol"],"gold_loss":0},{"damage_healed":0,"gold_gain":0,"player_choice":"Memory 3","damage_taken":10,"max_hp_gain":0,"max_hp_loss":0,"event_name":"SensoryStone","floor":37,"gold_loss":0},{"damage_healed":0,"gold_gain":0,"player_choice":"Max HP","damage_taken":0,"max_hp_gain":0,"max_hp_loss":4,"event_name":"Winding Halls","floor":39,"gold_loss":0}],"is_beta":false,"boss_relics":[{"not_picked":["Philosopher\u0027s Stone","Velvet Choker"],"picked":"Fusion Hammer"},{"not_picked":["Runic Dome","SacredBark"],"picked":"Snecko Eye"}],"items_purged_floors":[13,20,36],"is_endless":false,"potions_floor_spawned":[10,12,14,18,21,22,24,27,30,31,35],"killed_by":"Nemesis","ascension_level":5}}