{"host":"p0hktren06injwdf","time":1613445577,"event":{"mods":["AchievementEnabler","BaseMod","Colored Map","DeckTracker","Minty Spire (QoL Compilation)","Permanent Neow","StSLib","SuperFastMode"],"gold_per_floor":[362,380,530,283,295,295,322,322,322,382,415,425,425,241,241,316,316,328,346,362,412,67,98,114,146,222,249,260,280,67,80,80,153,153,168,43,58,108,126,126,144,162,189,217,57,84,84,102,102,102,102,102,102,16,51,51,51],"floor_reached":56,"language":"KOR","playtime":1402,"items_purged":["Doubt","Strike_P","Defend_P"],"score":2233,"play_id":"124051c5-e1fb-4cd6-aa90-4fce64f9b8d7","local_time":"20210216121937","is_ascension_mode":true,"campfire_choices":[{"data":"Eruption","floor":6.0,"key":"SMITH"},{"data":"CutThroughFate","floor":8.0,"key":"SMITH"},{"data":"FollowUp","floor":13.0,"key":"SMITH"},{"data":"SignatureMove","floor":15.0,"key":"SMITH"},{"floor":32.0,"key":"REST"},{"data":"Scrawl","floor":40.0,"key":"SMITH"},{"floor":47.0,"key":"REST"},{"floor":49.0,"key":"RECALL"},{"data":"TalkToTheHand","floor":53.0,"key":"SMITH"}],"circlet_count":0,"master_deck":["AscendersBane","Strike_P","Strike_P","Strike_P","Defend_P","Defend_P","Defend_P","Eruption+1","Vigilance","FollowUp+1","CutThroughFate+1","Halt","BowlingBash","Evaluate","SignatureMove+1","DeusExMachina","Adaptation","FlurryOfBlows","TalkToTheHand+1","Tantrum","Adaptation","Scrawl+1","FearNoEvil","TalkToTheHand"],"relics":["HolyWater","PreservedInsect","Shuriken","White Beast Statue","Pen Nib","Strawberry","VioletLotus","Gambling Chip","Orichalcum","Nunchaku","HornCleat","Shovel","DollysMirror","Du-Vu Doll","Membership Card","Anchor","Oddly Smooth Stone"],"acts_visited":["Exordium","TheCity","TheBeyond","TheEnding"],"potions_floor_usage":[56,56],"damage_taken":[{"damage":1.0,"enemies":"2 Louse","floor":1.0,"turns":4.0},{"damage":0.0,"enemies":"Small Slimes","floor":2.0,"turns":3.0},{"damage":0.0,"enemies":"Jaw Worm","floor":5.0,"turns":3.0},{"damage":16.0,"enemies":"Gremlin Nob","floor":7.0,"turns":3.0},{"damage":0.0,"enemies":"Lagavulin Event","floor":10.0,"turns":2.0},{"damage":7.0,"enemies":"Lagavulin","floor":11.0,"turns":4.0},{"damage":5.0,"enemies":"Gremlin Gang","floor":12.0,"turns":2.0},{"damage":0.0,"enemies":"Slime Boss","floor":16.0,"turns":3.0},{"damage":17.0,"enemies":"2 Thieves","floor":18.0,"turns":3.0},{"damage":0.0,"enemies":"Chosen","floor":19.0,"turns":4.0},{"damage":15.0,"enemies":"Centurion and Healer","floor":20.0,"turns":3.0},{"damage":11.0,"enemies":"Slavers","floor":23.0,"turns":3.0},{"damage":0.0,"enemies":"Sentry and Sphere","floor":24.0,"turns":2.0},{"damage":0.0,"enemies":"Gremlin Leader","floor":25.0,"turns":3.0},{"damage":20.0,"enemies":"Slavers","floor":27.0,"turns":8.0},{"damage":17.0,"enemies":"Snake Plant","floor":28.0,"turns":3.0},{"damage":0.0,"enemies":"Chosen and Byrds","floor":29.0,"turns":1.0},{"damage":0.0,"enemies":"Centurion and Healer","floor":31.0,"turns":3.0},{"damage":14.0,"enemies":"Automaton","floor":33.0,"turns":5.0},{"damage":3.0,"enemies":"3 Shapes","floor":35.0,"turns":5.0},{"damage":15.0,"enemies":"Orb Walker","floor":37.0,"turns":3.0},{"damage":0.0,"enemies":"Transient","floor":39.0,"turns":6.0},{"damage":1.0,"enemies":"4 Shapes","floor":41.0,"turns":3.0},{"damage":0.0,"enemies":"Spire Growth","floor":42.0,"turns":2.0},{"damage":1.0,"enemies":"Reptomancer","floor":44.0,"turns":2.0},{"damage":6.0,"enemies":"Nemesis","floor":46.0,"turns":3.0},{"damage":0.0,"enemies":"Sphere and 2 Shapes","floor":48.0,"turns":1.0},{"damage":38.0,"enemies":"Time Eater","floor":50.0,"turns":6.0},{"damage":0.0,"enemies":"Donu and Deca","floor":51.0,"turns":2.0},{"damage":1.0,"enemies":"Shield and Spear","floor":55.0,"turns":2.0},{"damage":142,"enemies":"The Heart","floor":56,"turns":3}],"seed_played":"-9134153518690447779","potions_obtained":[{"floor":7.0,"key":"SkillPotion"},{"floor":10.0,"key":"PowerPotion"},{"floor":11.0,"key":"FairyPotion"},{"floor":18.0,"key":"AttackPotion"},{"floor":20.0,"key":"Swift Potion"},{"floor":23.0,"key":"Energy Potion"},{"floor":27.0,"key":"SkillPotion"},{"floor":29.0,"key":"ColorlessPotion"},{"floor":31.0,"key":"Energy Potion"},{"floor":44.0,"key":"Block Potion"},{"floor":46.0,"key":"Dexterity Potion"},{"floor":55.0,"key":"LiquidBronze"}],"is_trial":false,"path_per_floor":["M","M","?","$","M","R","E","R","T","?","E","M","R","$","R","B",null,"M","M","M","?","$","E","M","E","T","E","M","M","$","M","R","B",null,"M","$","M","?","M","R","M","M","T","E","$","E","R","M","R","B","B",null,"R","$","E","B"],"character_chosen":"WATCHER","items_purchased":["PreservedInsect","SignatureMove","Gambling Chip","Tantrum","DollysMirror","Membership Card","TalkToTheHand","LiquidBronze"],"campfire_rested":2,"item_purchase_floors":[4,14,22,30,30,45,54,54],"current_hp_per_floor":[60,60,60,60,60,60,44,44,44,44,44,39,39,39,39,39,62,45,45,30,30,30,19,19,19,19,20,3,3,3,3,23,9,54,51,51,36,36,36,36,35,35,35,34,34,28,48,48,48,10,10,54,54,54,53,0,0],"gold":51,"neow_bonus":"TWO_FIFTY_GOLD","is_daily":false,"chose_seed":false,"campfire_upgraded":6,"win_rate":0.0,"timestamp":1613445577,"path_taken":["M","M","?","$","M","R","E","R","T","?","E","M","R","$","R","BOSS","M","M","M","?","$","E","M","E","T","E","M","M","$","?","R","BOSS","M","$","M","?","?","R","M","M","T","E","$","E","R","M","R","BOSS","BOSS","R","$","E","BOSS"],"items_purchased_type":["Relic","Card","Relic","Card","Relic","Relic","Card","Potion"],"build_version":"2020-12-22","purchased_purges":3,"victory":false,"max_hp_per_floor":[62,62,62,62,62,62,62,62,62,62,69,69,69,69,69,69,69,69,69,69,69,69,69,69,69,69,69,69,69,69,69,69,69,69,69,69,69,69,69,69,69,69,69,69,69,69,69,69,69,69,69,69,69,69,69,69,69],"card_choices":[{"not_picked":["SashWhip","Evaluate"],"picked":"FollowUp","floor":1.0},{"not_picked":["LikeWater","Prostrate"],"picked":"CutThroughFate","floor":2.0},{"not_picked":["EmptyBody","Vengeance","Worship"],"picked":"SKIP","floor":5.0},{"not_picked":["SashWhip","CutThroughFate","Ragnarok"],"picked":"SKIP","floor":7.0},{"not_picked":["ClearTheMind","BowlingBash"],"picked":"Halt","floor":10.0},{"not_picked":["Pray","Prostrate"],"picked":"BowlingBash","floor":11.0},{"not_picked":["ThirdEye","Establishment"],"picked":"Evaluate","floor":12.0},{"not_picked":["LessonLearned","Scrawl"],"picked":"DeusExMachina","floor":16.0},{"not_picked":["FlyingSleeves","ThirdEye","Crescendo"],"picked":"SKIP","floor":18.0},{"not_picked":["MentalFortress","ClearTheMind"],"picked":"Adaptation","floor":19.0},{"not_picked":["Prostrate","SashWhip","FlyingSleeves+1"],"picked":"SKIP","floor":20.0},{"not_picked":["BattleHymn","ClearTheMind"],"picked":"FlurryOfBlows","floor":23.0},{"not_picked":["ThirdEye","WheelKick+1","CrushJoints"],"picked":"SKIP","floor":24.0},{"not_picked":["Evaluate+1","ForeignInfluence","Ragnarok"],"picked":"SKIP","floor":25.0},{"not_picked":["FollowUp","LikeWater","Weave+1"],"picked":"SKIP","floor":27.0},{"not_picked":["SashWhip","Nirvana","ThirdEye"],"picked":"SKIP","floor":28.0},{"not_picked":["FlyingSleeves","Consecrate"],"picked":"TalkToTheHand","floor":29.0},{"not_picked":["FollowUp","FlurryOfBlows+1","Collect"],"picked":"SKIP","floor":31.0},{"not_picked":["DeusExMachina","Brilliance"],"picked":"Scrawl","floor":33.0},{"not_picked":["EmptyMind+1","SashWhip","Meditate"],"picked":"SKIP","floor":35.0},{"not_picked":["Conclude","FollowUp","Swivel"],"picked":"SKIP","floor":37.0},{"not_picked":["Pray","CutThroughFate","Protect"],"picked":"SKIP","floor":39.0},{"not_picked":["Pray","CutThroughFate","DeceiveReality"],"picked":"SKIP","floor":41.0},{"not_picked":["FlurryOfBlows","Protect+1","ThirdEye"],"picked":"SKIP","floor":42.0},{"not_picked":["SpiritShield","Protect","Halt"],"picked":"SKIP","floor":44.0},{"not_picked":["Evaluate+1","LikeWater","Establishment"],"picked":"SKIP","floor":46.0},{"not_picked":["BowlingBash+1","CutThroughFate"],"picked":"FearNoEvil","floor":48.0},{"not_picked":["Vengeance","Perseverance","ConjureBlade"],"picked":"SKIP","floor":55.0}],"player_experience":1070291,"relics_obtained":[{"floor":7.0,"key":"Shuriken"},{"floor":9.0,"key":"White Beast Statue"},{"floor":10.0,"key":"Pen Nib"},{"floor":11.0,"key":"Strawberry"},{"floor":23.0,"key":"Orichalcum"},{"floor":25.0,"key":"Nunchaku"},{"floor":26.0,"key":"HornCleat"},{"floor":27.0,"key":"Shovel"},{"floor":44.0,"key":"Du-Vu Doll"},{"floor":46.0,"key":"Anchor"},{"floor":55.0,"key":"Oddly Smooth Stone"}],"event_choices":[{"damage_healed":0.0,"max_hp_gain":0.0,"max_hp_loss":0.0,"gold_gain":150.0,"event_name":"Liars Game","player_choice":"AGREE","floor":3.0,"gold_loss":0.0,"damage_taken":0.0,"cards_obtained":["Doubt"]},{"damage_healed":0.0,"max_hp_gain":0.0,"max_hp_loss":0.0,"gold_gain":0.0,"event_name":"Dead Adventurer","player_choice":"Searched \u00271\u0027 times","floor":10.0,"gold_loss":0.0,"damage_taken":0.0},{"damage_healed":0.0,"max_hp_gain":0.0,"max_hp_loss":0.0,"gold_gain":50.0,"event_name":"Golden Shrine","player_choice":"Pray","floor":21.0,"gold_loss":0.0,"damage_taken":0.0},{"damage_healed":0.0,"max_hp_gain":0.0,"max_hp_loss":0.0,"gold_gain":50.0,"event_name":"Golden Shrine","player_choice":"Pray","floor":38.0,"gold_loss":0.0,"damage_taken":0.0}],"is_beta":false,"boss_relics":[{"not_picked":["Fusion Hammer","SlaversCollar"],"picked":"VioletLotus"},{"not_picked":["SacredBark","Runic Dome"],"picked":"HolyWater"}],"items_purged_floors":[4,14,36],"is_endless":false,"potions_floor_spawned":[7,10,11,12,16,18,19,20,23,24,25,27,28,29,31,33,35,37,39,41,42,44,46,48,55],"killed_by":"The Heart","ascension_level":20}}