{"host":"2uq4yl5bzsf2ox6r","time":1613474547,"event":{"mods":["BaseMod","Downfall","Minty Spire (QoL Compilation)","Relic Stats","StSLib"],"gold_per_floor":[99,111,20,31,46,77,77,252,278,288,288,361,395,414,426,426,426,426],"floor_reached":16,"language":"ENG","playtime":1203,"items_purged":[],"score":118,"play_id":"fb85807b-1d9a-40ae-9fc0-a510b74959a8","local_time":"20210216062227","is_ascension_mode":true,"campfire_choices":[{"data":"Slimebound:Tackle","floor":1,"key":"SMITH"},{"floor":11,"key":"REST"}],"circlet_count":0,"master_deck":["Slimebound:Strike_Slimebound","Slimebound:Strike_Slimebound","Slimebound:Strike_Slimebound","Slimebound:Tackle+1","Slimebound:Defend_Slimebound","Slimebound:Defend_Slimebound","Slimebound:Defend_Slimebound","Slimebound:Defend_Slimebound","Slimebound:Split","Slimebound:CorrosiveSpit","Slimebound:SplitBruiser","Slimebound:ComboTackle","Slimebound:BestDefense","Slimebound:FinishingTackle","Slimebound:SamplingLick","Slimebound:SlimeTap","Doubt","Slimebound:Prepare","Slimebound:Equalize","Slimebound:RollThrough","Slimebound:GoopTackle"],"relics":["Slimebound:AbsorbEndCombat","MealTicket","Calipers","TungstenRod","Odd Mushroom","Question Card","Ornamental Fan"],"acts_visited":["Exordium"],"potions_floor_usage":[6,9,16,16],"damage_taken":[{"damage":0,"enemies":"Cultist","floor":2,"turns":4},{"damage":3,"enemies":"downfall:FleeingMerchant","floor":3,"turns":4},{"damage":4,"enemies":"Jaw Worm","floor":4,"turns":3},{"damage":0,"enemies":"Small Slimes","floor":5,"turns":2},{"damage":40,"enemies":"3 Sentries","floor":6,"turns":7},{"damage":14,"enemies":"The Mushroom Lair","floor":9,"turns":5},{"damage":11,"enemies":"Blue Slaver","floor":10,"turns":2},{"damage":15,"enemies":"Lagavulin","floor":13,"turns":4},{"damage":7,"enemies":"downfall:LooterAlt","floor":14,"turns":3},{"damage":5,"enemies":"Exordium Wildlife","floor":15,"turns":2},{"damage":60,"enemies":"DF_ARCHETYPE_STREAMLINE","floor":16,"turns":6}],"seed_played":"6370911285697541183","potions_obtained":[{"floor":2,"key":"DistilledChaos"},{"floor":6,"key":"Swift Potion"},{"floor":14,"key":"LiquidMemories"},{"floor":15,"key":"BlessingOfTheForge"}],"is_trial":false,"path_per_floor":["R","M","$","M","M","E","T","?","?","M","R","T","E","M","M","B"],"character_chosen":"SLIMEBOUND","items_purchased":["Slimebound:BestDefense"],"campfire_rested":1,"item_purchase_floors":[3],"current_hp_per_floor":[65,65,64,60,62,24,24,24,12,5,24,24,23,24,29,0,0,0],"gold":426,"neow_bonus":"RANDOM_COMMON_RELIC","is_daily":false,"chose_seed":false,"campfire_upgraded":1,"win_rate":0.0,"timestamp":1613474547,"path_taken":["R","M","$","M","?","E","T","?","?","M","R","?","E","M","M","BOSS"],"items_purchased_type":["Card"],"build_version":"2020-12-22","purchased_purges":0,"victory":false,"max_hp_per_floor":[65,65,65,65,65,65,65,65,65,65,65,65,65,65,65,65,65,65],"relic_stats":{"counters":[11,42],"Ornamental Fan":[4],"MealTicket":0,"Question Card":3,"obtain_stats":[{"Calipers":6,"Ornamental Fan":13,"MealTicket":0,"Slimebound:AbsorbEndCombat":0,"Odd Mushroom":9,"Question Card":12,"TungstenRod":7},{"Calipers":5,"Ornamental Fan":8,"MealTicket":0,"Slimebound:AbsorbEndCombat":0,"Odd Mushroom":6,"Question Card":7,"TungstenRod":5},{"Calipers":20,"Ornamental Fan":31,"MealTicket":0,"Slimebound:AbsorbEndCombat":0,"Odd Mushroom":25,"Question Card":27,"TungstenRod":20}],"TungstenRod":15},"card_choices":[{"not_picked":["Slimebound:SlimeBrawl","Slimebound:LeechingTouch"],"picked":"Slimebound:SplitBruiser","floor":2},{"not_picked":["Slimebound:SplitLeeching","Slimebound:Dissolve"],"picked":"Slimebound:ComboTackle","floor":3},{"not_picked":["Slimebound:SplitLeeching","Slimebound:SlimeSpikes"],"picked":"Slimebound:FinishingTackle","floor":4},{"not_picked":["Slimebound:SlimeSpikes","Slimebound:RejuvenatingLick"],"picked":"Slimebound:SamplingLick","floor":5},{"not_picked":["Slimebound:AcidTongue","Slimebound:ProtectTheBoss"],"picked":"Slimebound:SlimeTap","floor":6},{"not_picked":["Slimebound:CheckThePlaybook","Slimebound:ItLooksTasty"],"picked":"Slimebound:Prepare","floor":9},{"not_picked":["Slimebound:GoopSpray","Slimebound:ProtectTheBoss"],"picked":"Slimebound:Equalize","floor":10},{"not_picked":["Slimebound:SplitBruiser","Slimebound:FirmFortitude","Slimebound:SlimeBrawl"],"picked":"Slimebound:RollThrough","floor":13},{"not_picked":["Slimebound:LeechEnergy","Slimebound:LivingWall","Slimebound:DisruptingSlam"],"picked":"Slimebound:GoopTackle","floor":14},{"not_picked":["Slimebound:RainOfGoop","Slimebound:SplitBruiser","Slimebound:SamplingLick","Slimebound:DisruptingSlam"],"picked":"SKIP","floor":15}],"player_experience":185194,"relics_obtained":[{"floor":6,"key":"Calipers"},{"floor":7,"key":"TungstenRod"},{"floor":9,"key":"Odd Mushroom"},{"floor":12,"key":"Question Card"},{"floor":13,"key":"Ornamental Fan"}],"event_choices":[{"damage_healed":0,"gold_gain":0,"player_choice":"Fought Mushrooms","damage_taken":0,"max_hp_gain":0,"max_hp_loss":0,"event_name":"Mushrooms","floor":9,"gold_loss":0}],"is_beta":false,"boss_relics":[],"items_purged_floors":[],"is_endless":false,"potions_floor_spawned":[2,6,14,15],"killed_by":"DF_ARCHETYPE_STREAMLINE","ascension_level":1}}