{"host":"ne5hixkhdtkevwwo","time":1613487002,"event":{"mods":["BaseMod","Downfall","Minty Spire (QoL Compilation)","Relic Stats","StSLib"],"gold_per_floor":[99,110,128,139,239,28,28,28,47,62,79,96,96,112,130,228,228,228,241,255,255,265,278,278,278,278,278],"floor_reached":25,"language":"ENG","playtime":1506,"items_purged":["Parasite"],"score":231,"play_id":"030cf968-6f0e-4080-8aed-d052f61f3ba0","local_time":"20210216155002","is_ascension_mode":true,"campfire_choices":[{"data":"Guardian:TwinSlam","floor":1,"key":"SMITH"},{"floor":8,"key":"REST"},{"data":"Guardian:HyperBeam_Guardian","floor":13,"key":"SMITH"},{"data":"Guardian:GemFire","floor":18,"key":"SMITH"}],"circlet_count":0,"master_deck":["Guardian:CurlUp","Guardian:TwinSlam+1","Guardian:PrimingBeam","Guardian:Incinerate","Guardian:WalkerClaw","Guardian:AncientConstruct","Trip","Guardian:ChargeCore","Guardian:CompilePackage","Guardian:CrystalBeam","Guardian:SpikerProtocol","Guardian:TemporalShield","Guardian:HyperBeam_Guardian+1","Guardian:EvasiveProtocol","Guardian:ArmoredProtocol","Guardian:SphericShield","Guardian:DecasProtection","Guardian:Preprogram","Guardian:ShieldCharger","Guardian:RefractedBeam","Guardian:RevengeProtocol","Guardian:BaubleBeam","Guardian:GemFire+1","Guardian:Clone","Guardian:BronzeArmor","Guardian:PiercingHide","Guardian:Gem_Crimson"],"relics":["SacredBark","downfall:GremlinSack","The Courier","Pandora\u0027s Box","Nilry\u0027s Codex","Kunai"],"acts_visited":["Exordium","TheCity"],"potions_floor_usage":[15,16,22,25],"damage_taken":[{"damage":0,"enemies":"2 Louse","floor":2,"turns":3},{"damage":1,"enemies":"Cultist","floor":3,"turns":3},{"damage":0,"enemies":"Jaw Worm","floor":4,"turns":3},{"damage":40,"enemies":"Jaw Worm","floor":5,"turns":6},{"damage":4,"enemies":"downfall:FleeingMerchant","floor":6,"turns":4},{"damage":3,"enemies":"Blue Slaver","floor":9,"turns":3},{"damage":7,"enemies":"2 Fungi Beasts","floor":10,"turns":3},{"damage":1,"enemies":"downfall:LooterAlt","floor":11,"turns":3},{"damage":0,"enemies":"Blue Slaver","floor":12,"turns":3},{"damage":0,"enemies":"2 Fungi Beasts","floor":14,"turns":1},{"damage":0,"enemies":"Exordium Thugs","floor":15,"turns":1},{"damage":44,"enemies":"WA_ARCHETYPE_RETAIN","floor":16,"turns":11},{"damage":4,"enemies":"Chosen","floor":19,"turns":3},{"damage":0,"enemies":"3 Byrds","floor":20,"turns":2},{"damage":0,"enemies":"Snake Plant","floor":22,"turns":2},{"damage":27,"enemies":"Shelled Parasite and Fungi","floor":23,"turns":7},{"damage":30,"enemies":"Gremlin Leader","floor":25,"turns":2}],"seed_played":"-8048483547741393808","potions_obtained":[{"floor":4,"key":"Guardian:AcceleratePotion"},{"floor":5,"key":"FearPotion"},{"floor":10,"key":"Dexterity Potion"},{"floor":15,"key":"Dexterity Potion"},{"floor":16,"key":"bronze:BurnAndBuffPotion"},{"floor":23,"key":"PowerPotion"}],"is_trial":false,"path_per_floor":["R","M","M","M","?","$","T","R","M","M","M","M","R","M","M","B",null,"R","M","M","?","M","M","T","E"],"character_chosen":"GUARDIAN","items_purchased":["Guardian:CompilePackage","Guardian:CrystalBeam"],"campfire_rested":1,"item_purchase_floors":[6,6],"current_hp_per_floor":[80,80,79,79,39,35,35,58,55,48,47,47,47,47,47,3,77,77,73,73,57,57,30,30,0,0,0],"gold":278,"neow_bonus":"BOSS_RELIC","is_daily":false,"chose_seed":false,"campfire_upgraded":3,"win_rate":0.0,"timestamp":1613487002,"path_taken":["R","M","M","M","?","$","T","R","M","M","M","?","R","M","M","BOSS","R","M","M","?","M","M","T","E"],"items_purchased_type":["Card","Card"],"build_version":"2020-12-22","purchased_purges":1,"victory":false,"max_hp_per_floor":[80,80,80,80,80,77,77,77,77,77,77,77,77,77,77,77,77,77,77,77,77,77,77,77,77,77,77],"relic_stats":{"counters":[17,60],"Pandora\u0027s Box":["Guardian:DecasProtection","Guardian:Preprogram","Guardian:ShieldCharger","Guardian:RefractedBeam","Guardian:Gem_Blue","Guardian:RevengeProtocol","Guardian:BaubleBeam","Guardian:GemFire"],"Kunai":[0],"obtain_stats":[{"downfall:GremlinSack":5,"Nilry\u0027s Codex":21,"SacredBark":0,"Guardian:ModeShifter":0,"Pandora\u0027s Box":17,"The Courier":7,"Kunai":24},{"downfall:GremlinSack":4,"Nilry\u0027s Codex":14,"SacredBark":0,"Guardian:ModeShifter":0,"Pandora\u0027s Box":12,"The Courier":5,"Kunai":16},{"downfall:GremlinSack":15,"Nilry\u0027s Codex":49,"SacredBark":0,"Guardian:ModeShifter":0,"Pandora\u0027s Box":44,"The Courier":19,"Kunai":58}]},"card_choices":[{"not_picked":["Guardian:CrystalBeam","Guardian:GuardianWhirl"],"picked":"Guardian:PrimingBeam","floor":2},{"not_picked":["Guardian:RollAttack","Guardian:CrystalBeam"],"picked":"Guardian:Gem_Green","floor":3},{"not_picked":["Guardian:ShieldCharger","Guardian:Recover"],"picked":"Guardian:Incinerate","floor":4},{"not_picked":["Guardian:Emergency","Guardian:Recover"],"picked":"Guardian:Gem_Crimson","floor":5},{"not_picked":["Guardian:Planning","Guardian:GuardianWhirl"],"picked":"Guardian:ChargeCore","floor":6},{"not_picked":["Guardian:RefractedBeam","Guardian:Clone"],"picked":"Guardian:SpikerProtocol","floor":9},{"not_picked":["Guardian:WalkerClaw","Guardian:Reroute"],"picked":"Guardian:TemporalShield","floor":10},{"not_picked":["Guardian:Gem_Purple","Guardian:WalkerClaw"],"picked":"Guardian:Gem_White","floor":11},{"not_picked":["Guardian:ChargeUp","Guardian:WalkerClaw"],"picked":"Guardian:HyperBeam_Guardian","floor":12},{"not_picked":["Guardian:PrismaticBarrier","Guardian:Harden"],"picked":"Guardian:EvasiveProtocol","floor":14},{"not_picked":["Guardian:Incinerate","Guardian:Planning"],"picked":"Guardian:ArmoredProtocol","floor":15},{"not_picked":["Guardian:CompilePackage","Guardian:RevengeProtocol"],"picked":"Guardian:SphericShield","floor":16},{"not_picked":["Guardian:TemporalStrike","Guardian:Incinerate+1"],"picked":"Guardian:Clone","floor":19},{"not_picked":["Guardian:SpikerProtocol","Guardian:TemporalStrike"],"picked":"Guardian:BronzeArmor","floor":20},{"not_picked":["Guardian:ShieldCharger","Guardian:RollAttack"],"picked":"Guardian:PiercingHide","floor":22},{"not_picked":["Guardian:Repulse+1","Guardian:ArmoredProtocol"],"picked":"Guardian:Gem_Crimson","floor":23}],"player_experience":1082673,"relics_obtained":[{"floor":5,"key":"downfall:GremlinSack"},{"floor":7,"key":"The Courier"},{"floor":21,"key":"Nilry\u0027s Codex"},{"floor":24,"key":"Kunai"}],"event_choices":[],"is_beta":false,"boss_relics":[{"not_picked":["bronze:MakeshiftBattery","Astrolabe"],"picked":"Pandora\u0027s Box"}],"items_purged_floors":[6],"is_endless":false,"potions_floor_spawned":[4,5,10,15,16,23],"killed_by":"Gremlin Leader","ascension_level":3}}