{"host":"adt9pv9dmmkchns7","time":1613500566,"event":{"mods":["AchievementEnabler","Aspiration","BaseMod","Beaked The Cultist","Better Third Choice","Curses Come First","Energized Spire","Minty Spire (QoL Compilation)","Permanent Neow","Potionbrewer","Quick Restart","Reliquary","Replay The Spire","Robot Space Explorer","Shade Mod","Spicy Shops","StSLib","The Blackbeard","The Cursed","The Forsaken","The Gatherer","The Necromancer","Wandering Minibosses"],"gold_per_floor":[114,128,139,139,155,189,189,222,222,222,67,102,115,129,129,233,233,244,244,260,221,287,317,317,350,403,403,415,428,428,445,445,545,545,564,584,604,604,623,650,650,660,686,417,447,497,366,380,380,380,380,380],"floor_reached":50,"language":"ENG","playtime":6684,"items_purged":["Voices"],"score":901,"play_id":"97c672a2-604e-4d8b-99c5-aa8e7b1d6375","local_time":"20210216193606","is_ascension_mode":true,"metric_token":1489,"campfire_choices":[{"floor":7,"key":"RECALL"},{"data":"Gatherer:PoisonMastery","floor":10,"key":"SMITH"},{"floor":15,"key":"REST"},{"data":"Gatherer:UpgradeBag","floor":24,"key":"SMITH"},{"data":"Gatherer:FlowerPower+1","floor":27,"key":"SMITH"},{"data":"Gatherer:PoisonMastery","floor":32,"key":"SMITH"},{"data":"Gatherer:Misfortune","floor":41,"key":"SMITH"},{"data":"Gatherer:FlowerPower+2","floor":49,"key":"SMITH"}],"circlet_count":0,"master_deck":["Gatherer:Centralize","Gatherer:FlowerWhip","Gatherer:FragileHammer","Gatherer:SaveValuables","Gatherer:VenomBarrier","Replay:Sssssssssshield","Gatherer:PoisonMastery+1","Gatherer:FlowerFalling","Pot Of Greed","Pot Of Greed","Gatherer:Snatch","Gatherer:UpgradeBag+1","Gatherer:Liquidism","Gatherer:PoisonMastery+1","Gatherer:SmartManeuver+1","Gatherer:RecoveryHerb+1","Gatherer:Photoscythe+1","Pot Of Greed","Gatherer:RottenStipe+1","Gatherer:Snatch+1","Gatherer:Misfortune+1","Gatherer:FlowerFalling","Gatherer:FlowerPower+3","Gatherer:MiningStrike","Gatherer:Enchant","Gatherer:VenomBarrier","Gatherer:Bulldoze","Gatherer:BlackTea","Gatherer:BomberForm","Gatherer:Convert","Gatherer:Solidify","Gatherer:FlowerFalling","Pot Of Greed","Gatherer:WitheringStrike","Gatherer:Frenzy+1","Gatherer:AromaProtection+1","Gatherer:PoisonMastery+1","Gatherer:BalancedGrowth+1","Gatherer:PoisonMastery","Gatherer:DrugPower+1","Specialist","Gatherer:CollectorsShot","Pot Of Greed","Gatherer:EchoOfNature","Gatherer:FeelingFine+1"],"relics":["Gatherer:AlchemyBag","Ice Cream","potionbrewer:ToyAutogyro","theForsaken:Kindling","Divine Protection","potionbrewer:DrinkingBird","Grinning Jar","Astrolabe","Ring of Panic","wanderingMiniBosses:ThiefScarf","Ring of Fangs","Replay:WaspNest","TungstenRod","Pandora\u0027s Box","Omamori","Vajra","aspiration:Lifesprig","Ginger","Strange Spoon","reliquary:Boomerang","Oddly Smooth Stone"],"acts_visited":["Exordium","TheCity","TheBeyond"],"potions_floor_usage":[8,8,8,16,16,21,21,22,23,25,29,33,33,37,39,42,45,46,50,50],"damage_taken":[{"damage":2,"enemies":"Jaw Worm","floor":1,"turns":3},{"damage":0,"enemies":"Cultist","floor":2,"turns":4},{"damage":0,"enemies":"2 Louse","floor":3,"turns":1},{"damage":0,"enemies":"Large Slime","floor":5,"turns":4},{"damage":42,"enemies":"Gremlin Nob","floor":6,"turns":6},{"damage":0,"enemies":"3 Sentries","floor":8,"turns":6},{"damage":5,"enemies":"Lagavulin","floor":12,"turns":6},{"damage":0,"enemies":"Red Slaver","floor":13,"turns":3},{"damage":0,"enemies":"Blue Slaver","floor":14,"turns":2},{"damage":0,"enemies":"The Guardian","floor":16,"turns":10},{"damage":1,"enemies":"Shell Parasite","floor":18,"turns":4},{"damage":0,"enemies":"2 Thieves","floor":20,"turns":2},{"damage":0,"enemies":"Snake Plant","floor":21,"turns":5},{"damage":10,"enemies":"Shelled Parasite and Fungi","floor":22,"turns":3},{"damage":17,"enemies":"Slavers","floor":23,"turns":5},{"damage":0,"enemies":"Book of Stabbing","floor":25,"turns":3},{"damage":0,"enemies":"3 Cultists","floor":28,"turns":4},{"damage":0,"enemies":"Centurion and Healer","floor":29,"turns":5},{"damage":0,"enemies":"Shelled Parasite and Fungi","floor":31,"turns":3},{"damage":26,"enemies":"Automaton","floor":33,"turns":8},{"damage":0,"enemies":"3 Darklings","floor":35,"turns":5},{"damage":0,"enemies":"3 Shapes","floor":36,"turns":2},{"damage":13,"enemies":"Writhing Mass","floor":37,"turns":4},{"damage":2,"enemies":"Maw","floor":39,"turns":4},{"damage":0,"enemies":"Giant Head","floor":40,"turns":6},{"damage":0,"enemies":"Jaw Worm Horde","floor":42,"turns":3},{"damage":6,"enemies":"Reptomancer","floor":45,"turns":4},{"damage":0,"enemies":"Mind Bloom Boss Battle","floor":46,"turns":3},{"damage":0,"enemies":"Sphere and 2 Shapes","floor":48,"turns":4},{"damage":73,"enemies":"Time Eater","floor":50,"turns":7}],"seed_played":"2804862323822869363","potions_obtained":[{"floor":5,"key":"SmokeBomb"},{"floor":6,"key":"potionbrewer:SplittingPotion"},{"floor":12,"key":"Weak Potion"},{"floor":13,"key":"Flashbang"},{"floor":22,"key":"potionbrewer:MidasPotion"},{"floor":23,"key":"Explosive Potion"},{"floor":25,"key":"LifebloodPotion"},{"floor":35,"key":"LiquidBronze"},{"floor":39,"key":"SpeedPotion"},{"floor":40,"key":"DuplicationPotion"}],"is_trial":false,"path_per_floor":["M","M","M","?","M","E","R","E","T","R","$","E","M","M","R","B",null,"M","?","M","M","M","E","R","E","T","R","M","M","?","M","R","B",null,"M","M","M","?","M","E","R","M","T","$","E","?","$","M","R","B"],"character_chosen":"THE_GATHERER","items_purchased":["potionbrewer:DrinkingBird","Specialist","Strange Spoon","Gatherer:EchoOfNature"],"campfire_rested":1,"item_purchase_floors":[11,44,47,47],"current_hp_per_floor":[63,63,63,63,63,21,21,21,21,21,21,16,16,16,40,40,70,69,69,69,70,60,46,46,46,46,46,46,51,51,51,51,27,70,70,70,57,57,60,61,61,69,69,69,63,65,65,65,65,0,0,0],"gold":380,"neow_bonus":"ONE_RARE_RELIC","is_daily":false,"chose_seed":false,"campfire_upgraded":6,"win_rate":0.0,"timestamp":1613500566,"path_taken":["M","M","M","?","?","E","R","E","T","R","$","E","M","M","R","BOSS","M","?","M","M","M","E","R","E","T","R","M","M","?","M","R","BOSS","M","M","M","?","M","E","R","?","T","$","E","?","$","M","R","BOSS"],"items_purchased_type":["Relic","Card","Relic","Card"],"build_version":"2020-12-22","purchased_purges":1,"victory":false,"max_hp_per_floor":[65,65,65,65,65,65,65,65,65,65,65,65,65,65,70,70,70,70,70,70,70,70,70,70,70,70,70,70,70,70,70,70,70,70,70,70,70,70,70,70,70,78,78,78,78,78,78,78,78,78,78,78],"card_choices":[{"not_picked":["Gatherer:WoolGloves","Gatherer:GatherMaterial"],"picked":"Gatherer:FragileHammer","floor":1},{"not_picked":["Gatherer:AromaProtection","Gatherer:WoolGloves"],"picked":"Gatherer:SaveValuables","floor":2},{"not_picked":["Gatherer:FlowerShield","Gatherer:FlowerPower"],"picked":"Gatherer:GrowBook","floor":3},{"not_picked":["Gatherer:Pollute","Gatherer:DrugPower"],"picked":"Gatherer:VenomBarrier","floor":5},{"not_picked":["Gatherer:AromaProtection","Gatherer:EnergyBasket"],"picked":"Gatherer:PoisonMastery","floor":6},{"not_picked":["Gatherer:Frenzy","Gatherer:ScherryThrow"],"picked":"Gatherer:FlowerFalling","floor":8},{"not_picked":["Gatherer:BambuSword","Gatherer:DrugPower"],"picked":"Gatherer:Snatch","floor":12},{"not_picked":["Gatherer:FlowerBeam","Gatherer:EchoOfNature"],"picked":"Gatherer:UpgradeBag","floor":13},{"not_picked":["Gatherer:FlowerBeam","Gatherer:GatherMaterial"],"picked":"Gatherer:Liquidism","floor":14},{"not_picked":["Gatherer:GrowBook","Gatherer:Overflowing"],"picked":"Gatherer:PoisonMastery","floor":16},{"not_picked":["Gatherer:Duality","Gatherer:Liquidism"],"picked":"Gatherer:RottenStipe+1","floor":18},{"not_picked":["Gatherer:FlowerShield","Gatherer:Frenzy"],"picked":"Gatherer:Snatch+1","floor":20},{"not_picked":["Gatherer:Convert+1","Gatherer:EnergyBasket"],"picked":"Gatherer:Misfortune","floor":21},{"not_picked":["Gatherer:ScrollOfWall","Gatherer:SaveValuables","Gatherer:Herbalism"],"picked":"SKIP","floor":22},{"not_picked":["Gatherer:EnergyBasket","Gatherer:Frenzy"],"picked":"Gatherer:FlowerFalling","floor":23},{"not_picked":["Gatherer:Liquidism","Gatherer:FruitForce"],"picked":"Gatherer:FlowerPower+1","floor":25},{"not_picked":["Gatherer:Convert","Gatherer:TacticalStrike","Gatherer:CarefulStrike"],"picked":"SKIP","floor":28},{"not_picked":["Gatherer:Convert","Gatherer:EnergyBasket"],"picked":"Gatherer:MiningStrike","floor":29},{"not_picked":["Gatherer:FragileHammer","Gatherer:TacticalStrike+1"],"picked":"Gatherer:Bulldoze","floor":31},{"not_picked":["Gatherer:GrowBook","Gatherer:Bulldoze"],"picked":"Gatherer:BlackTea","floor":33},{"not_picked":["Gatherer:DrugPower+1","Gatherer:CarefulStrike"],"picked":"Gatherer:WitheringStrike","floor":35},{"not_picked":["Gatherer:PotentialSlash+1","Gatherer:EnergyBasket"],"picked":"Gatherer:Frenzy+1","floor":36},{"not_picked":["Gatherer:BambuSword","Gatherer:EnergyBasket"],"picked":"Gatherer:AromaProtection+1","floor":37},{"not_picked":["Gatherer:SaveValuables+1","Gatherer:OddSpoils"],"picked":"Gatherer:BalancedGrowth+1","floor":39},{"not_picked":["Gatherer:Convert","Gatherer:SealedBomb+1"],"picked":"Gatherer:PoisonMastery","floor":40},{"not_picked":["Gatherer:GatherMaterial","Gatherer:BambuSword"],"picked":"Gatherer:DrugPower+1","floor":42},{"not_picked":["Gatherer:ScentOfRosmari+1","Gatherer:FlowerFalling+1","Gatherer:BambuSword+1"],"picked":"SKIP","floor":45},{"not_picked":["Gatherer:Uplift","Gatherer:RottenStipe+1"],"picked":"Gatherer:CollectorsShot","floor":46},{"not_picked":["Gatherer:EnergyBasket+1","Gatherer:FlowerShield"],"picked":"Gatherer:FeelingFine+1","floor":48}],"player_experience":958460,"relics_obtained":[{"floor":6,"key":"potionbrewer:ToyAutogyro"},{"floor":8,"key":"theForsaken:Kindling"},{"floor":9,"key":"Divine Protection"},{"floor":12,"key":"Grinning Jar"},{"floor":19,"key":"Ring of Panic"},{"floor":19,"key":"Ring of Fangs"},{"floor":22,"key":"wanderingMiniBosses:ThiefScarf"},{"floor":22,"key":"Ring of Fangs"},{"floor":23,"key":"Replay:WaspNest"},{"floor":25,"key":"TungstenRod"},{"floor":40,"key":"Omamori"},{"floor":43,"key":"Vajra"},{"floor":45,"key":"aspiration:Lifesprig"},{"floor":46,"key":"Ginger"}],"event_choices":[{"cards_removed":["Gatherer:Defend_Gatherer"],"damage_healed":0,"gold_gain":0,"player_choice":"Offered Basic","damage_taken":0,"max_hp_gain":0,"max_hp_loss":0,"event_name":"Bonfire Elementals","floor":4,"gold_loss":0},{"damage_healed":0,"gold_gain":0,"cards_transformed":["Gatherer:Strike_Gatherer","Gatherer:Defend_Gatherer"],"player_choice":"Became Test Subject","damage_taken":0,"max_hp_gain":0,"max_hp_loss":0,"event_name":"Drug Dealer","floor":30,"gold_loss":0,"cards_obtained":["Gatherer:Enchant","Gatherer:VenomBarrier"]},{"damage_healed":0,"gold_gain":0,"player_choice":"Copied","damage_taken":0,"max_hp_gain":0,"max_hp_loss":0,"event_name":"Duplicator","floor":38,"gold_loss":0,"cards_obtained":["Gatherer:PoisonMastery"]},{"damage_healed":0,"gold_gain":0,"player_choice":"Fight","damage_taken":0,"max_hp_gain":0,"max_hp_loss":0,"event_name":"MindBloom","floor":46,"gold_loss":0}],"is_beta":false,"boss_relics":[{"not_picked":["energizedSpire:CursedPentagram","Black Star"],"picked":"Astrolabe"},{"not_picked":["Kintsugi","Sozu"],"picked":"Pandora\u0027s Box"}],"items_purged_floors":[44],"is_endless":false,"potions_floor_spawned":[5,6,12,13,22,23,25,28,35,39,40,46],"killed_by":"Time Eater","ascension_level":3}}