{"host":"9rqxlbwknj581inl","time":1613459287,"event":{"mods":["BaseMod","Colored Map","Colored Powertips","Minty Spire (QoL Compilation)","Quick Restart","Random Character Mod"],"gold_per_floor":[119,119,44,60,73,101,101,112,112,123,143,143,143,143,143,239,239,249,249,261,261,360,360,371,371,421,433,444,444,444],"floor_reached":29,"language":"ENG","playtime":1662,"items_purged":["Strike_R"],"score":227,"play_id":"4aabea28-899b-4484-a1e5-8a3e5408e9c8","local_time":"20210216000807","is_ascension_mode":false,"campfire_choices":[{"data":"Bash","floor":7,"key":"SMITH"},{"floor":13,"key":"REST"},{"floor":15,"key":"REST"},{"floor":23,"key":"REST"},{"floor":25,"key":"REST"}],"circlet_count":0,"master_deck":["Strike_R","Strike_R","Strike_R","Strike_R","Defend_R","Defend_R","Defend_R","Defend_R","Bash+1","Spot Weakness+1","Pummel","Power Through","Cleave","Anger","Writhe","Anger","Clash","Reaper","Armaments+1","Thunderclap","Decay","Sword Boomerang"],"relics":["Cursed Key","Blood Vial","Oddly Smooth Stone","Ornamental Fan","NlothsMask","Black Star","Enchiridion"],"acts_visited":["Exordium","TheCity"],"potions_floor_usage":[11,16,16,16],"damage_taken":[{"damage":3,"enemies":"2 Louse","floor":1,"turns":2},{"damage":5,"enemies":"Small Slimes","floor":4,"turns":2},{"damage":6,"enemies":"Cultist","floor":5,"turns":3},{"damage":35,"enemies":"Gremlin Nob","floor":6,"turns":4},{"damage":11,"enemies":"Exordium Wildlife","floor":8,"turns":2},{"damage":5,"enemies":"3 Louse","floor":10,"turns":3},{"damage":3,"enemies":"Exordium Thugs","floor":11,"turns":3},{"damage":30,"enemies":"The Guardian","floor":16,"turns":5},{"damage":44,"enemies":"Spheric Guardian","floor":18,"turns":6},{"damage":6,"enemies":"Shell Parasite","floor":20,"turns":3},{"damage":22,"enemies":"Centurion and Healer","floor":24,"turns":7},{"damage":16,"enemies":"Sentry and Sphere","floor":27,"turns":5},{"damage":26,"enemies":"Shelled Parasite and Fungi","floor":28,"turns":4},{"damage":35,"enemies":"Slavers","floor":29,"turns":1}],"seed_played":"5964371031656758125","potions_obtained":[{"floor":6,"key":"SkillPotion"},{"floor":8,"key":"Explosive Potion"},{"floor":10,"key":"PowerPotion"},{"floor":11,"key":"Strength Potion"},{"floor":20,"key":"Energy Potion"},{"floor":27,"key":"Dexterity Potion"},{"floor":28,"key":"PowerPotion"}],"is_trial":false,"path_per_floor":["M","?","$","M","M","E","R","M","T","M","M","?","R","?","R","B",null,"M","?","M","?","?","R","M","R","T","M","M","E"],"character_chosen":"IRONCLAD","items_purchased":[],"campfire_rested":4,"item_purchase_floors":[],"current_hp_per_floor":[77,77,77,72,66,31,31,22,22,19,18,18,42,42,66,38,80,40,24,20,5,5,30,17,42,42,33,16,0,0],"gold":444,"neow_bonus":"BOSS_RELIC","is_daily":false,"chose_seed":false,"campfire_upgraded":1,"win_rate":0.0,"timestamp":1613459287,"path_taken":["M","?","$","M","M","E","R","M","T","M","M","?","R","?","R","BOSS","M","?","M","?","?","R","M","R","T","M","M","E"],"items_purchased_type":[],"build_version":"2020-12-22","purchased_purges":1,"victory":false,"max_hp_per_floor":[80,80,80,80,80,80,80,80,80,80,80,80,80,80,80,80,80,80,80,80,85,85,85,85,85,85,85,85,85,85],"card_choices":[{"not_picked":["Twin Strike","Flex"],"picked":"Spot Weakness","floor":1},{"not_picked":["Iron Wave","Dual Wield"],"picked":"Pummel","floor":4},{"not_picked":["Blood for Blood","Heavy Blade"],"picked":"Power Through","floor":5},{"not_picked":["Headbutt","Shockwave"],"picked":"Cleave","floor":6},{"not_picked":["Headbutt","Iron Wave"],"picked":"Anger","floor":8},{"not_picked":["Flex","Wild Strike"],"picked":"Anger","floor":10},{"not_picked":["Shockwave","Perfected Strike"],"picked":"Clash","floor":11},{"not_picked":["Brutality","Bludgeon"],"picked":"Reaper","floor":16},{"not_picked":["Pommel Strike","True Grit"],"picked":"Armaments+1","floor":18},{"not_picked":["Wild Strike","Hemokinesis"],"picked":"Thunderclap","floor":20},{"not_picked":["Flex","Armaments+1","Wild Strike+1"],"picked":"SKIP","floor":24},{"not_picked":["Rupture+1","Combust+1"],"picked":"Sword Boomerang","floor":27},{"not_picked":["Sword Boomerang","Clothesline","Immolate"],"picked":"SKIP","floor":28}],"player_experience":279875,"relics_obtained":[{"floor":6,"key":"Blood Vial"},{"floor":9,"key":"Oddly Smooth Stone"},{"floor":19,"key":"Enchiridion"}],"event_choices":[{"damage_healed":0,"gold_gain":0,"player_choice":"Grow","damage_taken":0,"max_hp_gain":0,"max_hp_loss":0,"event_name":"Living Wall","floor":2,"gold_loss":0,"cards_upgraded":["Spot Weakness"]},{"damage_healed":0,"gold_gain":0,"player_choice":"Searched \u00272\u0027 times","damage_taken":0,"relics_obtained":["Ornamental Fan"],"max_hp_gain":0,"max_hp_loss":0,"event_name":"Dead Adventurer","floor":12,"gold_loss":0},{"damage_healed":0,"gold_gain":0,"player_choice":"Trade","damage_taken":0,"relics_obtained":["NlothsMask"],"max_hp_gain":0,"max_hp_loss":0,"event_name":"FaceTrader","floor":14,"gold_loss":0},{"damage_healed":0,"gold_gain":0,"player_choice":"Obtained Book","damage_taken":16,"max_hp_gain":0,"max_hp_loss":0,"event_name":"Cursed Tome","floor":19,"gold_loss":0},{"damage_healed":0,"gold_gain":0,"player_choice":"Shed Blood","damage_taken":20,"max_hp_gain":5,"max_hp_loss":0,"event_name":"Forgotten Altar","floor":21,"gold_loss":0},{"damage_healed":0,"gold_gain":99,"player_choice":"Stole From Cult","damage_taken":0,"max_hp_gain":0,"max_hp_loss":0,"event_name":"Nest","floor":22,"gold_loss":0}],"is_beta":false,"boss_relics":[{"not_picked":["Fusion Hammer","Runic Cube"],"picked":"Black Star"}],"items_purged_floors":[3],"is_endless":false,"potions_floor_spawned":[6,8,10,11,20,27,28],"killed_by":"Slavers","ascension_level":0}}