{"host":"Ringo","time":1613471455,"event":{"mods":["BaseMod","Colored Map","Conspire","Dota2Spire","Hubris","Minty Spire (QoL Compilation)","Replay The Spire","StSLib","The Construct","[IsaacMod]ÒÔÈö¼âËþ","¡¾ÒÅÎï¿¨ÅÆ¡¿REMEMod"],"gold_per_floor":[114,125,125,213,229,361,386,420,466,595,626,656,682,607,607,683,683,703,853,886,886,886,914,948,948,948,975,1003,1031,906,939,939,1015,1015,1033,1033,1051,1051,1051,1083,1083,1116,1116,1116,1143,1143,1162,1189,1189,1189,1189],"floor_reached":52,"language":"ZHS","playtime":1172,"items_purged":["Run Through","Writhe","Replay:Undeath\u0027s Touch"],"score":3693,"play_id":"84468bd5-e39d-4abc-9dd1-bf587feb14aa","local_time":"20210216183055","daily_mods":["SealedDeck","Vintage","Colorless Cards","Heirloom","Time Dilation","Flight","DeadlyEvents","Elite Swarm","Lethality","Binary"],"is_ascension_mode":true,"campfire_choices":[{"data":"Armaments","floor":15,"key":"SMITH"},{"data":"ReplayTheSpireMod:Trickstab","floor":15,"key":"SMITH"},{"floor":32,"key":"DIG"},{"data":"Metallicize","floor":44,"key":"SMITH"},{"data":"REME_Flogging","floor":44,"key":"SMITH"},{"data":"Magnetism","floor":46,"key":"SMITH"},{"data":"Spot Weakness","floor":46,"key":"SMITH"},{"data":"Iron Wave","floor":49,"key":"SMITH"},{"data":"Inflame","floor":49,"key":"SMITH"}],"circlet_count":0,"master_deck":["AscendersBane","construct:Hazardproof","Flex","Pommel Strike+1","conspire:ExplosiveBarrier","Anger","Flash of Steel","Cleave","ReplayTheSpireMod:Trickstab+1","Iron Wave+1","Thunderclap","Armaments+1","Inflame+1","Shrug It Off","REME_Flogging+1","Metallicize+1","Spot Weakness+1","Dropkick+1","construct:Boost","Limit Break+1","Good Instincts","Evolve","Sword Boomerang+1","Dramatic Entrance","hubris:ReadiedAction+1","Magnetism+1","ReplayTheSpireMod:Stacked"],"relics":["Burning Blood","Busted Crown","HushsDoor","REME_ComplimentaryCards","replay:Trail_Library","SteamSale","Replay:Arrowhead","conspire:Flyswatter","Dota2Spire:UrnOfShadows","hubris:Icosahedron","DoctorsRemote","Lantern","Garlic","hubris:OldNail","DeadEye","Dota2Spire:AghanimScepter","TheBean","TheBible","SteamSale","Bag of Preparation","Pen Nib","Frozen Eye","Dota2Spire:Bloodstone","ReplayTheSpireMod:Spearhead","Orichalcum","Sundial","ReplayTheSpireMod:CursedCoin","Red Mask","MutagenicStrength","conspire:Dentures","hubris:TenFootPole","conspire:TreasureMap","Dota2Spire:OrchidMalevolence","conspire:DeflatedDodgeball","Mummified Hand","Dota2Spire:MonkeyKingBar","ReplayTheSpireMod:TigerMarble","Replay:Multitool","ClockworkSouvenir","Omamori","AnarchistCookbook","ReplayTheSpireMod:Ninjato","conspire:GlowingRock","Runic Cube","Replay:Accelerometer","REME_HourglassOfDeath","TheBattery","hubris:ChampionShield","Replay:Bottled Snecko","Membership Card","Incense Burner","Dota2Spire:Vanguard","Anchor","TheAbacus","Torii","Pantograph","Bag of Marbles","Dota2Spire:BattleFury","Replay:Rubber Ducky","hubris:MedicalManual","Whetstone"],"acts_visited":["Exordium","TheCity","TheBeyond"],"potions_floor_usage":[11,16,16,18,50,51],"damage_taken":[{"damage":0.0,"enemies":"Jaw Worm","floor":1.0,"turns":1.0},{"damage":0.0,"enemies":"Small Slimes","floor":2.0,"turns":1.0},{"damage":0.0,"enemies":"Cultist","floor":5.0,"turns":1.0},{"damage":0.0,"enemies":"Gremlin Nob","floor":6.0,"turns":2.0},{"damage":0.0,"enemies":"Lagavulin","floor":7.0,"turns":2.0},{"damage":0.0,"enemies":"Gremlin Nob","floor":8.0,"turns":2.0},{"damage":0,"enemies":"Lagavulin","floor":10,"turns":2},{"damage":0,"enemies":"3 Sentries","floor":11,"turns":1},{"damage":0,"enemies":"Gremlin Nob","floor":12,"turns":1},{"damage":0,"enemies":"Lagavulin","floor":13,"turns":2},{"damage":0,"enemies":"Hexaghost","floor":16,"turns":2},{"damage":0,"enemies":"3 Byrds","floor":18,"turns":2},{"damage":0,"enemies":"Masked Bandits","floor":20,"turns":2},{"damage":0,"enemies":"Slavers","floor":23,"turns":1},{"damage":0,"enemies":"Gremlin Leader","floor":24,"turns":1},{"damage":10,"enemies":"Replay:Snechameleon","floor":27,"turns":1},{"damage":0,"enemies":"conspire:SneckoGhost","floor":28,"turns":2},{"damage":0,"enemies":"conspire:Head Lice","floor":29,"turns":1},{"damage":0,"enemies":"conspire:SneckoGhost","floor":31,"turns":1},{"damage":0,"enemies":"Champ","floor":33,"turns":1},{"damage":0,"enemies":"Orb Walker","floor":35,"turns":1},{"damage":0,"enemies":"3 Darklings","floor":37,"turns":1},{"damage":0,"enemies":"Nemesis","floor":40,"turns":1},{"damage":0,"enemies":"R_Hoarder","floor":42,"turns":1},{"damage":0,"enemies":"Giant Head","floor":45,"turns":1},{"damage":0,"enemies":"4 Shapes","floor":47,"turns":1},{"damage":0,"enemies":"R_Hoarder","floor":48,"turns":1},{"damage":0,"enemies":"Awakened One","floor":50,"turns":2},{"damage":0,"enemies":"hubris:GrandSnecko","floor":51,"turns":1}],"seed_played":"1404352040624632326","potions_obtained":[{"floor":2.0,"key":"Explosive Potion"},{"floor":5.0,"key":"Elixir"},{"floor":6.0,"key":"SkillPotion"},{"floor":13,"key":"SteroidPotion"},{"floor":16,"key":"Dota2Spire:HealingSalve"},{"floor":18,"key":"REME_GoldPotion"},{"floor":23,"key":"Weak Potion"},{"floor":48,"key":"Venom Potion"}],"is_trial":true,"path_per_floor":["M","M","?","?","M","E","E","E","T","E","E","E","E","$","R","B",null,"M","$","?","?","?","E","E","$","T","E","E","E","$","E","R","B",null,"M","?","M","$","$","E","$","E","T","R","E","R","M","E","R","B","B",null],"character_chosen":"IRONCLAD","items_purchased":["Bag of Preparation","Pen Nib","Frozen Eye","Inflame","Shrug It Off","REME_Flogging","Orichalcum","Sundial","ReplayTheSpireMod:CursedCoin","Metallicize","Spot Weakness","Dropkick+1","conspire:TreasureMap","Dota2Spire:OrchidMalevolence","conspire:DeflatedDodgeball","Limit Break+1","Good Instincts","ClockworkSouvenir","Omamori","AnarchistCookbook","Evolve","Sword Boomerang","TheBattery","hubris:ChampionShield","Replay:Bottled Snecko","Membership Card","Incense Burner","Dota2Spire:Vanguard","TheAbacus","Torii","Pantograph","hubris:ReadiedAction+1","Magnetism"],"campfire_rested":0,"item_purchase_floors":[14,14,14,14,14,14,19,19,19,19,19,19,25,25,25,25,25,30,30,30,30,30,38,38,38,39,39,39,41,41,41,41,41],"current_hp_per_floor":[74,75,75,60,66,72,75,75,75,75,72,72,72,72,72,72,72,72,72,72,72,72,72,72,72,72,68,72,72,72,72,72,72,72,72,72,72,72,72,72,72,72,72,72,72,72,72,72,72,72,72],"gold":1189,"neow_bonus":"","is_daily":false,"chose_seed":false,"campfire_upgraded":8,"win_rate":0.0,"timestamp":1613471455,"path_taken":["M","M","?","?","?","E","E","E","T","E","E","E","E","$","R","BOSS","M","$","?","?","?","E","E","$","T","E","E","?","$","E","R","BOSS","M","?","?","$","$","E","$","E","T","R","E","R","M","E","R","BOSS","BOSS"],"items_purchased_type":["Relic","Relic","Relic","Card","Card","Card","Relic","Relic","Relic","Card","Card","Card","Relic","Relic","Relic","Card","Card","Relic","Relic","Relic","Card","Card","Relic","Relic","Relic","Relic","Relic","Relic","Relic","Relic","Relic","Card","Card"],"build_version":"2020-12-18","purchased_purges":3,"victory":true,"max_hp_per_floor":[75,75,75,75,75,75,75,75,75,75,72,72,72,72,72,72,72,72,72,72,72,72,72,72,72,72,72,72,72,72,72,72,72,72,72,72,72,72,72,72,72,72,72,72,72,72,72,72,72,72,72],"card_choices":[],"player_experience":701275,"relics_obtained":[{"floor":1.0,"key":"conspire:Flyswatter"},{"floor":2.0,"key":"Dota2Spire:UrnOfShadows"},{"floor":5.0,"key":"DoctorsRemote"},{"floor":6.0,"key":"Lantern"},{"floor":7.0,"key":"Diplopia"},{"floor":8.0,"key":"Garlic"},{"floor":9.0,"key":"hubris:OldNail"},{"floor":10,"key":"DeadEye"},{"floor":11,"key":"Dota2Spire:AghanimScepter"},{"floor":12,"key":"TheBean"},{"floor":13,"key":"TheBible"},{"floor":18,"key":"ReplayTheSpireMod:Spearhead"},{"floor":20,"key":"Red Mask"},{"floor":23,"key":"conspire:Dentures"},{"floor":24,"key":"hubris:TenFootPole"},{"floor":26,"key":"Mummified Hand"},{"floor":27,"key":"Dota2Spire:MonkeyKingBar"},{"floor":28,"key":"ReplayTheSpireMod:TigerMarble"},{"floor":29,"key":"Replay:Multitool"},{"floor":31,"key":"ReplayTheSpireMod:Ninjato"},{"floor":32,"key":"conspire:GlowingRock"},{"floor":35,"key":"Replay:Accelerometer"},{"floor":37,"key":"REME_HourglassOfDeath"},{"floor":40,"key":"Anchor"},{"floor":42,"key":"Bag of Marbles"},{"floor":43,"key":"Dota2Spire:BattleFury"},{"floor":45,"key":"Replay:Rubber Ducky"},{"floor":47,"key":"hubris:MedicalManual"},{"floor":48,"key":"Whetstone"}],"event_choices":[{"damage_healed":0,"gold_gain":0,"player_choice":"Fought Bandits","damage_taken":0,"max_hp_gain":0,"max_hp_loss":0,"event_name":"Masked Bandits","floor":20,"gold_loss":0},{"damage_healed":0,"gold_gain":0,"player_choice":"Inject Mutagens","damage_taken":0,"relics_obtained":["MutagenicStrength"],"max_hp_gain":0,"max_hp_loss":0,"event_name":"Drug Dealer","floor":21,"gold_loss":0},{"damage_healed":0,"gold_gain":0,"player_choice":"Read","damage_taken":0,"max_hp_gain":0,"max_hp_loss":0,"event_name":"The Library","floor":22,"gold_loss":0,"cards_obtained":["construct:Boost"]},{"damage_healed":0,"gold_gain":0,"player_choice":"1 cards matched","damage_taken":0,"max_hp_gain":0,"max_hp_loss":0,"event_name":"Match and Keep!","floor":36,"gold_loss":0,"cards_obtained":["Dramatic Entrance"]}],"is_beta":true,"boss_relics":[{"not_picked":["hubris:RunicObelisk","Ring of Chaos"],"picked":"Dota2Spire:Bloodstone"},{"not_picked":[]},{"not_picked":["Kintsugi","hubris:CrackedHourglass"],"picked":"Runic Cube"},{"not_picked":[]}],"items_purged_floors":[14,19,30],"is_endless":false,"potions_floor_spawned":[2,5,6,8,10,13,16,18,23,29,33,40,47,48],"ascension_level":20}}