{"host":"8lvnnmfamkc2d31d","time":1613444626,"event":{"mods":["2.2 Compatiblity","Act Like it!","Arknights","BaseMod","Colored Map","Minty Spire (QoL Compilation)","Relic Stats","StSLib"],"gold_per_floor":[113,126,143,143,143,176,176,251,251,251,277,277,302,317,317,420,420,375,375,375,375,87,87,87,87,87,87,87,87,87,87,87,87,87,87,87,87,87,87,87,87,87,87,87,87,87,87,87,87,87],"floor_reached":51,"language":"ENG","playtime":2954,"items_purged":[],"score":843,"play_id":"b5f0d650-c712-474f-b95a-72df4baa2b5a","local_time":"20210215210346","is_ascension_mode":true,"campfire_choices":[{"data":"ats:Cat Scratch","floor":7.0,"key":"SMITH"},{"data":"1","floor":10.0,"key":"LIFT"},{"data":"2","floor":12.0,"key":"LIFT"},{"floor":15.0,"key":"REST"},{"data":"3","floor":24,"key":"LIFT"},{"data":"Apotheosis","floor":32,"key":"SMITH"},{"data":"ats:Echo Reverb","floor":44,"key":"SMITH"},{"floor":49,"key":"REST"}],"circlet_count":0,"master_deck":["ats:Strike C","ats:Strike G","ats:Strike S","ats:Strike V","ats:Armor Crushing Shot","ats:Defend","ats:Defend","ats:Defend","ats:Defend","ats:Emotion Absorption","ats:Consecutive Shot Auto","ats:Poison Spread","ats:Cat Scratch+1","ats:Shell Defense","ats:Overload","ats:Mental Burst","ats:Consecutive Shot Auto","ats:Echo Reverb+1","ats:Curse Doll","ats:Closed Bolt Burst Fire","ats:Literary Storm+1","Apotheosis+1","ats:Rapid Magazine","ats:Consecutive Shot Auto","ats:Red Shift","ats:Apocalypse+1","ats:Shell Defense+1","ats:Echo Reverb+1","ats:Shell Defense+1","ats:Song Of Battle","Madness+1","Madness+1","ats:Burning Ground+1","ats:Part Time Job+1","ats:Healing Strengthening","ats:Spore Proliferation+1"],"relics":["ats:Sanity","ats:Originium","Du-Vu Doll","Girya","Lantern","Ice Cream","Ectoplasm","Mummified Hand","Nilry\u0027s Codex","Shuriken","Eternal Feather","Toxic Egg 2","MutagenicStrength","Strawberry","SacredBark","ats:Emergency Defibrillator","Pen Nib","Bottled Lightning","Dream Catcher"],"acts_visited":["Exordium","TheCity","TheBeyond"],"potions_floor_usage":[21,41,50,50,50],"damage_taken":[{"damage":8.0,"enemies":"ats:Genji","floor":1.0,"turns":5.0},{"damage":8.0,"enemies":"Jaw Worm","floor":2.0,"turns":4.0},{"damage":8.0,"enemies":"Small Slimes","floor":3.0,"turns":2.0},{"damage":39.0,"enemies":"Lagavulin","floor":6.0,"turns":8.0},{"damage":13.0,"enemies":"3 Sentries","floor":11.0,"turns":9.0},{"damage":15.0,"enemies":"Lagavulin","floor":13.0,"turns":7.0},{"damage":11.0,"enemies":"Exordium Wildlife","floor":14.0,"turns":2.0},{"damage":4.0,"enemies":"The Guardian","floor":16.0,"turns":7.0},{"damage":7.0,"enemies":"2 Thieves","floor":18.0,"turns":3.0},{"damage":0.0,"enemies":"Spheric Guardian","floor":19.0,"turns":2.0},{"damage":5.0,"enemies":"Centurion and Healer","floor":20.0,"turns":3.0},{"damage":12,"enemies":"Snake Plant","floor":21,"turns":3},{"damage":4,"enemies":"Book of Stabbing","floor":23,"turns":3},{"damage":48,"enemies":"Slavers","floor":28,"turns":14},{"damage":19,"enemies":"Gremlin Leader","floor":30,"turns":2},{"damage":15,"enemies":"Automaton","floor":33,"turns":5},{"damage":14,"enemies":"3 Shapes","floor":35,"turns":8},{"damage":1,"enemies":"Mind Bloom Boss Battle","floor":36,"turns":3},{"damage":5,"enemies":"Orb Walker","floor":38,"turns":3},{"damage":47,"enemies":"Jaw Worm Horde","floor":39,"turns":3},{"damage":17,"enemies":"Giant Head","floor":41,"turns":7},{"damage":76,"enemies":"Reptomancer","floor":45,"turns":5},{"damage":24,"enemies":"3 Darklings","floor":47,"turns":5},{"damage":2,"enemies":"Transient","floor":48,"turns":5},{"damage":85,"enemies":"Awakened One","floor":50,"turns":7}],"seed_played":"-9172807292499018628","potions_obtained":[{"floor":1.0,"key":"FearPotion"},{"floor":6.0,"key":"Swift Potion"},{"floor":11.0,"key":"Dexterity Potion"},{"floor":14.0,"key":"SteroidPotion"},{"floor":20.0,"key":"BlessingOfTheForge"},{"floor":23,"key":"Energy Potion"},{"floor":30,"key":"LiquidMemories"},{"floor":33,"key":"PowerPotion"},{"floor":39,"key":"Strength Potion"},{"floor":45,"key":"ats:Flame Arts Potion"}],"is_trial":false,"path_per_floor":["M","M","M","?","$","E","R","?","T","R","E","R","E","M","R","B",null,"M","M","M","M","$","E","R","?","T","T","E","?","E","?","R","B",null,"M","?","?","M","M","$","E","$","T","R","E","?","M","M","R","B",null],"character_chosen":"DOCTOR_CLASS","items_purchased":["Apotheosis","ats:Rapid Magazine","ats:Consecutive Shot Auto"],"campfire_rested":2,"item_purchase_floors":[22,22,22],"current_hp_per_floor":[64,56,48,82,82,43,43,32,32,32,24,24,14,3,27,28,82,77,77,72,60,60,59,59,43,43,43,82,82,76,76,89,76,89,87,88,77,83,36,36,65,65,65,86,73,73,69,89,89,23],"gold":87,"neow_bonus":"ONE_RANDOM_RARE_CARD","is_daily":false,"chose_seed":false,"campfire_upgraded":3,"win_rate":0.0,"timestamp":1613444626,"path_taken":["M","M","M","?","?","E","R","?","T","R","E","R","E","M","R","BOSS","M","M","M","M","$","E","R","?","T","?","E","?","E","?","R","BOSS","M","?","?","M","M","?","E","$","T","R","E","?","?","M","R","BOSS"],"items_purchased_type":["Card","Card","Card"],"build_version":"2020-12-22","purchased_purges":0,"victory":true,"max_hp_per_floor":[72,72,72,82,82,82,82,82,82,82,82,82,82,82,82,82,82,82,82,82,82,82,82,82,82,82,82,82,82,89,89,89,89,89,89,89,89,89,89,89,89,89,89,89,89,89,89,89,89,89],"relic_stats":{"Dream Catcher":1,"counters":[25,124],"Mummified Hand":[40],"Shuriken":[15],"Eternal Feather":34,"Ectoplasm":585,"Pen Nib":[3],"obtain_stats":[{"Ice Cream":13,"Girya":9,"Lantern":11,"Nilry\u0027s Codex":25,"SacredBark":34,"Eternal Feather":27,"Pen Nib":41,"Du-Vu Doll":6,"Dream Catcher":45,"ats:Originium":6,"Mummified Hand":23,"Shuriken":26,"MutagenicStrength":29,"Strawberry":30,"Ectoplasm":17,"ats:Emergency Defibrillator":36,"ats:Sanity":0,"Bottled Lightning":43,"Toxic Egg 2":28},{"Ice Cream":6,"Girya":4,"Lantern":5,"Nilry\u0027s Codex":13,"SacredBark":16,"Eternal Feather":13,"Pen Nib":21,"Du-Vu Doll":4,"Dream Catcher":22,"ats:Originium":4,"Mummified Hand":13,"Shuriken":13,"MutagenicStrength":14,"Strawberry":15,"Ectoplasm":8,"ats:Emergency Defibrillator":18,"ats:Sanity":0,"Bottled Lightning":21,"Toxic Egg 2":14},{"Ice Cream":35,"Girya":19,"Lantern":28,"Nilry\u0027s Codex":58,"SacredBark":79,"Eternal Feather":58,"Pen Nib":103,"Du-Vu Doll":19,"Dream Catcher":108,"ats:Originium":19,"Mummified Hand":58,"Shuriken":58,"MutagenicStrength":72,"Strawberry":74,"Ectoplasm":44,"ats:Emergency Defibrillator":90,"ats:Sanity":0,"Bottled Lightning":103,"Toxic Egg 2":72}]},"card_choices":[{"not_picked":["ats:Assault Order","ats:Absolute Focus"],"picked":"ats:Consecutive Shot Auto","floor":1.0},{"not_picked":["ats:Flame Of Heaven","ats:Automatic Cover"],"picked":"ats:Poison Spread","floor":2.0},{"not_picked":["ats:Spore Proliferation","ats:Phantom"],"picked":"ats:Cat Scratch","floor":3.0},{"not_picked":["ats:Absolute Focus","ats:Closed Bolt Burst Fire"],"picked":"ats:Shell Defense","floor":6.0},{"not_picked":["ats:Fractured Body","ats:Defend Order"],"picked":"ats:Overload","floor":11.0},{"not_picked":["ats:Guard Mode","ats:Chain Hook"],"picked":"ats:Mental Burst","floor":13.0},{"not_picked":["ats:Magnetic Hammer","ats:Cat Scratch"],"picked":"ats:Consecutive Shot Auto","floor":14.0},{"not_picked":["ats:Fractured Body","ats:Soul Rend"],"picked":"ats:Echo Reverb","floor":16.0},{"not_picked":["ats:Hammer On","ats:Revitalization"],"picked":"ats:Curse Doll","floor":18.0},{"not_picked":["ats:Very Hot Blade","ats:Apocalypse","ats:Absolute Focus"],"picked":"SKIP","floor":19.0},{"not_picked":["ats:Absolute Focus+1","ats:Magnetic Hammer"],"picked":"ats:Closed Bolt Burst Fire","floor":20.0},{"not_picked":["ats:Hammer On+1","ats:Revitalization"],"picked":"ats:Literary Storm+1","floor":21},{"not_picked":["ats:Collapsing Strike","ats:Poison Spread"],"picked":"ats:Red Shift","floor":23},{"not_picked":["ats:Consecutive Shot Auto","ats:Collapsing Strike"],"picked":"ats:Apocalypse+1","floor":28},{"not_picked":["ats:Automatic Cover+1","ats:Revitalization+1"],"picked":"ats:Shell Defense+1","floor":30},{"not_picked":["ats:Nebulous Foxfire+1","ats:True Silver Slash"],"picked":"ats:Echo Reverb+1","floor":33},{"not_picked":["ats:Poison Spread","ats:Serious Mode+1"],"picked":"ats:Shell Defense+1","floor":35},{"not_picked":["ats:Assault Order+1","ats:Flexible Camouflage+1"],"picked":"ats:Song Of Battle","floor":36},{"not_picked":["ats:Curse Doll+1","ats:Flexible Camouflage+1"],"picked":"ats:Burning Ground+1","floor":38},{"not_picked":["ats:Explosion Area Strengthen+1","ats:Collapsing Strike"],"picked":"ats:Part Time Job+1","floor":39},{"not_picked":["ats:Revitalization+1","ats:Defend Order"],"picked":"ats:Healing Strengthening","floor":41},{"not_picked":["ats:Blood Oath+1","ats:Healing Drone+1","ats:Revitalization+1"],"picked":"SKIP","floor":45},{"not_picked":["ats:Absolute Focus+1","ats:Apocalypse+1","ats:Consecutive Shot Auto+1"],"picked":"SKIP","floor":47},{"not_picked":["ats:Hammer On","ats:Shell Defense+1","ats:Burning Ground+1"],"picked":"SKIP","floor":48},{"not_picked":["ats:Healing Drone+1","ats:True Silver Slash"],"picked":"ats:Spore Proliferation+1","floor":49}],"player_experience":452516,"relics_obtained":[{"floor":6.0,"key":"ats:Originium"},{"floor":6.0,"key":"Du-Vu Doll"},{"floor":9.0,"key":"Girya"},{"floor":11.0,"key":"ats:Originium"},{"floor":11.0,"key":"Lantern"},{"floor":13.0,"key":"ats:Originium"},{"floor":13.0,"key":"Ice Cream"},{"floor":23,"key":"ats:Originium"},{"floor":23,"key":"Mummified Hand"},{"floor":25,"key":"Nilry\u0027s Codex"},{"floor":26,"key":"Shuriken"},{"floor":27,"key":"Eternal Feather"},{"floor":28,"key":"Toxic Egg 2"},{"floor":30,"key":"Strawberry"},{"floor":36,"key":"ats:Emergency Defibrillator"},{"floor":41,"key":"Pen Nib"},{"floor":43,"key":"Bottled Lightning"},{"floor":45,"key":"Dream Catcher"}],"event_choices":[{"cards_removed":["ats:True Silver Slash"],"damage_healed":24.0,"max_hp_gain":10.0,"max_hp_loss":0.0,"gold_gain":0.0,"event_name":"Bonfire Elementals","player_choice":"Offered Rare","floor":4.0,"gold_loss":0.0,"damage_taken":0.0},{"damage_healed":0.0,"max_hp_gain":0.0,"max_hp_loss":0.0,"gold_gain":75.0,"event_name":"World of Goop","player_choice":"Gather Gold","floor":8.0,"gold_loss":0.0,"damage_taken":11.0},{"damage_healed":0,"gold_gain":0,"player_choice":"Obtained Book","damage_taken":16,"max_hp_gain":0,"max_hp_loss":0,"event_name":"Cursed Tome","floor":25,"gold_loss":0},{"damage_healed":0,"gold_gain":0,"player_choice":"Inject Mutagens","damage_taken":0,"relics_obtained":["MutagenicStrength"],"max_hp_gain":0,"max_hp_loss":0,"event_name":"Drug Dealer","floor":29,"gold_loss":0},{"damage_healed":0,"gold_gain":0,"player_choice":"Ignored","damage_taken":0,"max_hp_gain":0,"max_hp_loss":0,"event_name":"Ghosts","floor":31,"gold_loss":0},{"damage_healed":0,"gold_gain":0,"player_choice":"Fight","damage_taken":0,"max_hp_gain":0,"max_hp_loss":0,"event_name":"MindBloom","floor":36,"gold_loss":0},{"damage_healed":0,"gold_gain":0,"player_choice":"Embrace Madness","damage_taken":11,"max_hp_gain":0,"max_hp_loss":0,"event_name":"Winding Halls","floor":37,"gold_loss":0,"cards_obtained":["Madness","Madness"]},{"damage_healed":0,"gold_gain":100,"player_choice":"Pray","damage_taken":0,"max_hp_gain":0,"max_hp_loss":0,"event_name":"Golden Shrine","floor":46,"gold_loss":0}],"is_beta":false,"boss_relics":[{"not_picked":["SlaversCollar","ats:Sanity Plus"],"picked":"Ectoplasm"},{"not_picked":["Tiny House","Runic Dome"],"picked":"SacredBark"}],"items_purged_floors":[],"is_endless":false,"potions_floor_spawned":[1,6,11,14,20,23,30,33,39,45],"ascension_level":1}}