{"host":"5o041qry45dym2df","time":1613444097,"event":{"mods":["BaseMod","Downfall","Minty Spire (QoL Compilation)","StSLib","The Bug Knight"],"gold_per_floor":[116,116,116,127,143,143,161,195,266,266,279,279,311,327,327,422,422,436,436,436,436,448,481,494,494,494,508,518,531,531,547,547,644,644,654,674,31,31,46,46,46,46,93,126,138,12,12,24,24,24],"floor_reached":51,"language":"ENG","playtime":9728,"items_purged":["HollowMod:PureVessel","HollowMod:DungDefenderAura"],"score":661,"play_id":"3b8d3edc-e279-4d31-82e2-6803b494b419","local_time":"20210215215456","is_ascension_mode":false,"campfire_choices":[{"data":"HollowMod:FocusHealStart","floor":6,"key":"SMITH"},{"data":"HollowMod:theNailsmith","floor":12,"key":"SMITH"},{"data":"HollowMod:CloakDash","floor":15,"key":"SMITH"},{"data":"HollowMod:MantisMark","floor":25,"key":"SMITH"},{"data":"Slimebound:CheckThePlaybook","floor":32,"key":"SMITH"},{"data":"HollowMod:CloakDash","floor":40,"key":"SMITH"},{"data":"HollowMod:MonarchWings","floor":42,"key":"SMITH"},{"data":"HollowMod:LifebloodCocoon","floor":49,"key":"SMITH"}],"circlet_count":0,"master_deck":["HollowMod:NailStrikeStart+1","HollowMod:NailStrikeStart","HollowMod:QuickDashStart","HollowMod:QuickDashStart","HollowMod:QuickDashStart","HollowMod:FocusHealStart+1","HollowMod:PogoStrike","HollowMod:CloakDash+1","HollowMod:SiblingsSouls","HollowMod:theNailsmith+1","HollowMod:FallenFury","Dark Shackles","HollowMod:SoulStrike+1","HollowMod:LifebloodCore","HollowMod:DoubleDash+1","Slimebound:CheckThePlaybook+1","HollowMod:LifebloodCocoon+1","HollowMod:MantisMark+1","HollowMod:MonarchWings+1","HollowMod:MantisMark+1","HollowMod:HuntersJournal+1","HollowMod:CloakDash+1","Metamorphosis+1","HollowMod:LordofShades","HollowMod:SiblingsSouls","HollowMod:SiblingsSouls"],"relics":["Coffee Dripper","Ginger","Oddly Smooth Stone","Pear","Juzu Bracelet","Empty Cage","Lantern","HollowMod:StagPassRelic","Philosopher\u0027s Stone","Whetstone","Blue Candle","HollowMod:MillibellesNoteRelic","HollowMod:PaleOreRelic"],"acts_visited":["Exordium","TheCity","TheBeyond"],"potions_floor_usage":[7,13,14,27,29,44,50],"damage_taken":[{"damage":0,"enemies":"2 Louse","floor":1,"turns":3},{"damage":1,"enemies":"Jaw Worm","floor":4,"turns":3},{"damage":0,"enemies":"Cultist","floor":5,"turns":3},{"damage":11,"enemies":"Large Slime","floor":7,"turns":4},{"damage":25,"enemies":"Lagavulin","floor":8,"turns":6},{"damage":0,"enemies":"3 Louse","floor":11,"turns":5},{"damage":24,"enemies":"3 Sentries","floor":13,"turns":7},{"damage":18,"enemies":"Exordium Wildlife","floor":14,"turns":4},{"damage":32,"enemies":"The Guardian","floor":16,"turns":13},{"damage":13,"enemies":"Chosen","floor":18,"turns":8},{"damage":6,"enemies":"Spheric Guardian","floor":22,"turns":4},{"damage":6,"enemies":"Gremlin Leader","floor":23,"turns":5},{"damage":0,"enemies":"3 Cultists","floor":24,"turns":5},{"damage":4,"enemies":"Shelled Parasite and Fungi","floor":27,"turns":4},{"damage":3,"enemies":"Snake Plant","floor":28,"turns":4},{"damage":2,"enemies":"Centurion and Healer","floor":29,"turns":7},{"damage":7,"enemies":"Shelled Parasite and Fungi","floor":31,"turns":4},{"damage":19,"enemies":"Collector","floor":33,"turns":7},{"damage":3,"enemies":"3 Shapes","floor":35,"turns":4},{"damage":0,"enemies":"3 Darklings","floor":36,"turns":5},{"damage":9,"enemies":"Jaw Worm Horde","floor":39,"turns":4},{"damage":29,"enemies":"Reptomancer","floor":44,"turns":6},{"damage":23,"enemies":"Spire Growth","floor":45,"turns":6},{"damage":27,"enemies":"4 Shapes","floor":48,"turns":3},{"damage":49,"enemies":"Donu and Deca","floor":50,"turns":8}],"seed_played":"-3377920273256047284","potions_obtained":[{"floor":1,"key":"Swift Potion"},{"floor":4,"key":"Guardian:BlockOnCardUsePotion"},{"floor":13,"key":"Strength Potion"},{"floor":23,"key":"AttackPotion"},{"floor":28,"key":"ColorlessPotion"},{"floor":29,"key":"Ancient Potion"},{"floor":39,"key":"Weak Potion"},{"floor":44,"key":"FairyPotion"}],"is_trial":false,"path_per_floor":["M","?","?","M","M","R","M","E","T","?","M","R","E","M","R","B",null,"M","?","?","?","M","E","M","R","T","M","M","M","?","M","R","B",null,"M","M","$","?","M","R","?","R","T","E","M","$","?","M","R","B",null],"character_chosen":"THE_BUGKNIGHT","items_purchased":["Whetstone","Metamorphosis","Blue Candle","HollowMod:SiblingsSouls"],"campfire_rested":0,"item_purchase_floors":[37,37,37,46],"current_hp_per_floor":[75,68,65,64,64,64,63,44,54,54,64,64,50,42,42,22,85,83,67,67,67,67,61,67,67,67,63,66,74,74,73,73,60,81,81,81,81,81,78,78,78,78,78,49,36,36,36,15,15,17],"gold":24,"neow_bonus":"BOSS_RELIC","is_daily":false,"chose_seed":false,"campfire_upgraded":8,"win_rate":0.0,"timestamp":1613444096,"path_taken":["M","?","?","M","M","R","M","E","T","?","M","R","E","M","R","BOSS","M","?","?","?","M","E","M","R","T","M","M","M","?","M","R","BOSS","M","M","$","?","M","R","?","R","T","E","M","?","?","M","R","BOSS"],"items_purchased_type":["Relic","Card","Relic","Card"],"build_version":"2020-12-22","purchased_purges":2,"victory":true,"max_hp_per_floor":[75,75,75,75,75,75,75,75,85,85,85,85,85,85,85,85,85,85,90,81,81,81,81,81,81,81,81,81,81,81,81,81,81,81,81,81,81,81,81,81,81,81,81,81,81,81,81,81,81,81],"card_choices":[{"not_picked":["HollowMod:AbyssShriek","HollowMod:DesolateDive"],"picked":"HollowMod:InfectionAssault","floor":1},{"not_picked":["HollowMod:CornifersMapStart","HollowMod:DescendingDark"],"picked":"HollowMod:CloakDash","floor":4},{"not_picked":["HollowMod:NewLittleFool","HollowMod:DesolateDive","HollowMod:PureNailStrike"],"picked":"SKIP","floor":5},{"not_picked":["HollowMod:DesolateDive","HollowMod:ShadowDash"],"picked":"HollowMod:SiblingsSouls","floor":7},{"not_picked":["HollowMod:ChannelNail","HollowMod:HowlingWraiths"],"picked":"HollowMod:theNailsmith","floor":8},{"not_picked":["HollowMod:SharpenedShadows","HollowMod:SoulStrike"],"picked":"HollowMod:DungDefenderAura","floor":11},{"not_picked":["HollowMod:DesolateDive","HollowMod:NewLittleFool","HollowMod:AwokenDreamNail"],"picked":"SKIP","floor":13},{"not_picked":["HollowMod:AbyssShriek","HollowMod:NewLittleFool"],"picked":"HollowMod:SoulStrike","floor":14},{"not_picked":["HollowMod:theNailsmith","HollowMod:NewInfectedGuardian"],"picked":"HollowMod:LifebloodCore","floor":16},{"not_picked":["HollowMod:DashSlash","HollowMod:NewLittleFool+1"],"picked":"HollowMod:DoubleDash+1","floor":18},{"not_picked":["HollowMod:ShadowDash+1","HollowMod:DescendingDark","HollowMod:CrystalDash"],"picked":"SKIP","floor":22},{"not_picked":["HollowMod:DashSlash","HollowMod:DreamGate"],"picked":"HollowMod:LifebloodCocoon","floor":23},{"not_picked":["HollowMod:CycloneSlash","HollowMod:SoulVessel"],"picked":"HollowMod:MantisMark","floor":24},{"not_picked":["HollowMod:GoodIntentions+1","HollowMod:SharpenedShadows"],"picked":"HollowMod:MonarchWings","floor":27},{"not_picked":["HollowMod:DoubleDash","HollowMod:Grubsong","HollowMod:LifebloodCocoon"],"picked":"SKIP","floor":28},{"not_picked":["HollowMod:SoulSplash+1","HollowMod:DashSlash+1","HollowMod:BrokenVessel"],"picked":"SKIP","floor":29},{"not_picked":["HollowMod:RecoilStrike","HollowMod:DungDefenderAura"],"picked":"HollowMod:HuntersJournal+1","floor":31},{"not_picked":["HollowMod:MidwifesHunger","HollowMod:theNailsmith"],"picked":"HollowMod:PureVessel","floor":33},{"not_picked":["HollowMod:LifebloodCocoon+1","HollowMod:HowlingWraiths","HollowMod:SiblingsShadow+1"],"picked":"SKIP","floor":35},{"not_picked":["HollowMod:FastStrike+1","HollowMod:GoodIntentions+1"],"picked":"HollowMod:CloakDash","floor":36},{"not_picked":["HollowMod:NewInfectedGuardian","HollowMod:PureNailStrike","HollowMod:BrokenVessel"],"picked":"SKIP","floor":39},{"not_picked":["HollowMod:PureVessel","HollowMod:InfectedCysts"],"picked":"HollowMod:LordofShades","floor":44},{"not_picked":["HollowMod:InfectedAttack","HollowMod:CornifersMapStart+1","HollowMod:PerfectDash"],"picked":"SKIP","floor":45},{"not_picked":["HollowMod:MawleksShell+1","HollowMod:InfectedCysts"],"picked":"HollowMod:SiblingsSouls","floor":48}],"player_experience":180732,"relics_obtained":[{"floor":8,"key":"Oddly Smooth Stone"},{"floor":9,"key":"Pear"},{"floor":13,"key":"Juzu Bracelet"},{"floor":23,"key":"Lantern"},{"floor":26,"key":"HollowMod:StagPassRelic"},{"floor":43,"key":"HollowMod:MillibellesNoteRelic"},{"floor":44,"key":"HollowMod:PaleOreRelic"}],"event_choices":[{"cards_removed":["HollowMod:NailStrikeStart"],"damage_healed":0,"gold_gain":0,"player_choice":"Card Removal","damage_taken":7,"max_hp_gain":0,"max_hp_loss":0,"event_name":"Golden Wing","floor":2,"gold_loss":0},{"damage_healed":0,"gold_gain":0,"player_choice":"Success","damage_taken":3,"relics_obtained":["Ginger"],"max_hp_gain":0,"max_hp_loss":0,"event_name":"Scrap Ooze","floor":3,"gold_loss":0},{"damage_healed":0,"gold_gain":0,"player_choice":"2 cards matched","damage_taken":0,"max_hp_gain":0,"max_hp_loss":0,"event_name":"Match and Keep!","floor":10,"gold_loss":0,"cards_obtained":["HollowMod:FallenFury","Dark Shackles"]},{"damage_healed":0,"gold_gain":0,"player_choice":"2 cards matched","damage_taken":0,"max_hp_gain":0,"max_hp_loss":0,"event_name":"Match and Keep!","floor":10,"gold_loss":0,"cards_obtained":["HollowMod:FallenFury","Dark Shackles"]},{"damage_healed":0,"gold_gain":0,"player_choice":"Shed Blood","damage_taken":21,"max_hp_gain":5,"max_hp_loss":0,"event_name":"Forgotten Altar","floor":19,"gold_loss":0},{"damage_healed":0,"gold_gain":0,"player_choice":"Ignored","damage_taken":0,"max_hp_gain":0,"max_hp_loss":0,"event_name":"Ghosts","floor":21,"gold_loss":0},{"damage_healed":0,"gold_gain":0,"player_choice":"Copied","damage_taken":0,"max_hp_gain":0,"max_hp_loss":0,"event_name":"Duplicator","floor":30,"gold_loss":0,"cards_obtained":["HollowMod:MantisMark"]},{"cards_removed":["HollowMod:NailStrikeStart"],"damage_healed":0,"gold_gain":0,"player_choice":"Removed Attack","damage_taken":0,"max_hp_gain":0,"max_hp_loss":0,"event_name":"Falling","floor":38,"gold_loss":0}],"is_beta":false,"boss_relics":[{"not_picked":["Sozu","Pandora\u0027s Box"],"picked":"Empty Cage"},{"not_picked":["Snecko Eye","bronze:MakeshiftBattery"],"picked":"Philosopher\u0027s Stone"}],"items_purged_floors":[37,46],"is_endless":false,"potions_floor_spawned":[1,4,13,23,28,29,39,44],"ascension_level":0}}