{"host":"n7gt2lywuauec2nz","time":1613476652,"event":{"mods":["100% Spire Juice","2.2 Compatiblity","Act Like it!","Aspiration","BaseMod","Better Third Choice","Colored Powertips","DeckTracker","GifTheSpireLib","Highlight Path","HololiveMod","Hubris","Infinite Spire","Minty Spire (QoL Compilation)","Quick Restart","Random Character Button","Relic Sorter","Replay The Spire","Retaliation","Ruina","Shapeshifter Mod","StSLib","Synergy Search","The IronCluck"],"gold_per_floor":[115,115,290,61,76,76,108,108,108,108,128,128,28,54,54,54,54],"floor_reached":16,"language":"ENG","playtime":520,"items_purged":["Doubt","StSShapeShifter:ShapeShifter_Defend"],"score":106,"play_id":"4cf3381b-1678-4a6a-b930-b531d4e13c6c","local_time":"20210216035732","is_ascension_mode":false,"campfire_choices":[{"data":"StSShapeShifter:Bonk","floor":6,"key":"SMITH"},{"data":"StSShapeShifter:RockSlide","floor":8,"key":"SMITH"},{"floor":15,"key":"REST"}],"circlet_count":0,"master_deck":["StSShapeShifter:ShapeShifter_Strike","StSShapeShifter:ShapeShifter_Strike","StSShapeShifter:ShapeShifter_Strike","StSShapeShifter:ShapeShifter_Strike","StSShapeShifter:ShapeShifter_Strike","StSShapeShifter:ShapeShifter_Defend+1","StSShapeShifter:ShapeShifter_Defend+1","StSShapeShifter:Tortoise_Form","StSShapeShifter:Lynx_Form+1","StSShapeShifter:VineHandcuffs","StSShapeShifter:Bonk+1","StSShapeShifter:Rabid","StSShapeShifter:RockSlide+1","StSShapeShifter:Ensconce","StSShapeShifter:Flourish"],"relics":["StSShapeShifter:AnimalHeart","StSShapeShifter:TheShapeShiftersMagnolia","Gremlin Food","Quantum Egg","War Paint"],"acts_visited":["Exordium"],"potions_floor_usage":[7,7,14],"damage_taken":[{"damage":1,"enemies":"Cultist","floor":1,"turns":3},{"damage":0,"enemies":"Small Slimes","floor":5,"turns":3},{"damage":13,"enemies":"3 Sentries","floor":7,"turns":3},{"damage":5,"enemies":"Jaw Worm","floor":11,"turns":3},{"damage":29,"enemies":"Lagavulin","floor":14,"turns":6},{"damage":44,"enemies":"The Guardian","floor":16,"turns":5}],"seed_played":"6632997351645268086","potions_obtained":[{"floor":1,"key":"Explosive Potion"},{"floor":5,"key":"Explosive Potion"},{"floor":7,"key":"SteroidPotion"}],"is_trial":false,"path_per_floor":["M","?","?","$","M","R","E","R","T","?","M","T","$","E","R","B"],"character_chosen":"SHAPESHIFTER","items_purchased":["StSShapeShifter:Bonk","StSShapeShifter:Rabid"],"campfire_rested":1,"item_purchase_floors":[4,4],"current_hp_per_floor":[70,70,70,70,70,70,57,57,57,57,52,52,52,23,44,0,0],"gold":54,"neow_bonus":"REMOVE_TWO","is_daily":false,"chose_seed":false,"campfire_upgraded":2,"win_rate":0.0,"timestamp":1613476652,"path_taken":["M","?","?","?","?","R","E","R","T","?","M","?","$","E","R","BOSS"],"items_purchased_type":["Card","Card"],"build_version":"2020-12-22","purchased_purges":2,"victory":false,"max_hp_per_floor":[71,71,71,71,71,71,71,71,71,71,71,71,71,71,71,71,71],"card_choices":[{"not_picked":["StSShapeShifter:SunflowerShuriken","StSShapeShifter:BarkSkin"],"picked":"StSShapeShifter:VineHandcuffs","floor":1},{"not_picked":["StSShapeShifter:FlamingoForm","StSShapeShifter:Guard","StSShapeShifter:LeapingSlash"],"picked":"SKIP","floor":5},{"not_picked":["StSShapeShifter:FesteringBite","StSShapeShifter:OakBlade"],"picked":"StSShapeShifter:RockSlide","floor":7},{"not_picked":["StSShapeShifter:Hunt","StSShapeShifter:BarkSkin"],"picked":"StSShapeShifter:Ensconce","floor":11},{"not_picked":["StSShapeShifter:ForestFire","StSShapeShifter:HippoForm"],"picked":"StSShapeShifter:Flourish","floor":14}],"player_experience":151229,"relics_obtained":[{"floor":7,"key":"Gremlin Food"},{"floor":12,"key":"Quantum Egg"},{"floor":14,"key":"War Paint"}],"event_choices":[{"damage_healed":0,"gold_gain":175,"player_choice":"AGREE","damage_taken":115,"max_hp_gain":0,"max_hp_loss":0,"event_name":"betterThird:BetterSerpent","floor":3,"gold_loss":0}],"is_beta":false,"boss_relics":[],"items_purged_floors":[4,13],"is_endless":false,"potions_floor_spawned":[1,5,7],"killed_by":"The Guardian","ascension_level":0}}