{"host":"d73an99q9oevilk5","time":1613447679,"event":{"mods":["2.2 Compatiblity","AchievementEnabler","Act Like it!","Aspiration","BaseMod","Beaked The Cultist","Better Third Choice","BetterRewards","Colored Map","Colored Powertips","Conspire","Downfall","GifTheSpireLib","Halation","Hubris","Infinite Spire","Marisa????????","Mimic Mod","Minty Spire (QoL Compilation)","MostiFishMod","Quick Restart","Relic Sorter","Reliquary","Replay The Spire","Shop Mod","Spikes Relics","StSLib","Stuff the Spire","The Cursed","The Jungle","The Necromancer","The Saiyan","Waifu the Spire","egg","slay the spire mod where everything is the same but ironclad has a cowboy hat"],"gold_per_floor":[109,129,129,129,129,129,148,148,148,148,183,197,227,247,247,348,348,359,46,46,46,46,46,81,96,96,96,112,127,152,240,240,344,344,361,377,134,134,152,186,186,218,218,218,268,124,124,124,124,124],"floor_reached":51,"language":"ENG","playtime":1541,"items_purged":[],"score":1079,"play_id":"511758b9-7200-43df-81bf-e3155ff1fd35","local_time":"20210215205439","is_ascension_mode":false,"campfire_choices":[{"data":"Armaments","floor":6,"key":"SMITH"},{"data":"Whirlwind","floor":8,"key":"SMITH"},{"data":"Iron Wave","floor":10,"key":"SMITH"},{"data":"MostiFishMod:#F4004","floor":15,"key":"SMITH"},{"data":"Limit Break","floor":32,"key":"SMITH"},{"floor":41,"key":"REST"},{"data":"Flame Barrier","floor":47,"key":"SMITH"}],"circlet_count":0,"master_deck":["Strike_R","Strike_R","Strike_R","Strike_R+1","Strike_R","Defend_R","Defend_R","Defend_R","Defend_R","Bash","Life Link+1","Armaments+1","Heavy Blade","Iron Wave+1","Whirlwind+1","MostiFishMod:HellRitual+1","MostiFishMod:#F4004+1","Spot Weakness","ReplayTheSpireMod:Muscle Training","Limit Break+1","Bandage Up+1","Bludgeon+1","CurseOfTheBell","CurseOfTheBell","MostiFishMod:#F4004","Thunderclap+1","Disarm+1","Replay:Many Hands+1","Cleave+1","Ghostly Armor","MostiFishMod:HellRitual+1","Flame Barrier+1","Sword Boomerang+1","Shrug It Off+1","infinitespire:Punishment"],"relics":["Burning Blood","StuffTheSpire:NeowsTribute","DaveBox","Bird Faced Urn","SynthV:TestCard","Kunai","Another Sword","ReplayTheSpireMod:Shallot","hubris:HollowSoul","downfall:ExtraCursedBell","Pen Nib","Mummified Hand","hubris:CuriousFeather","infinitespire:CursedDice","conspire:BottledYoYo","Replay:Rubber Ducky","hubris:ScarierMask","Iron Hammer","Toy Ornithopter","aspiration:Lifesprig","Letter Opener","halation:PapillonHeart","ZombieTooth","Guide Book","reliquary:Vitrine","hubris:Towel"],"acts_visited":["Exordium","Exordium","TheBeyond"],"potions_floor_usage":[14,16,24,29,30,39,40,42],"damage_taken":[{"damage":10,"enemies":"Cultist","floor":1,"turns":3},{"damage":5,"enemies":"Small Slimes","floor":2,"turns":3},{"damage":6,"enemies":"Jaw Worm","floor":7,"turns":3},{"damage":16,"enemies":"3 Sentries","floor":11,"turns":5},{"damage":0,"enemies":"3 Louse","floor":12,"turns":1},{"damage":10,"enemies":"Replay:BlueRogue","floor":13,"turns":5},{"damage":0,"enemies":"Lots of Slimes","floor":14,"turns":2},{"damage":1,"enemies":"Slime Boss","floor":16,"turns":5},{"damage":6,"enemies":"theJungle:MUSHROOMGANG","floor":18,"turns":3},{"damage":14,"enemies":"theJungle:5_Spyders","floor":24,"turns":8},{"damage":6,"enemies":"theJungle:5_Spyders","floor":25,"turns":5},{"damage":42,"enemies":"theJungle:2_Flameangoes","floor":28,"turns":5},{"damage":5,"enemies":"theJungle:Lyon","floor":29,"turns":3},{"damage":15,"enemies":"theJungle:Cassacara","floor":30,"turns":5},{"damage":7,"enemies":"theJungle:QueenSpyder","floor":33,"turns":5},{"damage":7,"enemies":"Orb Walker","floor":35,"turns":2},{"damage":8,"enemies":"3 Shapes","floor":36,"turns":4},{"damage":46,"enemies":"Spire Growth","floor":39,"turns":6},{"damage":41,"enemies":"Reptomancer","floor":40,"turns":6},{"damage":23,"enemies":"Giant Head","floor":42,"turns":8},{"damage":0,"enemies":"Mind Bloom Boss Battle","floor":45,"turns":4},{"damage":24,"enemies":"Donu and Deca","floor":50,"turns":5}],"seed_played":"2378238544652745581","potions_obtained":[{"floor":11,"key":"Block Potion"},{"floor":12,"key":"DuplicationPotion"},{"floor":13,"key":"Weak Potion"},{"floor":25,"key":"BloodPotion"},{"floor":28,"key":"LifebloodPotion"},{"floor":33,"key":"SkillPotion"},{"floor":39,"key":"LifebloodPotion"},{"floor":40,"key":"LiquidMemories"}],"is_trial":false,"path_per_floor":["M","M","?","?","$","R","M","R","T","R","E","M","E","M","R","B",null,"M","$","?","$","?","?","MIM","M","T","?","M","M","E","?","R","B",null,"M","M","$","?","M","E","R","E","T","?","?","$","R","AVR","R_BF","B",null],"character_chosen":"IRONCLAD","items_purchased":["reliquary:WeakTea","Life Link","Spot Weakness","Bandage Up","Bludgeon","Iron Hammer","Guide Book"],"campfire_rested":1,"item_purchase_floors":[0,0,19,19,19,37,46],"current_hp_per_floor":[76,79,79,79,79,79,80,80,80,80,72,78,76,80,80,80,80,80,80,80,80,75,75,75,83,83,83,49,67,66,66,66,73,85,84,85,85,85,53,24,49,45,45,45,51,51,51,51,51,68],"gold":124,"neow_bonus":"","is_daily":false,"chose_seed":false,"campfire_upgraded":6,"win_rate":0.0,"timestamp":1613447679,"path_taken":["M","M","?","?","?","R","M","R","T","R","E","M","E","M","R","BOSS","M","?","?","$","?","?","?","M","T","?","?","M","E","?","R","BOSS","M","M","$","?","M","E","R","E","T","?","?","$","R","AVR","R_BF","BOSS"],"items_purchased_type":["Relic","Card","Card","Card","Card","Relic","Relic"],"build_version":"2020-12-22","purchased_purges":0,"victory":true,"max_hp_per_floor":[80,80,80,80,80,80,80,80,80,80,80,80,80,80,80,80,80,80,80,80,80,85,85,85,85,85,85,85,85,85,85,85,85,85,85,85,85,85,85,85,85,85,85,81,81,81,81,81,81,81],"card_choices":[{"not_picked":["StuffTheSpire:BloodClot","Perfected Strike"],"picked":"Heavy Blade","floor":1},{"not_picked":["Perfected Strike","Pommel Strike","conspire:ExplosiveBarrier","Run Through"],"picked":"Iron Wave","floor":2},{"not_picked":["ReplayTheSpireMod:Stacked","Thunderclap","Armaments","Twin Strike"],"picked":"Whirlwind","floor":7},{"not_picked":["StuffTheSpire:Resist","Headbutt","Sword Boomerang","Feel No Pain"],"picked":"MostiFishMod:HellRitual","floor":11},{"not_picked":["StuffTheSpire:Resist","ReplayTheSpireMod:LeadingStrike","Havoc","Cleave"],"picked":"MostiFishMod:#F4004","floor":12},{"not_picked":["Flex","Perfected Strike","Run Through","Iron Wave"],"picked":"Spot Weakness","floor":13},{"not_picked":["Havoc","Wild Strike","Anger","Warcry"],"picked":"ReplayTheSpireMod:Muscle Training","floor":14},{"not_picked":["MostiFishMod:FlyOverUtopia","Double Tap","Hemogenesis","Immolate"],"picked":"Limit Break","floor":16},{"not_picked":["ReplayTheSpireMod:LeadingStrike+1","Havoc","Clash","Warcry","Pommel Strike"],"picked":"SKIP","floor":18},{"not_picked":["StuffTheSpire:Vigor","StuffTheSpire:Harmony"],"picked":"StuffTheSpire:Perfection","floor":20},{"not_picked":["Iron Wave","Havoc","Flex","Sword Boomerang+1"],"picked":"MostiFishMod:#F4004","floor":24},{"not_picked":["ReplayTheSpireMod:Corrosion Curse","Eclipse","Flex+1","Evolve+1"],"picked":"Thunderclap+1","floor":25},{"not_picked":["Clash","Fire Breathing","Brutality","Cleave"],"picked":"Disarm+1","floor":28},{"not_picked":["True Grit","Headbutt+1","Pommel Strike+1","MostiFishMod:NewArrival","Body Slam"],"picked":"SKIP","floor":29},{"not_picked":["hubris:CleavingFinish","Pommel Strike","StuffTheSpire:Incineration","Reckless Charge"],"picked":"Replay:Many Hands","floor":30},{"not_picked":["StuffTheSpire:Resist+1","Flex","Body Slam","Massacre+1"],"picked":"Cleave+1","floor":31},{"not_picked":["Wild Strike","MostiFishMod:TemporaryOutbreak","StuffTheSpire:Slingshot","hubris:ReadiedAction"],"picked":"Ghostly Armor","floor":31},{"not_picked":["Offering","MostiFishMod:FireWorks","MostiFishMod:KnuckleDown","MostiFishMod:OrdinaryWorld"],"picked":"MostiFishMod:HellRitual","floor":33},{"not_picked":["Cleave","Blood for Blood+1","Warcry+1","Iron Wave+1"],"picked":"Flame Barrier","floor":35},{"not_picked":["ReplayTheSpireMod:Strike From Hell","Anger+1","StuffTheSpire:Incineration","Perfected Strike+1","Warcry"],"picked":"SKIP","floor":36},{"not_picked":["Exhume","Shrug It Off+1","Iron Wave+1","Armaments"],"picked":"Sword Boomerang+1","floor":39},{"not_picked":["MostiFishMod:DoubleSword","Thunderclap","Heavy Blade","Dual Wield+1","Clash"],"picked":"SKIP","floor":40},{"not_picked":["ReplayTheSpireMod:LeadingStrike+1","Thunderclap+1","Power Through+1","Perfected Strike","BarbarianYell"],"picked":"SKIP","floor":42},{"not_picked":["Replay:Undeath\u0027s Touch+1","Run Through","Cleave+1","True Grit+1"],"picked":"Shrug It Off+1","floor":45}],"player_experience":1921854,"relics_obtained":[{"floor":1,"key":"SynthV:TestCard"},{"floor":9,"key":"Kunai"},{"floor":11,"key":"Another Sword"},{"floor":13,"key":"ReplayTheSpireMod:Shallot"},{"floor":23,"key":"Pen Nib"},{"floor":23,"key":"Mummified Hand"},{"floor":23,"key":"hubris:CuriousFeather"},{"floor":24,"key":"infinitespire:CursedDice"},{"floor":26,"key":"conspire:BottledYoYo"},{"floor":30,"key":"Replay:Rubber Ducky"},{"floor":40,"key":"Toy Ornithopter"},{"floor":42,"key":"aspiration:Lifesprig"},{"floor":43,"key":"Letter Opener"},{"floor":45,"key":"ZombieTooth"}],"event_choices":[{"damage_healed":0,"gold_gain":0,"player_choice":"Fight","damage_taken":0,"max_hp_gain":0,"max_hp_loss":0,"event_name":"MindBloom","floor":45,"gold_loss":0}],"is_beta":false,"boss_relics":[{"not_picked":["halation:LoveArrow","NightmareShop"],"picked":"hubris:HollowSoul"},{"not_picked":["beaked:SacredDeck","hubris:VirtuousBlindfold"],"picked":"hubris:ScarierMask"}],"items_purged_floors":[],"is_endless":false,"potions_floor_spawned":[11,12,13,25,28,33,39,40],"ascension_level":0}}