{"host":"8o45mh5p3pp1o2mi","time":1613435725,"event":{"mods":["BaseMod","Bestiary","Better Match","Better Third Choice","BetterRewards","Dark Map","Downfall","Fox Events","Minty Spire (QoL Compilation)","Rare Cards Sparkle","Relic Stats","Replay The Spire","Shop Mod","Spire Exporter","StSLib","everything is the same but u backflip on backflip"],"gold_per_floor":[99,113,154,168,216,231,231,231,246,281,181,212,243,261,279,381,458,458,471,125,144,144,44,121,21,54,54,66,76,76,76,88,193,270,270,289,80,130,147,177,329,329,329,30,30,41,41,55,70,70,70,70],"floor_reached":50,"language":"ENG","playtime":4306,"items_purged":[],"score":572,"play_id":"135fa669-e5fe-4716-9f99-c6cce511b129","local_time":"20210216003525","is_ascension_mode":false,"campfire_choices":[{"data":"hexamod:GhostflameInferno","floor":8,"key":"SMITH"},{"data":"hexamod:Rewind","floor":8,"key":"SMITH"},{"data":"hexamod:GhostflameBarrier","floor":11,"key":"SMITH"},{"data":"hexamod:SpectralSpark","floor":11,"key":"SMITH"},{"floor":18,"key":"RECALL"},{"data":"hexamod:GhostOfSpirePast","floor":23,"key":"SMITH"},{"data":"hexamod:HeatShield","floor":23,"key":"SMITH"},{"data":"hexamod:Float","floor":25,"key":"SMITH"},{"data":"hexamod:RetreatToShadows","floor":25,"key":"SMITH"},{"data":"hexamod:CatchUp","floor":30,"key":"SMITH"},{"data":"hexamod:GhostflameInferno","floor":30,"key":"SMITH"},{"data":"hexamod:HexaLevel","floor":35,"key":"SMITH"},{"data":"hexamod:FastForward","floor":35,"key":"SMITH"},{"data":"hexamod:WildfireWeapon","floor":47,"key":"SMITH"},{"data":"hexamod:SoulSteal","floor":47,"key":"SMITH"}],"circlet_count":0,"master_deck":["hexamod:Defend","hexamod:Defend","hexamod:Defend","hexamod:Sear","hexamod:Float+1","hexamod:GhostflameInferno+1","hexamod:SpectralSpark+1","hexamod:HauntingEcho","hexamod:StepThrough","hexamod:Again","hexamod:Rewind+1","hexamod:GhostflameBarrier+1","hexamod:RetreatToShadows+1","hexamod:PhantomFireball","hexamod:FastForward+1","hexamod:GhostflameInferno+1","hexamod:FastForward+1","hexamod:NecessarySacrifice+1","hexamod:GhostOfSpirePast+1","hexamod:HeatShield+1","Bite+1","Bite+1","Bite+1","Bite+1","Bite+1","hexamod:FirstSeal","hexamod:CatchUp+1","hexamod:RetreatToShadows+1","hexamod:SpectralAdrenaline+1","hexamod:HexaLevel+1","hexamod:RadiantFlame+1","hexamod:WildfireWeapon+1","hexamod:SoulSteal+1","hexamod:RainOfEmbers+1","expansioncontent:YouAreMine","hexamod:ChargedBarrage+1","hexamod:RadiantFlame+1","hexamod:RainOfEmbers+1","hexamod:SkipABeat+1"],"relics":["hexamod:UnbrokenSoul","Meat on the Bone","Omamori","Replay:Arrowhead","WingedGreaves","downfall:HeartBlessingGreen","foxEvents:LuckyCharm","Molten Egg 2","downfall:HeartBlessingRed","downfall:HeartBlessingBlue","CaptainsWheel","Nloth\u0027s Gift","Cursed Key","Replay:Kaleidoscope","Chemical X","Anchor","Replay:WaspNest","Torii"],"acts_visited":["Exordium","TheCity","TheBeyond"],"potions_floor_usage":[26,29,37,49,50,50],"damage_taken":[{"damage":1,"enemies":"Jaw Worm","floor":2,"turns":2},{"damage":1,"enemies":"2 Louse","floor":4,"turns":2},{"damage":0,"enemies":"Small Slimes","floor":6,"turns":3},{"damage":1,"enemies":"Gremlin Gang","floor":9,"turns":3},{"damage":6,"enemies":"Lagavulin","floor":10,"turns":6},{"damage":0,"enemies":"Gremlin Nob","floor":12,"turns":3},{"damage":14,"enemies":"Colosseum Slavers","floor":13,"turns":3},{"damage":0,"enemies":"Large Slime","floor":14,"turns":3},{"damage":19,"enemies":"Lots of Slimes","floor":15,"turns":4},{"damage":11,"enemies":"SI_SHIV_ARCHETYPE","floor":16,"turns":6},{"damage":5,"enemies":"3 Byrds","floor":19,"turns":4},{"damage":6,"enemies":"downfall:FleeingMerchant","floor":20,"turns":4},{"damage":18,"enemies":"Shell Parasite","floor":21,"turns":3},{"damage":31,"enemies":"Slavers","floor":26,"turns":4},{"damage":12,"enemies":"Snake Plant","floor":28,"turns":3},{"damage":12,"enemies":"Centurion and Healer","floor":29,"turns":4},{"damage":0,"enemies":"Snecko","floor":32,"turns":4},{"damage":38,"enemies":"WA_ARCHETYPE_CALM","floor":33,"turns":8},{"damage":19,"enemies":"Orb Walker","floor":36,"turns":3},{"damage":18,"enemies":"downfall:FleeingMerchant","floor":37,"turns":4},{"damage":10,"enemies":"downfall:FleeingMerchant","floor":38,"turns":6},{"damage":10,"enemies":"3 Shapes","floor":39,"turns":7},{"damage":0,"enemies":"downfall:FleeingMerchant","floor":40,"turns":3},{"damage":3,"enemies":"Jaw Worm Horde","floor":46,"turns":3},{"damage":5,"enemies":"3 Darklings","floor":48,"turns":3},{"damage":17,"enemies":"Transient","floor":49,"turns":5},{"damage":79,"enemies":"DF_ARCHETYPE_ORBS","floor":50,"turns":5}],"seed_played":"-2474874492143610699","potions_obtained":[{"floor":9,"key":"Dexterity Potion"},{"floor":10,"key":"Milkshake"},{"floor":14,"key":"SpeedPotion"},{"floor":19,"key":"ColorlessPotion"},{"floor":26,"key":"champ:CounterPotion"},{"floor":29,"key":"hexamod:DoubleChargePotion"},{"floor":39,"key":"Swift Potion"}],"is_trial":false,"path_per_floor":["R","M","?","M","T","M","T","R","M","E","R","E","?","M","M","B",null,"R","M","$","M","?","R","T","R","E","?","M","M","R","?","M","B",null,"R","M","$","?","M","$","T","?","?","$","?","M","R","M","M","B"],"character_chosen":"THE_SPIRIT","items_purchased":["hexamod:GhostOfSpirePast","Molten Egg 2","hexamod:SoulSteal","hexamod:RainOfEmbers+1","expansioncontent:YouAreMine","Chemical X","Anchor","Torii"],"campfire_rested":0,"item_purchase_floors":[20,20,37,37,37,40,40,44],"current_hp_per_floor":[70,69,69,68,68,68,68,68,67,61,61,61,47,47,40,41,70,70,65,59,41,41,41,41,51,32,32,48,55,55,55,59,48,59,59,46,40,46,55,58,58,58,58,58,59,59,59,57,56,0,0,0],"gold":70,"neow_bonus":"ONE_RANDOM_RARE_CARD","is_daily":false,"chose_seed":false,"campfire_upgraded":14,"win_rate":0.0,"timestamp":1613435725,"path_taken":["R","M","?","M","?","M","T","R","M","E","R","E","?","M","M","BOSS","R","M","$","M","?","R","T","R","E","?","?","M","R","?","M","BOSS","R","M","?","?","M","$","T","?","?","?","?","M","R","M","M","BOSS"],"items_purchased_type":["Card","Relic","Card","Card","Card","Relic","Relic","Relic"],"build_version":"2020-12-22","purchased_purges":0,"victory":false,"max_hp_per_floor":[70,70,70,70,70,70,70,70,70,70,70,70,70,70,70,70,70,70,70,70,70,49,49,49,59,59,59,59,59,59,59,59,59,59,59,59,59,59,59,59,59,59,59,59,59,59,59,59,59,59,59,59],"relic_stats":{"Torii":9,"counters":[27,108],"Nloth\u0027s Gift":0,"Chemical X":[5],"Cursed Key":1,"obtain_stats":[{"downfall:HeartBlessingRed":23,"Torii":44,"downfall:HeartBlessingGreen":11,"Replay:WaspNest":41,"Omamori":5,"Replay:Kaleidoscope":38,"Cursed Key":34,"Replay:Arrowhead":7,"Bottled Flame":12,"CaptainsWheel":26,"Anchor":40,"hexamod:UnbrokenSoul":17,"downfall:HeartBlessingBlue":25,"Molten Egg 2":20,"WingedGreaves":10,"foxEvents:LuckyCharm":13,"Nloth\u0027s Gift":31,"Chemical X":40,"hexamod:SpiritBrand":0,"Meat on the Bone":3},{"downfall:HeartBlessingRed":13,"Torii":23,"downfall:HeartBlessingGreen":5,"Replay:WaspNest":23,"Omamori":2,"Replay:Kaleidoscope":21,"Cursed Key":18,"Replay:Arrowhead":3,"Bottled Flame":6,"CaptainsWheel":14,"Anchor":23,"hexamod:UnbrokenSoul":10,"downfall:HeartBlessingBlue":13,"Molten Egg 2":12,"WingedGreaves":5,"foxEvents:LuckyCharm":7,"Nloth\u0027s Gift":16,"Chemical X":23,"hexamod:SpiritBrand":0,"Meat on the Bone":1},{"downfall:HeartBlessingRed":46,"Torii":92,"downfall:HeartBlessingGreen":16,"Replay:WaspNest":92,"Omamori":4,"Replay:Kaleidoscope":82,"Cursed Key":69,"Replay:Arrowhead":7,"Bottled Flame":19,"CaptainsWheel":50,"Anchor":92,"hexamod:UnbrokenSoul":35,"downfall:HeartBlessingBlue":46,"Molten Egg 2":43,"WingedGreaves":16,"foxEvents:LuckyCharm":22,"Nloth\u0027s Gift":57,"Chemical X":92,"hexamod:SpiritBrand":0,"Meat on the Bone":2}],"Meat on the Bone":36},"card_choices":[{"not_picked":["hexamod:Firestarter","hexamod:SuperheatedStrike"],"picked":"hexamod:SpectralSpark","floor":2},{"not_picked":["hexamod:Incineration","hexamod:NightmareGuise"],"picked":"hexamod:HauntingEcho","floor":3},{"not_picked":["hexamod:GhostLash","hexamod:GhostShield"],"picked":"hexamod:StepThrough","floor":3},{"not_picked":["hexamod:PhantomFireball","hexamod:SwordOfDarkness"],"picked":"hexamod:Again","floor":4},{"not_picked":["hexamod:FlamesFromBeyond","hexamod:GhostShield"],"picked":"hexamod:Rewind","floor":6},{"not_picked":["hexamod:PhantomFireball","hexamod:SpectersWail"],"picked":"hexamod:GhostflameBarrier","floor":9},{"not_picked":["hexamod:GhostOfSpirePresent","hexamod:Rewind","hexamod:SpectersWail"],"picked":"SKIP","floor":10},{"not_picked":["hexamod:SecondSeal","hexamod:BurningTouch"],"picked":"hexamod:RetreatToShadows","floor":12},{"not_picked":["hexamod:Incineration","hexamod:CatchUp"],"picked":"hexamod:PhantomFireball","floor":14},{"not_picked":["hexamod:FlamesFromBeyond","hexamod:AdvancingGuard"],"picked":"hexamod:FastForward","floor":15},{"not_picked":["hexamod:UnleashSpirits","hexamod:TimeOfNeed"],"picked":"hexamod:GhostflameInferno","floor":16},{"not_picked":["hexamod:SpectersWail","hexamod:DynamicBlow"],"picked":"hexamod:FastForward+1","floor":19},{"not_picked":["hexamod:SpectersWail+1","hexamod:RetreatToShadows"],"picked":"hexamod:NecessarySacrifice+1","floor":20},{"not_picked":["hexamod:InspiringFlames+1","hexamod:BurningTouch"],"picked":"hexamod:HeatShield","floor":21},{"not_picked":["hexamod:BurningTouch","hexamod:FlamesFromBeyond"],"picked":"hexamod:FirstSeal","floor":26},{"not_picked":["hexamod:FlamesFromBeyond+1","hexamod:SwordOfDarkness+1"],"picked":"hexamod:CatchUp","floor":28},{"not_picked":["hexamod:GhostShield","hexamod:ShieldOfDarkness"],"picked":"hexamod:RetreatToShadows+1","floor":29},{"not_picked":["hexamod:BacktrackSmack+1","hexamod:FirstSeal"],"picked":"hexamod:SpectralAdrenaline+1","floor":32},{"not_picked":["hexamod:FifthSeal","hexamod:UnlimitedPower"],"picked":"hexamod:HexaLevel","floor":33},{"not_picked":["hexamod:Incineration+1","hexamod:HauntingEcho+1"],"picked":"hexamod:RadiantFlame+1","floor":36},{"not_picked":["hexamod:NightmareGuise+1","hexamod:HeatShield+1"],"picked":"hexamod:WildfireWeapon","floor":37},{"not_picked":["hexamod:ShieldOfDarkness+1","hexamod:FastForward","hexamod:PhantomFireball+1"],"picked":"SKIP","floor":39},{"not_picked":["hexamod:GhostLash+1","hexamod:DynamicBlow+1"],"picked":"hexamod:ChargedBarrage+1","floor":40},{"not_picked":["hexamod:ThermalTransfer+1","hexamod:Hexaguard"],"picked":"hexamod:RadiantFlame+1","floor":46},{"not_picked":["hexamod:Haunt","hexamod:NightmareStrike+1"],"picked":"hexamod:RainOfEmbers+1","floor":48},{"not_picked":["hexamod:HeatMetal+1","hexamod:FourthSeal"],"picked":"hexamod:SkipABeat+1","floor":49}],"player_experience":213251,"relics_obtained":[{"floor":3,"key":"Meat on the Bone"},{"floor":5,"key":"Omamori"},{"floor":7,"key":"Replay:Arrowhead"},{"floor":10,"key":"WingedGreaves"},{"floor":12,"key":"Bottled Flame"},{"floor":13,"key":"foxEvents:LuckyCharm"},{"floor":26,"key":"CaptainsWheel"},{"floor":38,"key":"Replay:Kaleidoscope"},{"floor":41,"key":"Replay:WaspNest"}],"event_choices":[{"damage_healed":0,"gold_gain":0,"player_choice":"Became a vampire","damage_taken":0,"max_hp_gain":0,"max_hp_loss":21,"event_name":"Vampires","floor":22,"gold_loss":0,"cards_obtained":["Bite","Bite","Bite","Bite","Bite"]},{"cards_removed":["hexamod:Defend"],"damage_healed":0,"gold_gain":0,"player_choice":"Offered Basic","damage_taken":0,"max_hp_gain":0,"max_hp_loss":0,"event_name":"Bonfire Elementals","floor":27,"gold_loss":0}],"is_beta":false,"boss_relics":[{"not_picked":["Black Star","Empty Cage"],"picked":"hexamod:UnbrokenSoul"},{"not_picked":["Honey Jar","Runic Pyramid"],"picked":"Cursed Key"}],"items_purged_floors":[],"is_endless":false,"potions_floor_spawned":[9,10,14,19,26,29,33,39,46],"killed_by":"DF_ARCHETYPE_ORBS","ascension_level":0}}