{"host":"f76wcztdlwlduum6","time":1613437765,"event":{"mods":["BaseMod","BetterRewards","Colored Powertips","Minty Spire (QoL Compilation)","Quick Restart","Rare Cards Sparkle","Relic Stats","StSLib","SuperFastMode","everything is the same but u backflip on backflip"],"gold_per_floor":[118,118,118,139,157,195,214,214,214],"floor_reached":8,"language":"ENG","playtime":534,"items_purged":[],"score":116,"play_id":"87c71965-e9b3-4cc4-b853-cc0c7fafeba2","local_time":"20210215190925","is_ascension_mode":true,"campfire_choices":[],"circlet_count":0,"master_deck":["AscendersBane","Strike_B","Strike_B","Strike_B","Defend_B","Defend_B","Defend_B","Defend_B","Zap","Dualcast","Cold Snap","Darkness","Cold Snap","Self Repair","Chaos","Sunder"],"relics":["Cracked Core","NeowsBlessing","Golden Idol","PreservedInsect"],"acts_visited":["Exordium"],"potions_floor_usage":[6,6],"damage_taken":[{"damage":0,"enemies":"Small Slimes","floor":1,"turns":1},{"damage":0,"enemies":"2 Louse","floor":4,"turns":1},{"damage":0,"enemies":"Cultist","floor":5,"turns":1},{"damage":41,"enemies":"3 Sentries","floor":6,"turns":13},{"damage":27,"enemies":"Lots of Slimes","floor":7,"turns":8},{"damage":11,"enemies":"Lagavulin","floor":8,"turns":4}],"seed_played":"-3739335313776814122","potions_obtained":[{"floor":4,"key":"Energy Potion"},{"floor":5,"key":"SteroidPotion"}],"is_trial":false,"path_per_floor":["M","?","?","M","M","E","M","E"],"character_chosen":"DEFECT","items_purchased":[],"campfire_rested":0,"item_purchase_floors":[],"current_hp_per_floor":[64,64,64,64,64,30,10,0,0],"gold":214,"neow_bonus":"THREE_ENEMY_KILL","is_daily":false,"chose_seed":false,"campfire_upgraded":0,"win_rate":0.0,"timestamp":1613437765,"path_taken":["M","?","?","M","M","E","M","E"],"items_purchased_type":[],"build_version":"2020-12-22","purchased_purges":0,"victory":false,"max_hp_per_floor":[71,64,64,64,64,64,64,64,64],"relic_stats":{"counters":[6,28],"Golden Idol":20,"PreservedInsect":29,"obtain_stats":[{"NeowsBlessing":0,"Golden Idol":2,"PreservedInsect":6,"Cracked Core":0},{"NeowsBlessing":0,"Golden Idol":1,"PreservedInsect":4,"Cracked Core":0},{"NeowsBlessing":0,"Golden Idol":1,"PreservedInsect":16,"Cracked Core":0}]},"card_choices":[{"not_picked":["Steam Power","Scrape"],"picked":"Cold Snap","floor":1},{"not_picked":["Rebound","Force Field"],"picked":"Cold Snap","floor":4},{"not_picked":["Blizzard","Rebound"],"picked":"Self Repair","floor":5},{"not_picked":["Ball Lightning","Conserve Battery"],"picked":"Chaos","floor":6},{"not_picked":["Melter","Steam"],"picked":"Sunder","floor":7}],"player_experience":331513,"relics_obtained":[{"floor":6,"key":"PreservedInsect"}],"event_choices":[{"damage_healed":0,"gold_gain":0,"player_choice":"Lose Max HP","damage_taken":0,"relics_obtained":["Golden Idol"],"max_hp_gain":0,"max_hp_loss":7,"event_name":"Golden Idol","floor":2,"gold_loss":0},{"damage_healed":0,"gold_gain":0,"cards_transformed":["Strike_B"],"player_choice":"Transformed","damage_taken":0,"max_hp_gain":0,"max_hp_loss":0,"event_name":"Transmorgrifier","floor":3,"gold_loss":0,"cards_obtained":["Darkness"]}],"is_beta":false,"boss_relics":[],"items_purged_floors":[],"is_endless":false,"potions_floor_spawned":[4,5],"killed_by":"Lagavulin","ascension_level":20}}