{"host":"mi0eibewekhugwl1","time":1613465085,"event":{"mods":["AchievementEnabler","BaseMod","Colored Map","Colored Powertips","DeckTracker","Keyboard Shortcuts","Minty Spire (QoL Compilation)","Quick Restart","Rare Cards Sparkle","Relic Stats","StSLib","SuperFastMode","everything is the same but u backflip on backflip"],"gold_per_floor":[217,217,142,242,257,257,268,268,268,287,80,17,32,32,32,103,103,118,43,43,62,77,92,92,92],"floor_reached":24,"language":"KOR","playtime":408,"items_purged":["Strike_G","Strike_G","Defend_G"],"score":376,"play_id":"a47c9beb-2f61-450e-aab8-83032c4f14ad","local_time":"20210216174445","is_ascension_mode":true,"campfire_choices":[{"data":"Crippling Poison","floor":6,"key":"SMITH"},{"data":"Deadly Poison","floor":8,"key":"SMITH"},{"data":"Adrenaline","floor":15,"key":"SMITH"}],"circlet_count":0,"master_deck":["AscendersBane","Strike_G","Strike_G","Defend_G","Defend_G","Defend_G","Defend_G","Survivor","Neutralize","Poisoned Stab","Crippling Poison+1","Deadly Poison+1","Adrenaline+1","Noxious Fumes","Acrobatics"],"relics":["Ring of the Snake","TungstenRod","Membership Card","Philosopher\u0027s Stone"],"acts_visited":["Exordium","TheCity"],"potions_floor_usage":[21,23],"damage_taken":[{"damage":9,"enemies":"Small Slimes","floor":1,"turns":6},{"damage":2,"enemies":"Cultist","floor":5,"turns":4},{"damage":9,"enemies":"Jaw Worm","floor":7,"turns":6},{"damage":3,"enemies":"Exordium Wildlife","floor":10,"turns":3},{"damage":0,"enemies":"Blue Slaver","floor":13,"turns":3},{"damage":7,"enemies":"Hexaghost","floor":16,"turns":9},{"damage":5,"enemies":"Chosen","floor":18,"turns":5},{"damage":10,"enemies":"Shell Parasite","floor":21,"turns":5},{"damage":32,"enemies":"Snecko","floor":22,"turns":7},{"damage":7,"enemies":"Snake Plant","floor":23,"turns":4},{"damage":4,"enemies":"Centurion and Healer","floor":24,"turns":2}],"seed_played":"5351416968030591457","potions_obtained":[{"floor":2,"key":"SteroidPotion"},{"floor":2,"key":"AttackPotion"},{"floor":16,"key":"Dexterity Potion"},{"floor":22,"key":"SkillPotion"}],"is_trial":false,"path_per_floor":["M","?","$","?","M","R","M","R","T","M","$","$","M","?","R","B",null,"M","?","?","M","M","M","M"],"character_chosen":"THE_SILENT","items_purchased":["Membership Card"],"campfire_rested":0,"item_purchase_floors":[11],"current_hp_per_floor":[50,50,50,50,48,48,39,39,39,36,36,36,36,36,36,29,57,52,52,52,42,10,3,0,0],"gold":92,"neow_bonus":"HUNDRED_GOLD","is_daily":false,"chose_seed":false,"campfire_upgraded":3,"win_rate":0.0,"timestamp":1613465085,"path_taken":["M","?","?","?","?","R","M","R","T","M","?","$","M","?","R","BOSS","M","?","?","M","?","M","M"],"items_purchased_type":["Relic"],"build_version":"2020-12-22","purchased_purges":3,"victory":false,"max_hp_per_floor":[66,66,66,66,66,66,66,66,66,66,66,66,66,66,66,66,66,66,66,66,66,66,66,66,66],"relic_stats":{"counters":[11,54],"obtain_stats":[{"Philosopher\u0027s Stone":17,"Membership Card":11,"TungstenRod":9,"Ring of the Snake":0},{"Philosopher\u0027s Stone":6,"Membership Card":4,"TungstenRod":3,"Ring of the Snake":0},{"Philosopher\u0027s Stone":31,"Membership Card":19,"TungstenRod":16,"Ring of the Snake":0}],"TungstenRod":18,"Ring of the Snake":[22]},"card_choices":[{"not_picked":["Flying Knee","Underhanded Strike"],"picked":"Poisoned Stab","floor":1},{"not_picked":["Dagger Throw","Caltrops"],"picked":"Crippling Poison","floor":5},{"not_picked":["Slice","Quick Slash"],"picked":"Deadly Poison","floor":7},{"not_picked":["Quick Slash","Noxious Fumes"],"picked":"Adrenaline","floor":10},{"not_picked":["PiercingWail","Poisoned Stab","Accuracy"],"picked":"SKIP","floor":13},{"not_picked":["Prepared","Bane","Dagger Throw"],"picked":"SKIP","floor":18},{"not_picked":["Dodge and Roll","Dagger Throw","PiercingWail"],"picked":"SKIP","floor":21},{"not_picked":["Leg Sweep","Well Laid Plans"],"picked":"Noxious Fumes","floor":22},{"not_picked":["Masterful Stab","Quick Slash"],"picked":"Acrobatics","floor":23}],"player_experience":1807093,"relics_obtained":[{"floor":9,"key":"TungstenRod"}],"event_choices":[{"damage_healed":0,"gold_gain":0,"player_choice":"Got Potions","damage_taken":0,"max_hp_gain":0,"max_hp_loss":0,"event_name":"Lab","floor":2,"gold_loss":0},{"damage_healed":0,"gold_gain":100,"player_choice":"Gold","damage_taken":0,"max_hp_gain":0,"max_hp_loss":0,"event_name":"Wheel of Change","floor":4,"gold_loss":0},{"damage_healed":0,"gold_gain":0,"player_choice":"Ignored","damage_taken":0,"max_hp_gain":0,"max_hp_loss":0,"event_name":"Liars Game","floor":14,"gold_loss":0},{"cards_removed":["Strike_G"],"damage_healed":0,"gold_gain":0,"player_choice":"Gave Gold","damage_taken":0,"max_hp_gain":0,"max_hp_loss":0,"event_name":"Beggar","floor":19,"gold_loss":75},{"damage_healed":0,"gold_gain":0,"player_choice":"Ignored","damage_taken":0,"max_hp_gain":0,"max_hp_loss":0,"event_name":"Ghosts","floor":20,"gold_loss":0}],"is_beta":false,"boss_relics":[{"not_picked":["Ectoplasm","Fusion Hammer"],"picked":"Philosopher\u0027s Stone"}],"items_purged_floors":[3,11,12],"is_endless":false,"potions_floor_spawned":[5,16,18,22],"killed_by":"Centurion and Healer","ascension_level":20}}