{"host":"ypzb5vvnu9f3ii1t","time":1613483692,"event":{"mods":["AchievementEnabler","BaseMod","Colored Map","DeckTracker","Keyboard Shortcuts","Minty Spire (QoL Compilation)","Permanent Neow","Quick Restart","SuperFastMode"],"gold_per_floor":[113,288,288,288,288,288,298,151,151,180,195,220,220,230,230,335,335,345,345,370,125,125,125,125],"floor_reached":23,"language":"KOR","playtime":737,"items_purged":["Injury","Vigilance"],"score":286,"play_id":"38893f6b-e36d-4b28-ad1a-19fcd98ba9b7","local_time":"20210216225452","is_ascension_mode":true,"campfire_choices":[{"data":"Judgement","floor":6.0,"key":"SMITH"},{"data":"DevaForm","floor":13.0,"key":"SMITH"},{"floor":15.0,"key":"REST"}],"circlet_count":0,"master_deck":["Strike_P","Strike_P","Strike_P","Strike_P","Defend_P","Defend_P","Defend_P","Defend_P","Eruption","Judgement+1","Adaptation","DevaForm+1","Vault","InnerPeace","Vault"],"relics":["PureWater","Thread and Needle","TeardropLocket","Akabeko","Bronze Scales","VioletLotus","Ancient Tea Set","Orrery","Boot"],"acts_visited":["Exordium","TheCity"],"potions_floor_usage":[23],"damage_taken":[{"damage":0.0,"enemies":"Small Slimes","floor":1.0,"turns":3.0},{"damage":0.0,"enemies":"2 Louse","floor":7.0,"turns":3.0},{"damage":0.0,"enemies":"Gremlin Nob","floor":10.0,"turns":2.0},{"damage":0.0,"enemies":"Jaw Worm","floor":11.0,"turns":1.0},{"damage":6.0,"enemies":"3 Sentries","floor":12.0,"turns":6.0},{"damage":0.0,"enemies":"Blue Slaver","floor":14.0,"turns":1.0},{"damage":60.0,"enemies":"The Guardian","floor":16.0,"turns":10.0},{"damage":8.0,"enemies":"Shell Parasite","floor":18.0,"turns":6.0},{"damage":70,"enemies":"Book of Stabbing","floor":23,"turns":6}],"seed_played":"-6643430263613741140","potions_obtained":[{"floor":1.0,"key":"FearPotion"},{"floor":11.0,"key":"ColorlessPotion"},{"floor":14.0,"key":"Regen Potion"}],"is_trial":false,"path_per_floor":["M","?","?","?","?","R","M","$","T","E","M","E","R","M","R","B",null,"M","?","T","$","?","E"],"character_chosen":"WATCHER","items_purchased":["Adaptation","Orrery"],"campfire_rested":1,"item_purchase_floors":[8,21],"current_hp_per_floor":[65,65,58,58,58,58,58,58,58,58,58,52,52,52,72,12,57,49,49,49,49,49,0,0],"gold":125,"neow_bonus":"THREE_RARE_CARDS","is_daily":false,"chose_seed":false,"campfire_upgraded":2,"win_rate":0.0,"timestamp":1613483692,"path_taken":["M","?","?","?","?","R","?","$","T","E","M","E","R","M","R","BOSS","M","?","?","$","?","E"],"items_purchased_type":["Card","Relic"],"build_version":"2020-12-22","purchased_purges":2,"victory":false,"max_hp_per_floor":[72,72,72,72,72,72,72,72,72,72,72,72,72,72,72,72,72,72,72,72,72,72,72,72],"card_choices":[{"not_picked":["Scrawl","Blasphemy"],"picked":"Judgement","floor":0.0},{"not_picked":["Collect","Evaluate","FlyingSleeves"],"picked":"SKIP","floor":1.0},{"not_picked":["Worship","Consecrate","DeceiveReality"],"picked":"SKIP","floor":7.0},{"not_picked":["Consecrate","EmptyFist"],"picked":"DevaForm","floor":10.0},{"not_picked":["Protect","FlurryOfBlows","Crescendo"],"picked":"SKIP","floor":11.0},{"not_picked":["Worship","Prostrate","ForeignInfluence"],"picked":"SKIP","floor":12.0},{"not_picked":["Indignation","Evaluate","EmptyMind"],"picked":"SKIP","floor":14.0},{"not_picked":["Establishment","Devotion"],"picked":"Vault","floor":16.0},{"not_picked":["DeceiveReality","Pray","WindmillStrike"],"picked":"SKIP","floor":18.0},{"not_picked":["ClearTheMind","WreathOfFlame+1"],"picked":"Vault","floor":21.0}],"player_experience":231666,"relics_obtained":[{"floor":9.0,"key":"TeardropLocket"},{"floor":10.0,"key":"Akabeko"},{"floor":12.0,"key":"Bronze Scales"},{"floor":20.0,"key":"Ancient Tea Set"}],"event_choices":[{"damage_healed":0.0,"max_hp_gain":0.0,"max_hp_loss":0.0,"gold_gain":175.0,"event_name":"Liars Game","player_choice":"AGREE","floor":2.0,"gold_loss":0.0,"damage_taken":0.0,"cards_obtained":["Doubt"]},{"damage_healed":0.0,"max_hp_gain":0.0,"max_hp_loss":0.0,"gold_gain":0.0,"event_name":"Scrap Ooze","player_choice":"Success","floor":3.0,"gold_loss":0.0,"damage_taken":7.0,"relics_obtained":["Thread and Needle"]},{"cards_removed":["Doubt"],"damage_healed":0.0,"max_hp_gain":0.0,"max_hp_loss":0.0,"gold_gain":0.0,"event_name":"Living Wall","player_choice":"Forget","floor":4.0,"gold_loss":0.0,"damage_taken":0.0},{"damage_healed":0.0,"max_hp_gain":0.0,"max_hp_loss":0.0,"gold_gain":0.0,"event_name":"Shining Light","player_choice":"Ignored","floor":5.0,"gold_loss":0.0,"damage_taken":0.0},{"damage_healed":0.0,"max_hp_gain":0.0,"max_hp_loss":0.0,"gold_gain":0.0,"event_name":"The Library","player_choice":"Read","floor":19.0,"gold_loss":0.0,"damage_taken":0.0,"cards_obtained":["InnerPeace"]},{"damage_healed":0.0,"max_hp_gain":0.0,"max_hp_loss":0.0,"gold_gain":0.0,"event_name":"The Mausoleum","player_choice":"Opened","floor":22.0,"gold_loss":0.0,"damage_taken":0.0,"relics_obtained":["Boot"]}],"is_beta":false,"boss_relics":[{"not_picked":["Velvet Choker","Philosopher\u0027s Stone"],"picked":"VioletLotus"}],"items_purged_floors":[8,21],"is_endless":false,"potions_floor_spawned":[1,11,14],"killed_by":"Book of Stabbing","ascension_level":6}}