{"host":"pj7egx7jkoz18hom","time":1613457492,"event":{"mods":["AchievementEnabler","BaseMod","Keyboard Shortcuts","Minty Spire (QoL Compilation)","SuperFastMode"],"gold_per_floor":[112,112,122,137,137,170,170,205,205,233,112,142,142,153,153,253,253,263,263,263,281,281,281,296,323,347,365,380,414,427,443,443,544,544,554,514,546,299,317,343,343,377,377,377,227,252,264,289,301,313],"floor_reached":51,"language":"KOR","playtime":2011,"items_purged":["Strike_R","Defend_R+1"],"score":981,"play_id":"5ffac2b2-b8d4-4f37-a50d-4defc38aeef3","local_time":"20210216153812","is_ascension_mode":true,"campfire_choices":[{"data":"True Grit","floor":13,"key":"SMITH"},{"data":"Bludgeon","floor":15,"key":"SMITH"},{"data":"Armaments","floor":23,"key":"SMITH"},{"data":"Double Tap","floor":32,"key":"SMITH"},{"data":"Sentinel","floor":41,"key":"SMITH"},{"data":"Spot Weakness","floor":44,"key":"SMITH"},{"data":"Shrug It Off","floor":47,"key":"SMITH"},{"floor":49,"key":"RECALL"}],"circlet_count":0,"master_deck":["Defend_R","Defend_R","Defend_R","Bash","Cleave","Seeing Red+1","Anger","Shrug It Off+1","Shockwave+1","Spot Weakness+1","True Grit+1","Bludgeon+1","Double Tap+1","Pommel Strike+1","Armaments+1","Bite","Bite","Bite","Bite","Bite","Flex+1","Headbutt+1","Cleave+1","Battle Trance","Sentinel+1","Feed+1","Seeing Red"],"relics":["Burning Blood","White Beast Statue","Red Skull","Letter Opener","Charon\u0027s Ashes","Ornamental Fan","Sundial","Bag of Preparation","Mark of Pain","Mercury Hourglass","Singing Bowl","War Paint","Pantograph","Runic Pyramid","Sling","Strawberry","Eternal Feather","Potion Belt","Happy Flower","MawBank"],"acts_visited":["Exordium","TheCity","TheBeyond"],"potions_floor_usage":[3,4,4,6,6,6,6,6,8,10,12,16,16,18,24,28,29,31,33,33,33,35,35,37,39,40,40,42,50,50,50],"damage_taken":[{"damage":11,"enemies":"2 Louse","floor":1,"turns":3},{"damage":2,"enemies":"Jaw Worm","floor":3,"turns":3},{"damage":6,"enemies":"Cultist","floor":4,"turns":3},{"damage":15,"enemies":"Gremlin Nob","floor":6,"turns":3},{"damage":17,"enemies":"3 Sentries","floor":8,"turns":7},{"damage":16,"enemies":"Gremlin Nob","floor":10,"turns":4},{"damage":17,"enemies":"Lagavulin","floor":12,"turns":5},{"damage":0,"enemies":"3 Louse","floor":14,"turns":1},{"damage":31,"enemies":"The Guardian","floor":16,"turns":8},{"damage":25,"enemies":"Spheric Guardian","floor":18,"turns":6},{"damage":0,"enemies":"2 Thieves","floor":21,"turns":2},{"damage":25,"enemies":"Snake Plant","floor":24,"turns":5},{"damage":29,"enemies":"Book of Stabbing","floor":25,"turns":3},{"damage":3,"enemies":"Cultist and Chosen","floor":27,"turns":3},{"damage":2,"enemies":"Sentry and Sphere","floor":28,"turns":3},{"damage":12,"enemies":"Slavers","floor":29,"turns":2},{"damage":4,"enemies":"3 Cultists","floor":30,"turns":4},{"damage":0,"enemies":"Snecko","floor":31,"turns":1},{"damage":25,"enemies":"Champ","floor":33,"turns":6},{"damage":11,"enemies":"3 Darklings","floor":35,"turns":2},{"damage":1,"enemies":"Orb Walker","floor":37,"turns":3},{"damage":9,"enemies":"Spire Growth","floor":39,"turns":3},{"damage":17,"enemies":"Nemesis","floor":40,"turns":3},{"damage":23,"enemies":"Reptomancer","floor":42,"turns":5},{"damage":39,"enemies":"Nemesis","floor":46,"turns":5},{"damage":4,"enemies":"4 Shapes","floor":48,"turns":3},{"damage":104,"enemies":"Time Eater","floor":50,"turns":9}],"seed_played":"6977946858418990007","potions_obtained":[{"floor":0,"key":"PowerPotion"},{"floor":0,"key":"BloodPotion"},{"floor":0,"key":"SteroidPotion"},{"floor":1,"key":"CultistPotion"},{"floor":3,"key":"EntropicBrew"},{"floor":4,"key":"AttackPotion"},{"floor":6,"key":"Block Potion"},{"floor":8,"key":"Strength Potion"},{"floor":10,"key":"LiquidMemories"},{"floor":12,"key":"SkillPotion"},{"floor":14,"key":"LiquidBronze"},{"floor":16,"key":"SpeedPotion"},{"floor":18,"key":"SpeedPotion"},{"floor":21,"key":"Explosive Potion"},{"floor":24,"key":"BlessingOfTheForge"},{"floor":25,"key":"SpeedPotion"},{"floor":27,"key":"LiquidMemories"},{"floor":28,"key":"Fruit Juice"},{"floor":29,"key":"Ancient Potion"},{"floor":30,"key":"Energy Potion"},{"floor":31,"key":"SkillPotion"},{"floor":33,"key":"EntropicBrew"},{"floor":35,"key":"Dexterity Potion"},{"floor":37,"key":"Block Potion"},{"floor":39,"key":"DistilledChaos"},{"floor":40,"key":"ColorlessPotion"},{"floor":42,"key":"ElixirPotion"},{"floor":46,"key":"Energy Potion"},{"floor":48,"key":"BloodPotion"}],"is_trial":false,"path_per_floor":["M","?","M","M","?","E","T","E","T","E","$","E","R","M","R","B",null,"M","?","?","M","T","R","M","E","T","M","M","E","M","M","R","B",null,"M","?","M","$","M","E","R","E","T","R","$","E","R","M","R","B",null],"character_chosen":"IRONCLAD","items_purchased":["True Grit","Sling","Happy Flower"],"campfire_rested":0,"item_purchase_floors":[11,38,45],"current_hp_per_floor":[75,63,67,80,80,71,71,60,60,50,50,39,39,45,45,20,80,61,61,56,56,56,56,41,28,28,36,53,51,61,67,67,56,67,69,69,71,71,70,75,75,71,71,84,84,59,74,84,94,31],"gold":325,"neow_bonus":"THREE_SMALL_POTIONS","is_daily":false,"chose_seed":false,"campfire_upgraded":7,"win_rate":0.0,"timestamp":1613457492,"path_taken":["M","?","M","M","?","E","?","E","T","E","$","E","R","M","R","BOSS","M","?","?","M","?","R","M","E","T","M","M","E","M","M","R","BOSS","M","?","M","$","M","E","R","E","T","R","?","E","R","M","R","BOSS"],"items_purchased_type":["Card","Relic","Relic"],"build_version":"2020-12-22","purchased_purges":2,"victory":true,"max_hp_per_floor":[80,80,80,80,80,80,80,80,80,80,80,80,80,80,80,80,80,80,80,56,56,56,56,56,58,58,58,65,65,65,67,67,67,67,69,69,71,71,73,82,82,84,84,84,84,90,90,94,94,94],"card_choices":[{"not_picked":["Metallicize","Heavy Blade"],"picked":"Cleave","floor":1},{"not_picked":["Cleave","Hemokinesis"],"picked":"Seeing Red","floor":3},{"not_picked":["Havoc","Wild Strike"],"picked":"Anger","floor":4},{"not_picked":["Warcry","Hemokinesis"],"picked":"Shrug It Off","floor":6},{"not_picked":["Anger","Cleave"],"picked":"Shockwave","floor":8},{"not_picked":["Clash","Body Slam"],"picked":"Spot Weakness","floor":10},{"not_picked":["Body Slam","Dual Wield"],"picked":"Bludgeon","floor":12},{"not_picked":["Heavy Blade","Carnage","Thunderclap"],"picked":"SKIP","floor":14},{"not_picked":["Juggernaut","Limit Break"],"picked":"Double Tap","floor":16},{"not_picked":["Carnage","Iron Wave"],"picked":"Pommel Strike+1","floor":18},{"not_picked":["Body Slam","Entrench"],"picked":"Flex+1","floor":21},{"not_picked":["Uppercut+1","Anger"],"picked":"Headbutt+1","floor":24},{"not_picked":["Thunderclap","Battle Trance","Wild Strike"],"picked":"Singing Bowl","floor":25},{"not_picked":["Anger","Havoc"],"picked":"Cleave+1","floor":27},{"not_picked":["Seeing Red","Battle Trance","Anger"],"picked":"Singing Bowl","floor":28},{"not_picked":["Rage","Bludgeon"],"picked":"Battle Trance","floor":29},{"not_picked":["Pommel Strike","Perfected Strike"],"picked":"Sentinel","floor":30},{"not_picked":["Warcry","Rampage","Clash"],"picked":"Singing Bowl","floor":31},{"not_picked":["Bludgeon","Reaper"],"picked":"Feed","floor":33},{"not_picked":["Pummel+1","Headbutt","Perfected Strike"],"picked":"Singing Bowl","floor":35},{"not_picked":["True Grit","Perfected Strike","Reckless Charge"],"picked":"Singing Bowl","floor":37},{"not_picked":["Havoc","Shockwave","Headbutt"],"picked":"Singing Bowl","floor":39},{"not_picked":["Searing Blow+1","Perfected Strike+1","Dropkick"],"picked":"Singing Bowl","floor":40},{"not_picked":["Carnage","Clothesline","Reaper"],"picked":"Singing Bowl","floor":42},{"not_picked":["Iron Wave","Warcry+1","Havoc"],"picked":"Singing Bowl","floor":46},{"not_picked":["Shrug It Off","Havoc"],"picked":"Seeing Red","floor":48}],"player_experience":98904,"relics_obtained":[{"floor":6,"key":"Red Skull"},{"floor":7,"key":"Letter Opener"},{"floor":8,"key":"Charon\u0027s Ashes"},{"floor":9,"key":"Ornamental Fan"},{"floor":10,"key":"Sundial"},{"floor":12,"key":"Bag of Preparation"},{"floor":22,"key":"Mercury Hourglass"},{"floor":25,"key":"Singing Bowl"},{"floor":26,"key":"War Paint"},{"floor":29,"key":"Pantograph"},{"floor":40,"key":"Strawberry"},{"floor":42,"key":"Eternal Feather"},{"floor":43,"key":"Potion Belt"},{"floor":46,"key":"MawBank"}],"event_choices":[{"damage_healed":0,"gold_gain":0,"player_choice":"Success","damage_taken":12,"relics_obtained":["White Beast Statue"],"max_hp_gain":0,"max_hp_loss":0,"event_name":"Scrap Ooze","floor":2,"gold_loss":0},{"damage_healed":0,"gold_gain":0,"player_choice":"Grow","damage_taken":0,"max_hp_gain":0,"max_hp_loss":0,"event_name":"Living Wall","floor":5,"gold_loss":0,"cards_upgraded":["Seeing Red"]},{"damage_healed":0,"gold_gain":0,"player_choice":"Read","damage_taken":0,"max_hp_gain":0,"max_hp_loss":0,"event_name":"The Library","floor":19,"gold_loss":0,"cards_obtained":["Armaments"]},{"damage_healed":0,"gold_gain":0,"player_choice":"Became a vampire","damage_taken":0,"max_hp_gain":0,"max_hp_loss":24,"event_name":"Vampires","floor":20,"gold_loss":0,"cards_obtained":["Bite","Bite","Bite","Bite","Bite"]},{"damage_healed":0,"gold_gain":0,"player_choice":"Upgrade","damage_taken":0,"max_hp_gain":0,"max_hp_loss":0,"event_name":"Designer","floor":36,"gold_loss":40,"cards_upgraded":["Feed"]}],"is_beta":false,"boss_relics":[{"not_picked":["SlaversCollar","Empty Cage"],"picked":"Mark of Pain"},{"not_picked":["SacredBark","Cursed Key"],"picked":"Runic Pyramid"}],"items_purged_floors":[11,38],"is_endless":false,"potions_floor_spawned":[1,3,4,6,8,10,12,14,16,18,21,24,25,27,28,29,30,31,33,35,37,39,40,42,46,48],"ascension_level":4}}