{"host":"me7pax5d7uwssv6n","time":1613469889,"event":{"mods":["BaseMod","Minty Spire (QoL Compilation)","Replay The Spire","StSLib"],"gold_per_floor":[116,116,116,17,17,17,44,44,44,63,76,151,164,197,197,302,302,321,321,321,170,190,222,222,222,275,287,314,344,33,52,52,155,155,182,219,241,0,54,99,99,115,115,119,119],"floor_reached":44,"language":"ENG","playtime":4195,"items_purged":["Regret","Strike_B"],"score":489,"play_id":"0747804b-7613-4454-b1cc-15ab2f9292ac","local_time":"20210216180449","is_ascension_mode":false,"campfire_choices":[{"data":"Zap","floor":6,"key":"SMITH"},{"floor":15,"key":"DIG"},{"floor":25,"key":"REST"},{"floor":32,"key":"RECALL"},{"floor":41,"key":"REST"}],"circlet_count":0,"master_deck":["Strike_B","Strike_B","Defend_B","Defend_B","Defend_B","Defend_B","Zap+1","Dualcast","FIFO Queue","Conserve Battery","Time Bomb","Go for the Eyes","Defragment","Hologram","Coolheaded","Ball Lightning+1","Necronomicurse","Conserve Battery","Chill+1","Glacier","Defragment","Coolheaded+1","Defragment","Double Energy","Electrodynamics","Redo+1","Beam Cell+1","Hologram+1","Panic Button","Crystallizer"],"relics":["Cracked Core","NeowsBlessing","CaptainsWheel","Bag of Preparation","Replay:Bandana","Anchor","SlaversCollar","Necronomicon","Onion Ring","MawBank","Iron Hammer","Black Star","Replay:PocketPolymizer","Red Mask","Replay:Kaleidoscope","Centennial Puzzle","HornCleat","Replay:Bottled Flurry"],"acts_visited":["Exordium","TheCity","TheBeyond"],"potions_floor_usage":[14,14,33,42,44],"damage_taken":[{"damage":0,"enemies":"2 Louse","floor":1,"turns":1},{"damage":0,"enemies":"3 Sentries","floor":7,"turns":1},{"damage":0,"enemies":"Jaw Worm","floor":10,"turns":1},{"damage":0,"enemies":"Cultist","floor":11,"turns":3},{"damage":10,"enemies":"Looter","floor":13,"turns":3},{"damage":17,"enemies":"Gremlin Nob","floor":14,"turns":4},{"damage":15,"enemies":"Slime Boss","floor":16,"turns":8},{"damage":16,"enemies":"Spheric Guardian","floor":18,"turns":8},{"damage":4,"enemies":"2 Thieves","floor":22,"turns":4},{"damage":1,"enemies":"Replay:Snechameleon","floor":23,"turns":9},{"damage":1,"enemies":"Snake Plant","floor":28,"turns":7},{"damage":6,"enemies":"Centurion and Healer","floor":29,"turns":20},{"damage":0,"enemies":"Sentry and Sphere","floor":31,"turns":6},{"damage":11,"enemies":"Automaton","floor":33,"turns":14},{"damage":0,"enemies":"3 Shapes","floor":35,"turns":5},{"damage":0,"enemies":"3 Darklings","floor":37,"turns":7},{"damage":8,"enemies":"Mind Bloom Boss Battle","floor":39,"turns":7},{"damage":41,"enemies":"Reptomancer","floor":40,"turns":7},{"damage":21,"enemies":"Transient","floor":42,"turns":5},{"damage":17,"enemies":"Spire Growth","floor":44,"turns":5}],"seed_played":"-5745658181659974340","potions_obtained":[{"floor":1,"key":"Regen Potion"},{"floor":11,"key":"Fire Potion"},{"floor":14,"key":"Milkshake"},{"floor":22,"key":"LiquidMemories"},{"floor":29,"key":"Strength Potion"},{"floor":40,"key":"EssenceOfSteel"}],"is_trial":false,"path_per_floor":["M","?","?","$","?","R","E","$","T","M","M","?","M","E","R","B",null,"M","?","?","$","M","E","?","R","T","?","M","M","$","M","R","B",null,"M","?","M","?","?","E","R","M","T","M"],"character_chosen":"DEFECT","items_purchased":["Conserve Battery","Conserve Battery","Iron Hammer","Defragment"],"campfire_rested":2,"item_purchase_floors":[4,21,30,30],"current_hp_per_floor":[75,75,75,75,75,75,75,75,75,75,75,64,54,49,49,34,75,59,45,29,29,25,24,24,48,48,48,47,41,41,41,41,30,80,80,60,60,60,52,11,35,14,14,0,0],"gold":119,"neow_bonus":"THREE_ENEMY_KILL","is_daily":false,"chose_seed":false,"campfire_upgraded":1,"win_rate":0.0,"timestamp":1613469889,"path_taken":["M","?","?","?","?","R","E","$","T","?","M","?","M","E","R","BOSS","M","?","?","$","M","E","?","R","T","?","M","M","$","M","R","BOSS","M","?","M","?","?","E","R","M","T","?"],"items_purchased_type":["Card","Card","Relic","Card"],"build_version":"2020-12-22","purchased_purges":2,"victory":false,"max_hp_per_floor":[75,75,75,75,75,75,75,75,75,75,75,75,75,75,75,75,75,75,80,80,80,80,80,80,80,80,80,80,80,80,80,80,80,80,80,80,80,80,80,80,80,80,80,80,80],"card_choices":[{"not_picked":["Steam Power","Cold Snap"],"picked":"FIFO Queue","floor":1},{"not_picked":["Ball Lightning","Beam Cell","Hologram"],"picked":"SKIP","floor":7},{"not_picked":["Streamline","Barrage"],"picked":"Go for the Eyes","floor":10},{"not_picked":["ReplayTheSpireMod:Repulse","Crystallizer"],"picked":"Defragment","floor":11},{"not_picked":["Leap","Reboot"],"picked":"Hologram","floor":13},{"not_picked":["Go for the Eyes","Time Bomb"],"picked":"Coolheaded","floor":14},{"not_picked":["Fission","Thunder Strike"],"picked":"Amplify","floor":16},{"not_picked":["ReplaySolidLightProjector","ReplayTheSpireMod:System Scan"],"picked":"Ball Lightning+1","floor":18},{"not_picked":["Darkness","Gash"],"picked":"Chill+1","floor":22},{"not_picked":["White Noise","Streamline"],"picked":"Glacier","floor":23},{"not_picked":["Rip and Tear","FTL"],"picked":"Coolheaded+1","floor":28},{"not_picked":["Beam Cell+1","Cold Snap","Ball Lightning+1"],"picked":"SKIP","floor":29},{"not_picked":["Force Field+1","Hologram+1"],"picked":"Double Energy","floor":31},{"not_picked":["Thunder Strike","Machine Learning"],"picked":"Electrodynamics","floor":33},{"not_picked":["Panic Button","ReplayTheSpireMod:Repulse"],"picked":"Redo+1","floor":35},{"not_picked":["Aggregate+1","Panic Button+1"],"picked":"Beam Cell+1","floor":36},{"not_picked":["Panic Button","ReplayTheSpireMod:Reroute Power","Time Bomb"],"picked":"SKIP","floor":37},{"not_picked":["Cold Snap","Lockon+1"],"picked":"Hologram+1","floor":39},{"not_picked":["Sweeping Beam","Stack+1","Fission"],"picked":"SKIP","floor":40},{"not_picked":["Skim+1","Heatsinks"],"picked":"Crystallizer","floor":42}],"player_experience":12167,"relics_obtained":[{"floor":7,"key":"Bag of Preparation"},{"floor":14,"key":"Replay:Bandana"},{"floor":15,"key":"Anchor"},{"floor":20,"key":"Necronomicon"},{"floor":23,"key":"Onion Ring"},{"floor":26,"key":"MawBank"},{"floor":36,"key":"Replay:PocketPolymizer"},{"floor":39,"key":"Replay:Kaleidoscope"},{"floor":40,"key":"Centennial Puzzle"},{"floor":40,"key":"HornCleat"},{"floor":43,"key":"Replay:Bottled Flurry"}],"event_choices":[{"damage_healed":0,"gold_gain":0,"player_choice":"Box","damage_taken":0,"relics_obtained":["CaptainsWheel"],"max_hp_gain":0,"max_hp_loss":0,"event_name":"Big Fish","floor":2,"gold_loss":0,"cards_obtained":["Regret"]},{"damage_healed":0,"gold_gain":0,"player_choice":"1 cards matched","damage_taken":0,"max_hp_gain":0,"max_hp_loss":0,"event_name":"Match and Keep!","floor":5,"gold_loss":0,"cards_obtained":["Time Bomb"]},{"damage_healed":0,"gold_gain":75,"player_choice":"Gather Gold","damage_taken":11,"max_hp_gain":0,"max_hp_loss":0,"event_name":"World of Goop","floor":12,"gold_loss":0},{"damage_healed":0,"gold_gain":0,"player_choice":"Shed Blood","damage_taken":19,"max_hp_gain":5,"max_hp_loss":0,"event_name":"Forgotten Altar","floor":19,"gold_loss":0},{"damage_healed":0,"gold_gain":0,"player_choice":"Obtained Book","damage_taken":16,"max_hp_gain":0,"max_hp_loss":0,"event_name":"Cursed Tome","floor":20,"gold_loss":0},{"damage_healed":0,"gold_gain":0,"player_choice":"Ignored","damage_taken":0,"max_hp_gain":0,"max_hp_loss":0,"event_name":"Ghosts","floor":24,"gold_loss":0},{"damage_healed":0,"gold_gain":0,"player_choice":"Copied","damage_taken":0,"max_hp_gain":0,"max_hp_loss":0,"event_name":"Duplicator","floor":27,"gold_loss":0,"cards_obtained":["Defragment"]},{"damage_healed":0,"gold_gain":0,"player_choice":"Paid","damage_taken":0,"relics_obtained":["Red Mask"],"max_hp_gain":0,"max_hp_loss":0,"event_name":"Tomb of Lord Red Mask","floor":38,"gold_loss":241},{"damage_healed":0,"gold_gain":0,"player_choice":"Fight","damage_taken":0,"max_hp_gain":0,"max_hp_loss":0,"event_name":"MindBloom","floor":39,"gold_loss":0}],"is_beta":false,"boss_relics":[{"not_picked":["Ring of Chaos","Replay:Wanted Poster"],"picked":"SlaversCollar"},{"not_picked":["Nuclear Battery","FrozenCore"],"picked":"Black Star"}],"items_purged_floors":[4,21],"is_endless":false,"potions_floor_spawned":[1,11,14,22,29,31,40],"killed_by":"Spire Growth","ascension_level":0}}