{"host":"zlmf7uudqr1sj8t0","time":1613464839,"event":{"mods":["BaseMod","Colored Map","DeckTracker","Highlight Path","Minty Spire (QoL Compilation)"],"gold_per_floor":[118,118,131,131,96,96,122,297,324,324,173,173,190,44,44,149,149,167,137,151,170,188,287,84,118,141,66,66,66,77,92,92,92,92],"floor_reached":33,"language":"ENG","playtime":1672,"items_purged":["Doubt"],"score":302,"play_id":"7430c97a-3b25-4f79-9c00-4aae9e31dc7f","local_time":"20210216004039","is_ascension_mode":true,"campfire_choices":[{"data":"Zap","floor":6,"key":"SMITH"},{"floor":10,"key":"REST"},{"data":"Defragment","floor":12,"key":"SMITH"},{"data":"Lockon","floor":15,"key":"SMITH"},{"data":"Purity","floor":29,"key":"SMITH"},{"floor":32,"key":"REST"}],"circlet_count":0,"master_deck":["Strike_B","Strike_B","Strike_B","Defend_B","Defend_B","Defend_B","Defend_B","Zap+1","Dualcast","Electrodynamics+1","Lockon+1","Defragment+1","Leap","Echo Form","Consume","Tempest","Ball Lightning","Purity+1","Clumsy","Consume","Ball Lightning"],"relics":["Cracked Core","Shovel","Mummified Hand","Anchor","PreservedInsect","Cursed Key","Orichalcum","Potion Belt"],"acts_visited":["Exordium","TheCity"],"potions_floor_usage":[20,21,25,25,31,33,33,33],"damage_taken":[{"damage":9,"enemies":"Jaw Worm","floor":1,"turns":3},{"damage":14,"enemies":"2 Louse","floor":3,"turns":3},{"damage":13,"enemies":"Gremlin Nob","floor":7,"turns":3},{"damage":2,"enemies":"Small Slimes","floor":13,"turns":2},{"damage":15,"enemies":"The Guardian","floor":16,"turns":8},{"damage":4,"enemies":"3 Byrds","floor":18,"turns":4},{"damage":1,"enemies":"Spheric Guardian","floor":20,"turns":3},{"damage":3,"enemies":"3 Cultists","floor":21,"turns":3},{"damage":11,"enemies":"Sentry and Sphere","floor":22,"turns":3},{"damage":28,"enemies":"Slavers","floor":25,"turns":3},{"damage":17,"enemies":"Shelled Parasite and Fungi","floor":30,"turns":3},{"damage":2,"enemies":"Chosen and Byrds","floor":31,"turns":2},{"damage":79,"enemies":"Automaton","floor":33,"turns":6}],"seed_played":"7518842105303700803","potions_obtained":[{"floor":3,"key":"SkillPotion"},{"floor":7,"key":"Regen Potion"},{"floor":18,"key":"EntropicBrew"},{"floor":19,"key":"Fruit Juice"},{"floor":19,"key":"AttackPotion"},{"floor":20,"key":"BlessingOfTheForge"},{"floor":30,"key":"DistilledChaos"}],"is_trial":false,"path_per_floor":["M","?","M","?","?","R","E","?","T","R","$","R","M","$","R","B",null,"M","?","M","M","M","?","$","E","T","?","?","R","M","M","R","B"],"character_chosen":"DEFECT","items_purchased":["Defragment","PreservedInsect","Tempest","Ball Lightning","Purity"],"campfire_rested":2,"item_purchase_floors":[11,14,24,24,24],"current_hp_per_floor":[45,38,24,24,42,42,29,29,29,51,51,51,49,49,49,34,75,71,71,75,72,61,61,61,33,33,33,33,33,16,19,43,0,0],"gold":92,"neow_bonus":"THREE_RARE_CARDS","is_daily":false,"chose_seed":false,"campfire_upgraded":4,"win_rate":0.0,"timestamp":1613464839,"path_taken":["M","?","M","?","?","R","E","?","T","R","?","R","M","$","R","BOSS","M","?","M","M","?","?","$","E","T","?","?","R","?","M","R","BOSS"],"items_purchased_type":["Card","Relic","Card","Card","Card"],"build_version":"2020-12-22","purchased_purges":1,"victory":false,"max_hp_per_floor":[75,75,75,75,75,75,75,75,75,75,75,75,75,75,75,75,75,75,75,80,80,80,80,80,80,80,80,80,80,80,80,80,80,80],"card_choices":[{"not_picked":["Buffer","Amplify"],"picked":"Electrodynamics","floor":0},{"not_picked":["Conserve Battery","Rip and Tear","Reinforced Body"],"picked":"SKIP","floor":1},{"not_picked":["Beam Cell","Rip and Tear"],"picked":"Lockon","floor":3},{"not_picked":["Chill","Hyperbeam","Reinforced Body"],"picked":"SKIP","floor":7},{"not_picked":["Glacier","Recycle"],"picked":"Leap","floor":13},{"not_picked":["Electrodynamics","Fission"],"picked":"Echo Form","floor":16},{"not_picked":["Leap","Cold Snap"],"picked":"Consume","floor":18},{"not_picked":["Compile Driver","Steam","Darkness"],"picked":"SKIP","floor":20},{"not_picked":["Barrage","Leap+1","Steam"],"picked":"SKIP","floor":21},{"not_picked":["Sweeping Beam","Go for the Eyes","White Noise"],"picked":"SKIP","floor":22},{"not_picked":["Reprogram","Rainbow","Steam Power"],"picked":"SKIP","floor":25},{"not_picked":["Beam Cell","Double Energy","Blizzard"],"picked":"SKIP","floor":30},{"not_picked":["White Noise+1","Streamline"],"picked":"Ball Lightning","floor":31}],"player_experience":162436,"relics_obtained":[{"floor":7,"key":"Mummified Hand"},{"floor":9,"key":"Anchor"},{"floor":25,"key":"Orichalcum"},{"floor":26,"key":"Potion Belt"}],"event_choices":[{"damage_healed":0,"gold_gain":0,"player_choice":"Success","damage_taken":7,"relics_obtained":["Shovel"],"max_hp_gain":0,"max_hp_loss":0,"event_name":"Scrap Ooze","floor":2,"gold_loss":0},{"damage_healed":0,"gold_gain":0,"player_choice":"Grow","damage_taken":0,"max_hp_gain":0,"max_hp_loss":0,"event_name":"Living Wall","floor":4,"gold_loss":0,"cards_upgraded":["Electrodynamics"]},{"damage_healed":18,"gold_gain":0,"player_choice":"Healed","damage_taken":0,"max_hp_gain":0,"max_hp_loss":0,"event_name":"The Cleric","floor":5,"gold_loss":35},{"damage_healed":0,"gold_gain":175,"player_choice":"AGREE","damage_taken":0,"max_hp_gain":0,"max_hp_loss":0,"event_name":"Liars Game","floor":8,"gold_loss":0,"cards_obtained":["Doubt"]},{"damage_healed":0,"gold_gain":0,"player_choice":"Bought 2 Potions","damage_taken":0,"max_hp_gain":0,"max_hp_loss":0,"event_name":"The Woman in Blue","floor":19,"gold_loss":0},{"damage_healed":0,"gold_gain":99,"player_choice":"Stole From Cult","damage_taken":0,"max_hp_gain":0,"max_hp_loss":0,"event_name":"Nest","floor":23,"gold_loss":0},{"cards_removed":["Strike_B"],"damage_healed":0,"gold_gain":0,"player_choice":"Gave Gold","damage_taken":0,"max_hp_gain":0,"max_hp_loss":0,"event_name":"Beggar","floor":27,"gold_loss":75},{"damage_healed":0,"gold_gain":0,"player_choice":"Copied","damage_taken":0,"max_hp_gain":0,"max_hp_loss":0,"event_name":"Duplicator","floor":28,"gold_loss":0,"cards_obtained":["Consume"]}],"is_beta":false,"boss_relics":[{"not_picked":["Inserter","Sozu"],"picked":"Cursed Key"}],"items_purged_floors":[11],"is_endless":false,"potions_floor_spawned":[3,7,18,20,30],"killed_by":"Automaton","ascension_level":3}}