{"host":"7lqra3rfanasaqnt","time":1613433688,"event":{"mods":["AchievementEnabler","Act Like it!","BaseMod","Colored Powertips","Downfall","Friendly Minions","Minty Spire (QoL Compilation)","StSLib"],"gold_per_floor":[99,99,99,125,275,305,329,329,429,456,456,456,476,487,497,598,598,598,610,627,639,739,739,739,118,118,153,153,170,270,9,23,23,23,23],"floor_reached":33,"language":"ENG","playtime":1155,"items_purged":["champ:Strike","downfall:Icky"],"score":329,"play_id":"21815a31-0e2e-48b6-a771-579cc1bba906","local_time":"20210215170128","is_ascension_mode":true,"campfire_choices":[{"data":"champ:Taunt","floor":1,"key":"SMITH"},{"data":"champ:RapidStrikes","floor":8,"key":"SMITH"},{"data":"champ:ShieldSigil","floor":12,"key":"SMITH"},{"data":"champ:RageSigil","floor":18,"key":"SMITH"},{"data":"champ:TripleStrike","floor":23,"key":"SMITH"},{"data":"expansioncontent:DashGenerateEvil","floor":26,"key":"SMITH"}],"circlet_count":0,"master_deck":["champ:Defend","champ:Defend","champ:Defend","champ:Defend","champ:Execute","champ:Taunt+1","champ:RapidStrikes+1","champ:ShieldSigil+1","champ:ViciousMockery","champ:ArenaPreparation","champ:RageSigil+1","champ:BerserkersShout","champ:TripleStrike+1","champ:BringItOn","champ:RisingSlash","champ:EnGarde","champ:GladiatorStyle","expansioncontent:DashGenerateEvil+1","champ:ArenaPreparation","champ:Backstep","Slimebound:Tackle+1","Slimebound:Tackle+1","Slimebound:Tackle+1","champ:AdrenalArmor"],"relics":["champ:ChampionCrown","downfall:HeartsMalice","PreservedInsect","Blue Candle","hexamod:BolsterEngine","Pen Nib","downfall:ShatteredFragment","Philosopher\u0027s Stone","Toy Ornithopter","Tiny Chest","champ:DefensiveTrainingManual","Anchor"],"acts_visited":["Exordium","TheCity"],"potions_floor_usage":[16,25,33,33,33],"damage_taken":[{"damage":0,"enemies":"Cultist","floor":2,"turns":1},{"damage":0,"enemies":"Jaw Worm","floor":3,"turns":1},{"damage":0,"enemies":"3 Sentries","floor":10,"turns":1},{"damage":20,"enemies":"2 Louse","floor":13,"turns":2},{"damage":2,"enemies":"2 Fungi Beasts","floor":14,"turns":2},{"damage":10,"enemies":"Blue Slaver","floor":15,"turns":2},{"damage":90,"enemies":"IC_STATUS_ARCHETYPE","floor":16,"turns":7},{"damage":59,"enemies":"Chosen","floor":19,"turns":3},{"damage":46,"enemies":"Shell Parasite","floor":20,"turns":3},{"damage":29,"enemies":"Snecko","floor":21,"turns":5},{"damage":25,"enemies":"downfall:FleeingMerchant","floor":25,"turns":4},{"damage":19,"enemies":"Book of Stabbing","floor":27,"turns":4},{"damage":15,"enemies":"Centurion and Healer","floor":29,"turns":3},{"damage":35,"enemies":"downfall:FleeingMerchant","floor":31,"turns":4},{"damage":20,"enemies":"Snake Plant","floor":32,"turns":3},{"damage":78,"enemies":"SI_MIRROR_ARCHETYPE","floor":33,"turns":4}],"seed_played":"-4312275342979853607","potions_obtained":[{"floor":10,"key":"Weak Potion"},{"floor":14,"key":"BlessingOfTheForge"},{"floor":16,"key":"GamblersBrew"},{"floor":19,"key":"CultistPotion"},{"floor":32,"key":"Weak Potion"}],"is_trial":false,"path_per_floor":["R","M","M","T","?","?","T","R","?","E","?","R","M","M","M","B",null,"R","M","M","M","?","R","T","$","R","E","?","M","?","$","M","B"],"character_chosen":"THE_CHAMP","items_purchased":["champ:GladiatorStyle","expansioncontent:DashGenerateEvil","Tiny Chest","champ:ArenaPreparation","Energy Potion","Anchor"],"campfire_rested":0,"item_purchase_floors":[25,25,25,25,25,31],"current_hp_per_floor":[90,90,90,90,90,90,90,90,90,90,63,63,63,61,61,25,90,90,81,65,56,56,56,56,51,51,47,47,42,42,42,32,0,0,0],"gold":23,"neow_bonus":"THREE_ENEMY_KILL","is_daily":false,"chose_seed":false,"campfire_upgraded":6,"win_rate":0.0,"timestamp":1613433688,"path_taken":["R","M","M","?","?","?","T","R","?","E","?","R","M","M","M","BOSS","R","M","M","M","?","R","T","?","R","E","?","M","?","$","M","BOSS"],"items_purchased_type":["Card","Card","Relic","Card","Potion","Relic"],"build_version":"2020-12-22","purchased_purges":2,"victory":false,"max_hp_per_floor":[90,90,90,90,90,90,90,90,90,90,90,90,90,90,90,90,90,90,90,90,90,90,90,90,90,90,90,90,90,90,90,90,90,90,90],"card_choices":[{"not_picked":["champ:FocusedDefense","champ:SwordSigil"],"picked":"champ:RapidStrikes","floor":2},{"not_picked":["champ:DeathBlow","champ:DefensiveShout"],"picked":"champ:ShieldSigil","floor":3},{"not_picked":["champ:TornadoPunch","champ:Backstep"],"picked":"champ:ViciousMockery","floor":10},{"not_picked":["champ:BerserkerStyle","champ:AdrenalArmor"],"picked":"champ:ArenaPreparation","floor":13},{"not_picked":["champ:GladiatorStyle","champ:EndlessRage"],"picked":"champ:RageSigil","floor":14},{"not_picked":["champ:Parry","champ:BladeFlurry"],"picked":"champ:BerserkersShout","floor":15},{"not_picked":["champ:Devastate","champ:HoldFirm"],"picked":"champ:TripleStrike","floor":16},{"not_picked":["champ:DefensiveShout","champ:PreciseThrust"],"picked":"champ:BringItOn","floor":19},{"not_picked":["champ:PreemptiveStrike","champ:CrownThrow"],"picked":"champ:RisingSlash","floor":20},{"not_picked":["champ:StanceDance","champ:PreciseThrust","champ:PerfectedStrike"],"picked":"SKIP","floor":21},{"not_picked":["champ:DefensiveStyle+1","champ:DefensiveShout"],"picked":"champ:EnGarde","floor":25},{"not_picked":["champ:PerfectedStrike","champ:HoldFirm"],"picked":"champ:Backstep","floor":27},{"not_picked":["champ:Circumvent","champ:BringItOn","champ:TornadoPunch+1"],"picked":"SKIP","floor":29},{"not_picked":["champ:GutPunch+1","champ:Backstep"],"picked":"champ:AdrenalArmor","floor":31},{"not_picked":["champ:StanceDance","champ:ViciousMockery","champ:DefensiveShout"],"picked":"SKIP","floor":32}],"player_experience":600404,"relics_obtained":[{"floor":4,"key":"PreservedInsect"},{"floor":7,"key":"hexamod:BolsterEngine"},{"floor":10,"key":"Pen Nib"},{"floor":24,"key":"Toy Ornithopter"},{"floor":27,"key":"champ:DefensiveTrainingManual"}],"event_choices":[],"is_beta":false,"boss_relics":[{"not_picked":["SlaversCollar","Fusion Hammer"],"picked":"Philosopher\u0027s Stone"}],"items_purged_floors":[25,31],"is_endless":false,"potions_floor_spawned":[10,14,16,19,29,32],"killed_by":"SI_MIRROR_ARCHETYPE","ascension_level":3}}