{"host":"erh089znuovh6twj","time":1613495602,"event":{"mods":["AchievementEnabler","Act Like it!","Aspiration","BaseMod","Better Note","Better Skull","Better Third Choice","BetterRewards","Defuse TimeMaze Blight","Energized Spire","Hermit","Highlight Path","Hubris","Infinite Spire","Minty Spire (QoL Compilation)","Permanent Neow","Quick Restart","Replay The Spire","StSLib","The Jungle","everything is the same but u backflip on backflip"],"gold_per_floor":[118,118,118,131,131,159,159,193,217,217,232,242,242,255,255,350,350,360,370,303,303,303],"floor_reached":21,"language":"ENG","playtime":528,"items_purged":["Parasite"],"score":303,"play_id":"5f5d5116-7eef-4742-a910-f5d5dae5f003","local_time":"20210216121322","is_ascension_mode":true,"campfire_choices":[{"data":"Scrawl","floor":7,"key":"SMITH"},{"data":"Eruption","floor":10,"key":"SMITH"},{"data":"Crescendo","floor":15,"key":"SMITH"}],"circlet_count":0,"master_deck":["Strike_P","Strike_P","Strike_P","Strike_P","Defend_P","Defend_P","Defend_P","Defend_P","Eruption+1","Vigilance","FlurryOfBlows","JustLucky","Scrawl+1","ClearTheMind","Replay:Battleflow","Crescendo+1","Devotion","Replay:Hum","Panacea","Halt"],"relics":["PureWater","NeowsBlessing","Bag of Marbles","Eternal Feather","ReplayTheSpireMod:TigerMarble","infinitespire:PuzzleCube","ReplayTheSpireMod:Ninjato","Replay:Grab Bag","Runic Dome","aspiration:FutureDiary","VioletLotus","ReplayTheSpireMod:CursedCoin"],"acts_visited":["Exordium","TheCity"],"potions_floor_usage":[8,16,19],"damage_taken":[{"damage":0,"enemies":"2 Louse","floor":1,"turns":1},{"damage":0,"enemies":"Jaw Worm","floor":4,"turns":1},{"damage":0,"enemies":"Gremlin Nob","floor":6,"turns":1},{"damage":0,"enemies":"Lagavulin","floor":8,"turns":2},{"damage":0,"enemies":"Cultist","floor":11,"turns":1},{"damage":0,"enemies":"Large Slime","floor":12,"turns":2},{"damage":0,"enemies":"Exordium Thugs","floor":14,"turns":1},{"damage":0,"enemies":"Slime Boss","floor":16,"turns":3},{"damage":0,"enemies":"2 Thieves","floor":18,"turns":1},{"damage":6,"enemies":"Shell Parasite","floor":19,"turns":2},{"damage":0,"enemies":"Centurion and Healer","floor":21,"turns":1}],"seed_played":"-2658255983055859598","potions_obtained":[{"floor":4,"key":"ColorlessPotion"},{"floor":6,"key":"Elixir"},{"floor":14,"key":"LifebloodPotion"},{"floor":16,"key":"Reflective Coating"},{"floor":18,"key":"SteroidPotion"}],"is_trial":false,"path_per_floor":["M","?","?","M","?","E","R","E","T","R","M","M","T","M","R","B",null,"M","M","$","M"],"character_chosen":"WATCHER","items_purchased":["ReplayTheSpireMod:CursedCoin","Panacea","Halt"],"campfire_rested":0,"item_purchase_floors":[20,20,20],"current_hp_per_floor":[72,72,77,77,77,77,77,77,77,77,77,77,77,77,77,77,77,77,71,71,71,71],"gold":303,"neow_bonus":"THREE_ENEMY_KILL","is_daily":false,"chose_seed":false,"campfire_upgraded":3,"win_rate":0.0,"timestamp":1613495602,"path_taken":["M","?","?","M","?","E","R","E","T","R","M","M","?","?","R","BOSS","M","M","$","M"],"items_purchased_type":["Relic","Card","Card"],"build_version":"2020-12-22","purchased_purges":1,"victory":false,"max_hp_per_floor":[72,72,77,77,77,77,77,77,77,77,77,77,77,77,77,77,77,77,77,74,74,74],"card_choices":[{"not_picked":["JustLucky","EmptyFist"],"picked":"FlurryOfBlows","floor":1},{"not_picked":["ForeignInfluence","TalkToTheHand"],"picked":"Scrawl","floor":4},{"not_picked":["Replay:ManipulateFuture","Protect","Indignation"],"picked":"SKIP","floor":6},{"not_picked":["BattleHymn","Vengeance","Sanctity"],"picked":"SKIP","floor":8},{"not_picked":["CarveReality","BowlingBash"],"picked":"ClearTheMind","floor":11},{"not_picked":["CrushJoints","EmptyBody"],"picked":"Replay:Battleflow","floor":12},{"not_picked":["Replay:ManipulateFuture","EmptyFist"],"picked":"Crescendo","floor":14},{"not_picked":["Establishment","MasterReality"],"picked":"Devotion","floor":16},{"not_picked":["Replay:Battleflow+1","WreathOfFlame+1"],"picked":"Replay:Hum","floor":18},{"not_picked":["Evaluate","Replay:AtTheReady","WaveOfTheHand+1"],"picked":"SKIP","floor":19}],"player_experience":379456,"relics_obtained":[{"floor":5,"key":"Bag of Marbles"},{"floor":6,"key":"Eternal Feather"},{"floor":8,"key":"ReplayTheSpireMod:TigerMarble"},{"floor":9,"key":"infinitespire:PuzzleCube"},{"floor":13,"key":"ReplayTheSpireMod:Ninjato"}],"event_choices":[{"damage_healed":0,"gold_gain":0,"player_choice":"Donut","damage_taken":0,"max_hp_gain":5,"max_hp_loss":0,"event_name":"Big Fish","floor":3,"gold_loss":0}],"is_beta":false,"boss_relics":[{"not_picked":["aspiration:SecretTechniqueScroll","ReplayTheSpireMod:DimensionalGlitch"],"picked":"Replay:Grab Bag"},{"not_picked":["Abe\u0027s Treasure","hubris:CrackedHourglass"],"picked":"Runic Dome"},{"not_picked":["energizedSpire:DeadBattery","hubris:TerracottaHorce"],"picked":"aspiration:FutureDiary"},{"not_picked":["aspiration:SilentSkillbook","Runic Pyramid"],"picked":"VioletLotus"}],"items_purged_floors":[20],"is_endless":false,"potions_floor_spawned":[4,6,14,16,18],"killed_by":"Centurion and Healer","ascension_level":1}}