{"host":"wqsqub3crsxqknzv","time":1613463184,"event":{"mods":["BaseMod","Colored Powertips","Lobotomy","LobotomyExtend","Minty Spire (QoL Compilation)","StSLib"],"gold_per_floor":[13,27,42,42,52,80,80,110,110,110,75,108,108,136,136,210,210,210,210,227,241,9,37,48,48,48,98,110,141,141,41,41,120,120,131,131,150,150,163,163,163,163,163,182,182,31,58,71,71,71,71],"floor_reached":52,"playtime":1829,"items_purged":["Funeral","SpecialBullet"],"score":1642,"play_id":"04f71adc-7e05-4a3b-b721-23a153e4fa45","local_time":"20210216101304","is_ascension_mode":true,"campfire_choices":[{"floor":49,"key":"DIG"}],"circlet_count":0,"master_deck":["ApocalypseBird","PunishingBird","LongBird","BigBird","SpecialBullet","SpecialBullet","SpecialBullet","SpecialBullet","SecurityCode","TrainingCode","InformationCode","Lamp+25","Reverberation","Logging","WristCuter","GreenStem","CENSORED_ego","OSAHOGD","RecordCode","CENSORED_ego","DaCapo","BlackSwan_ego+1"],"relics":["CogitoBucket","RabbitCall","LetterFromLob","Bronze Scales","SolemnVow_r","Shovel","Unceasing Top","Mango","Torii","Runic Dome","ShedSkin_r","TreeSap","Strawberry","Sundial","Molten Egg 2","Lamp_r","Question Card","Enchiridion","Fusion Hammer","SkinProphecy","Heaven_r","Twilight","Kunai","Toxic Egg 2","AtMidnight","Mercury Hourglass"],"acts_visited":["Exordium","TheCity","TheBeyond"],"potions_floor_usage":[41,52,52],"damage_taken":[{"damage":6,"enemies":"Cultist","floor":1,"turns":3},{"damage":12,"enemies":"Jaw Worm","floor":2,"turns":2},{"damage":14,"enemies":"2 Louse","floor":3,"turns":2},{"damage":11,"enemies":"Looter","floor":5,"turns":2},{"damage":30,"enemies":"3 Sentries","floor":6,"turns":6},{"damage":25,"enemies":"Gremlin Nob","floor":8,"turns":4},{"damage":29,"enemies":"3 Sentries","floor":12,"turns":4},{"damage":0,"enemies":"Gremlin Nob","floor":14,"turns":2},{"damage":58,"enemies":"The Guardian","floor":16,"turns":7},{"damage":20,"enemies":"Chosen","floor":20,"turns":2},{"damage":0,"enemies":"Spheric Guardian","floor":21,"turns":2},{"damage":39,"enemies":"Gremlin Leader","floor":23,"turns":5},{"damage":12,"enemies":"3 Cultists","floor":24,"turns":4},{"damage":16,"enemies":"Shelled Parasite and Fungi","floor":28,"turns":5},{"damage":17,"enemies":"Book of Stabbing","floor":29,"turns":2},{"damage":20,"enemies":"Automaton","floor":33,"turns":6},{"damage":3,"enemies":"3 Darklings","floor":35,"turns":3},{"damage":0,"enemies":"Orb Walker","floor":37,"turns":1},{"damage":28,"enemies":"Orb Walker","floor":38,"turns":2},{"damage":14,"enemies":"4 Shapes","floor":39,"turns":2},{"damage":30,"enemies":"Sphere and 2 Shapes","floor":41,"turns":5},{"damage":17,"enemies":"Sphere and 2 Shapes","floor":44,"turns":2},{"damage":12,"enemies":"Reptomancer","floor":47,"turns":2},{"damage":0,"enemies":"3 Darklings","floor":48,"turns":1},{"damage":63,"enemies":"Awakened One","floor":50,"turns":4},{"damage":28,"enemies":"Donu and Deca","floor":51,"turns":3},{"damage":38,"enemies":"Malkuth","floor":52,"turns":4},{"damage":73,"enemies":"Hod","floor":52,"turns":5},{"damage":200,"enemies":"Geburah","floor":52,"turns":6},{"damage":122,"enemies":"Binah","floor":52,"turns":6}],"seed_played":"-2768239757095369766","potions_obtained":[{"floor":2,"key":"FairyPotion"},{"floor":16,"key":"Block Potion"},{"floor":33,"key":"Strength Potion"},{"floor":41,"key":"Swift Potion"},{"floor":44,"key":"FearPotion"}],"is_trial":false,"path_per_floor":["M","M","M","$","M","E","R","E","T","R","?","E","R","E","R","B",null,"M","?","M","M","$","E","M","R","T","?","M","E","?","$","R","B",null,"M","$","M","?","M","R","M","R","T","M","R","$","E","M","R","B","B",null],"character_chosen":"Angela","items_purchased":["Strawberry","DaCapo"],"campfire_rested":0,"item_purchase_floors":[22,46],"current_hp_per_floor":[65,61,58,58,63,48,48,42,42,42,59,84,84,84,84,72,84,64,82,84,84,91,80,91,91,91,91,91,91,70,80,90,91,91,91,91,93,85,87,97,93,103,103,88,98,105,214,218,218,183,190],"gold":71,"neow_bonus":"REMOVE_TWO","is_daily":false,"chose_seed":false,"campfire_upgraded":0,"win_rate":0.0,"timestamp":1613463184,"path_taken":["M","?","M","$","?","E","R","E","T","R","?","E","R","E","R","BOSS","M","?","M","?","?","E","M","R","T","?","M","E","?","?","R","BOSS","M","?","M","?","M","R","M","R","T","M","R","$","E","M","R","BOSS","BOSS"],"items_purchased_type":["Relic","Card"],"build_version":"2020-11-29","purchased_purges":2,"victory":true,"max_hp_per_floor":[70,70,70,70,70,70,70,70,70,70,70,84,84,84,84,84,84,84,84,84,84,91,91,91,91,91,91,91,91,91,91,91,91,91,91,91,93,95,101,101,103,103,103,105,105,105,214,218,218,220,222],"card_choices":[{"not_picked":["Soda"],"picked":"Lamp","floor":1},{"not_picked":["Beak"],"picked":"Reverberation","floor":2},{"not_picked":["Penitence"],"picked":"Logging","floor":3},{"not_picked":["MeatLantern","SpiderBud"],"picked":"Funeral","floor":5},{"not_picked":["MagicBullet"],"picked":"WristCuter","floor":5},{"not_picked":["UniverseFragment","Laetitia"],"picked":"QueenOfHatred","floor":6},{"not_picked":["BlueScar"],"picked":"GreenStem","floor":6},{"not_picked":["Lantern","Spore"],"picked":"SKIP","floor":8},{"not_picked":["Regret_ego","GrinderMk4"],"picked":"SKIP","floor":12},{"not_picked":["Scorched","LaLuna"],"picked":"BigBird","floor":14},{"not_picked":["Noise","Harvest"],"picked":"SKIP","floor":14},{"not_picked":["Penitence","SomewhereSpear+1"],"picked":"SKIP","floor":20},{"not_picked":["WhitesApple","HeroicMonk"],"picked":"PunishingBird","floor":21},{"not_picked":["BlueScar","WristCuter+1"],"picked":"SKIP","floor":21},{"not_picked":["WristCuter+1","Lantern"],"picked":"SKIP","floor":23},{"not_picked":["VoidDream","SnowQueen"],"picked":"DespairKnight","floor":24},{"not_picked":["SomewhereSpear"],"picked":"CENSORED_ego","floor":24},{"not_picked":["LittleHelper","Laetitia"],"picked":"OSAHOGD","floor":28},{"not_picked":["Horn+1","RapturousDream+1"],"picked":"SKIP","floor":28},{"not_picked":["CUTE","Lantern+1"],"picked":"SKIP","floor":29},{"not_picked":["Gaze","TodaysExpression+1","CUTE"],"picked":"SKIP","floor":35},{"not_picked":["CUTE","Penitence+1","SwordSharpenedByTears+1"],"picked":"SKIP","floor":37},{"not_picked":["SpiderBud","WallGazer"],"picked":"LongBird","floor":39},{"not_picked":["Noise","Lamp+1"],"picked":"CENSORED_ego","floor":39},{"not_picked":["Penitence","SolemnVow+1","FourthMatchFlame+1"],"picked":"SKIP","floor":44},{"not_picked":["CherryBlossom","LifeForTheDareDevil","Tough+1"],"picked":"SKIP","floor":47},{"not_picked":["Harmony+1","Loneliness+1","CUTE+1"],"picked":"SKIP","floor":47},{"not_picked":["CherryBlossom","Penitence+1","Horn+1"],"picked":"SKIP","floor":48},{"not_picked":["Ecstasy","Spore+1","BlackSwan_ego+1"],"picked":"SKIP","floor":48},{"not_picked":["Ecstasy","Spore+1"],"picked":"BlackSwan_ego+1","floor":48},{"not_picked":["CherryBlossom","Penitence+1","Horn+1"],"picked":"SKIP","floor":48}],"player_experience":31734,"relics_obtained":[{"floor":1,"key":"LetterFromLob"},{"floor":6,"key":"Bronze Scales"},{"floor":8,"key":"Shovel"},{"floor":9,"key":"Unceasing Top"},{"floor":12,"key":"Mango"},{"floor":14,"key":"Torii"},{"floor":23,"key":"Sundial"},{"floor":26,"key":"Molten Egg 2"},{"floor":29,"key":"Question Card"},{"floor":30,"key":"Enchiridion"},{"floor":41,"key":"Twilight"},{"floor":43,"key":"Kunai"},{"floor":47,"key":"Toxic Egg 2"},{"floor":48,"key":"AtMidnight"},{"floor":49,"key":"Mercury Hourglass"}],"event_choices":[{"damage_healed":17,"gold_gain":0,"player_choice":"Healed","damage_taken":0,"max_hp_gain":0,"max_hp_loss":0,"event_name":"The Cleric","floor":11,"gold_loss":35},{"damage_healed":0,"gold_gain":50,"player_choice":"Stole From Cult","damage_taken":0,"max_hp_gain":0,"max_hp_loss":0,"event_name":"Nest","floor":27,"gold_loss":0},{"damage_healed":0,"gold_gain":0,"player_choice":"Obtained Book","damage_taken":21,"max_hp_gain":0,"max_hp_loss":0,"event_name":"Cursed Tome","floor":30,"gold_loss":0}],"is_beta":false,"boss_relics":[{"not_picked":["Philosopher\u0027s Stone","Busted Crown"],"picked":"Runic Dome"},{"not_picked":["Cursed Key","Runic Pyramid"],"picked":"Fusion Hammer"}],"items_purged_floors":[22,31],"is_endless":false,"potions_floor_spawned":[2,16,24,28,33,38,41,44],"ascension_level":20}}