{"host":"8zllkaobjs9c5ou9","time":1613511156,"event":{"mods":["BaseMod","Colored Powertips","Downfall","Googly Eyes","Minty Spire (QoL Compilation)","StSLib","Steal the Spire"],"gold_per_floor":[99,99,199,199,52,52,52,52,85,105,123,123,123,143,159,254,254,154,166,192,292,277,297,297,64,97,97,0,0,72,92,109,206,206,6,1005,1005,1018,1018,728,754,69,81,81,81,53,53,69,89,89,89,89],"floor_reached":50,"language":"ENG","playtime":1541,"items_purged":["Pride","champ:Defend","Normality","Normality"],"score":603,"play_id":"ff45a30f-d41b-4b80-b15b-c6dabce5d49e","local_time":"20210216163236","is_ascension_mode":true,"campfire_choices":[{"data":"champ:Taunt","floor":1,"key":"SMITH"},{"data":"champ:TripleStrike","floor":6,"key":"SMITH"},{"data":"champ:PreciseThrust","floor":8,"key":"SMITH"},{"floor":18,"key":"RECALL"},{"data":"champ:PerfectedStrike","floor":27,"key":"SMITH"},{"data":"champ:RageSigil","floor":29,"key":"SMITH"},{"data":"champ:SwordThrow","floor":35,"key":"SMITH"},{"floor":45,"key":"DIG"},{"floor":47,"key":"DIG"}],"circlet_count":0,"master_deck":["champ:Strike","champ:Strike","champ:Defend","champ:Execute","champ:Taunt+1","champ:PreciseThrust+1","champ:TripleStrike+1","champ:ViciousMockery","champ:RageSigil+1","champ:FanOfKnives","champ:AdrenalArmor+1","champ:BladeFlurry","champ:FlashCut","champ:PerfectedStrike+1","champ:FlashCut","champ:EnGarde","champ:SwordThrow+1","champ:FalseCounter+1","champ:SetATrap+1","champ:PerfectedStrike+1","expansioncontent:Chronoboost","expansioncontent:Chronoboost","Trip","champ:FaceSlap","champ:BerserkerStyle"],"relics":["champ:ChampionCrown","downfall:HeartsMalice","Sling","Mango","Blood Vial","Vajra","Coffee Dripper","downfall:HeartBlessingGreen","The Courier","sneckomod:BlankCard","Mummified Hand","Anchor","Torii","Meat on the Bone","Astrolabe","downfall:HeartBlessingRed","downfall:HeartBlessingBlue","DollysMirror","Omamori","Pantograph","Shovel","Mercury Hourglass","Sundial"],"acts_visited":["Exordium","TheCity","TheBeyond"],"potions_floor_usage":[15,25,50,50,50,50],"damage_taken":[{"damage":0,"enemies":"2 Louse","floor":2,"turns":1},{"damage":0,"enemies":"downfall:FleeingMerchant","floor":5,"turns":1},{"damage":0,"enemies":"Gremlin Nob","floor":9,"turns":1},{"damage":16,"enemies":"Jaw Worm","floor":10,"turns":2},{"damage":24,"enemies":"Small Slimes","floor":11,"turns":4},{"damage":10,"enemies":"downfall:LooterAlt","floor":14,"turns":1},{"damage":10,"enemies":"Blue Slaver","floor":15,"turns":1},{"damage":69,"enemies":"WA_ARCHETYPE_RETAIN","floor":16,"turns":5},{"damage":24,"enemies":"downfall:LooterAlt2","floor":19,"turns":3},{"damage":30,"enemies":"downfall:FleeingMerchant","floor":22,"turns":4},{"damage":42,"enemies":"Shell Parasite","floor":23,"turns":4},{"damage":35,"enemies":"downfall:FleeingMerchant","floor":25,"turns":4},{"damage":27,"enemies":"Slavers","floor":26,"turns":3},{"damage":24,"enemies":"downfall:FleeingMerchant","floor":28,"turns":4},{"damage":25,"enemies":"Centurion and Healer","floor":31,"turns":4},{"damage":15,"enemies":"3 Cultists","floor":32,"turns":4},{"damage":100,"enemies":"DF_ARCHETYPE_CLAW","floor":33,"turns":9},{"damage":55,"enemies":"3 Darklings","floor":38,"turns":5},{"damage":10,"enemies":"Orb Walker","floor":43,"turns":1},{"damage":31,"enemies":"Transient","floor":48,"turns":5},{"damage":92,"enemies":"Writhing Mass","floor":49,"turns":5},{"damage":82,"enemies":"IC_BLOCK_ARCHETYPE","floor":50,"turns":2}],"seed_played":"5822301639090093745","potions_obtained":[{"floor":9,"key":"Dexterity Potion"},{"floor":10,"key":"ColorlessPotion"},{"floor":19,"key":"PowerPotion"},{"floor":26,"key":"champ:TechniquePotion"},{"floor":31,"key":"Regen Potion"},{"floor":44,"key":"bronze:BurnAndBuffPotion"},{"floor":48,"key":"EntropicBrew"}],"is_trial":false,"path_per_floor":["R","M","?","?","$","R","T","R","E","M","M","?","T","M","M","B",null,"R","M","T","?","$","M","T","$","E","R","$","R","T","M","M","B",null,"R","?","?","M","?","$","T","$","M","?","R","$","R","M","M","B"],"character_chosen":"THE_CHAMP","items_purchased":["Sling","sneckomod:BlankCard","champ:PerfectedStrike","Anchor","Torii","expansioncontent:Chronoboost","DollysMirror","Trip","champ:FaceSlap","Pantograph","Shovel","champ:BerserkerStyle"],"campfire_rested":0,"item_purchase_floors":[5,25,25,28,28,40,40,42,42,42,42,46],"current_hp_per_floor":[90,90,90,90,90,90,104,104,104,98,96,96,96,98,100,68,104,104,100,100,100,102,97,97,99,94,94,92,92,92,94,96,40,104,114,114,114,79,79,79,79,79,81,81,81,81,81,82,34,0,0,0],"gold":89,"neow_bonus":"THREE_ENEMY_KILL","is_daily":false,"chose_seed":false,"campfire_upgraded":6,"win_rate":0.0,"timestamp":1613511156,"path_taken":["R","M","?","?","?","R","T","R","E","M","M","?","?","?","M","BOSS","R","M","?","?","$","M","T","$","E","R","$","R","?","M","M","BOSS","R","?","?","?","?","$","T","$","M","?","R","$","R","?","M","BOSS"],"items_purchased_type":["Relic","Relic","Card","Relic","Relic","Card","Relic","Card","Card","Relic","Relic","Card"],"build_version":"2020-12-22","purchased_purges":4,"victory":false,"max_hp_per_floor":[90,90,90,90,90,90,104,104,104,104,104,104,104,104,104,104,104,104,104,104,104,104,104,104,104,104,104,104,104,104,104,104,104,104,114,114,114,114,114,114,114,114,114,114,114,114,114,114,114,114,114,114],"card_choices":[{"not_picked":["champ:EnGarde","champ:DeathBlow"],"picked":"champ:PreciseThrust","floor":2},{"not_picked":["champ:TornadoPunch","champ:ArenaPreparation"],"picked":"champ:TripleStrike","floor":5},{"not_picked":["champ:FalseCounter","champ:Devastate","champ:ShieldSigil"],"picked":"SKIP","floor":9},{"not_picked":["champ:EnGarde","champ:FanOfKnives"],"picked":"champ:ViciousMockery","floor":10},{"not_picked":["champ:EnGarde","champ:Circumvent","champ:FlashCut"],"picked":"SKIP","floor":11},{"not_picked":["champ:Parry","champ:FalseCounter"],"picked":"champ:RageSigil","floor":14},{"not_picked":["champ:EnGarde","champ:GutPunch"],"picked":"champ:FanOfKnives","floor":15},{"not_picked":["champ:StanceDance","champ:Shatter"],"picked":"champ:AdrenalArmor+1","floor":19},{"not_picked":["champ:DefensiveStyle","champ:EnGarde","champ:ShieldSigil"],"picked":"SKIP","floor":22},{"not_picked":["champ:EnGarde+1","champ:DeathBlow+1"],"picked":"champ:BladeFlurry","floor":23},{"not_picked":["champ:Haymaker","champ:IgnorePain"],"picked":"champ:FlashCut","floor":25},{"not_picked":["champ:Haymaker","champ:FalseCounter"],"picked":"champ:FlashCut","floor":26},{"not_picked":["champ:CrownThrow","champ:TornadoPunch+1","champ:SwordSigil"],"picked":"SKIP","floor":28},{"not_picked":["champ:AdrenalArmor","champ:BerserkersShout"],"picked":"champ:EnGarde","floor":31},{"not_picked":["champ:DefensiveShout","champ:ShieldSigil+1","champ:IronFortress"],"picked":"SKIP","floor":32},{"not_picked":["champ:ShieldThrow","champ:EnchantShield"],"picked":"champ:SwordThrow","floor":33},{"not_picked":["champ:AdrenalArmor+1","champ:DefensiveShout+1"],"picked":"champ:PerfectedStrike+1","floor":38},{"not_picked":["champ:FocusedBerserking","champ:Circumvent","champ:RageSigil"],"picked":"SKIP","floor":43},{"not_picked":["champ:GutPunch","champ:EnchantShield","champ:DefensiveShout+1"],"picked":"SKIP","floor":48},{"not_picked":["champ:Lariat","champ:GladiatorStyle","champ:StanceDance"],"picked":"SKIP","floor":49}],"player_experience":513464,"relics_obtained":[{"floor":7,"key":"Mango"},{"floor":9,"key":"Blood Vial"},{"floor":13,"key":"Vajra"},{"floor":24,"key":"The Courier"},{"floor":26,"key":"Mummified Hand"},{"floor":30,"key":"Meat on the Bone"},{"floor":41,"key":"Omamori"},{"floor":45,"key":"Mercury Hourglass"},{"floor":47,"key":"Sundial"}],"event_choices":[{"cards_removed":["champ:EndlessRage"],"damage_healed":0,"gold_gain":0,"player_choice":"Removed Power","damage_taken":0,"max_hp_gain":0,"max_hp_loss":0,"event_name":"Falling","floor":39,"gold_loss":0},{"damage_healed":0,"gold_gain":0,"player_choice":"Got Potions","damage_taken":0,"max_hp_gain":0,"max_hp_loss":0,"event_name":"Lab","floor":44,"gold_loss":0}],"is_beta":false,"boss_relics":[{"not_picked":["SlaversCollar","Philosopher\u0027s Stone"],"picked":"Coffee Dripper"},{"not_picked":["Snecko Eye","Black Star"],"picked":"Astrolabe"}],"items_purged_floors":[25,28,40,42],"is_endless":false,"potions_floor_spawned":[9,10,19,26,31,33,43,48],"killed_by":"IC_BLOCK_ARCHETYPE","ascension_level":1}}