{"host":"p9t7qd83igtcp2bh","time":1613455541,"event":{"mods":["2.2 Compatiblity","AchievementEnabler","BaseMod","Colored Map","Colored Powertips","Custom Start","DeckTracker","Keyboard Shortcuts","Minty Spire (QoL Compilation)","Permanent Neow","StSLib","SuperFastMode","everything is the same but u backflip on backflip"],"gold_per_floor":[112,187,23,23,43,72,72,92,117,151,151,151,151,183,183,183,183],"floor_reached":16,"language":"KOR","playtime":850,"items_purged":[],"score":315,"play_id":"a2b191bb-815d-4173-998a-9280b9f99dca","local_time":"20210216150541","is_ascension_mode":true,"campfire_choices":[{"data":"Eruption","floor":7.0,"key":"SMITH"},{"data":"Ragnarok","floor":11,"key":"SMITH"},{"data":"Adaptation","floor":13,"key":"SMITH"},{"data":"Evaluate","floor":15,"key":"SMITH"}],"circlet_count":0,"master_deck":["AscendersBane","Strike_P","Strike_P","Strike_P","Strike_P","Defend_P","Defend_P","Defend_P","Defend_P","Eruption+1","Vigilance","Evaluate+1","Ragnarok+1","Adaptation+1","EmptyBody","CutThroughFate","Halt","Protect","EmptyFist","ThirdEye"],"relics":["PureWater","NeowsBlessing","Orrery","Dream Catcher","Bottled Flame","Centennial Puzzle","Boot","Frozen Egg 2","Happy Flower"],"acts_visited":["Exordium"],"potions_floor_usage":[10],"damage_taken":[{"damage":0.0,"enemies":"Small Slimes","floor":1.0,"turns":2.0},{"damage":0.0,"enemies":"Jaw Worm","floor":5.0,"turns":1.0},{"damage":0.0,"enemies":"3 Sentries","floor":6.0,"turns":1.0},{"damage":0.0,"enemies":"Cultist","floor":8.0,"turns":3.0},{"damage":4,"enemies":"Lagavulin","floor":10,"turns":7},{"damage":0,"enemies":"Gremlin Nob","floor":14,"turns":2},{"damage":24,"enemies":"The Guardian","floor":16,"turns":17}],"seed_played":"-234184284630556231","potions_obtained":[{"floor":5.0,"key":"Fire Potion"},{"floor":6.0,"key":"StancePotion"}],"is_trial":false,"path_per_floor":["M","?","$","?","M","E","R","M","T","E","R","?","R","E","R","B"],"character_chosen":"WATCHER","items_purchased":["Orrery"],"campfire_rested":0,"item_purchase_floors":[3],"current_hp_per_floor":[61,50,50,50,50,50,50,50,50,46,46,35,35,35,35,11,11],"gold":183,"neow_bonus":"THREE_ENEMY_KILL","is_daily":false,"chose_seed":false,"campfire_upgraded":4,"win_rate":0.0,"timestamp":1613455541,"path_taken":["M","?","$","?","?","E","R","M","T","E","R","?","R","E","R","BOSS"],"items_purchased_type":["Relic"],"build_version":"2020-12-22","purchased_purges":0,"victory":false,"max_hp_per_floor":[68,68,68,68,68,68,68,68,68,68,68,68,68,68,68,68,68],"card_choices":[{"not_picked":["JustLucky","FollowUp"],"picked":"Evaluate","floor":1.0},{"not_picked":["CrushJoints","ThirdEye"],"picked":"Ragnarok","floor":3.0},{"not_picked":["JustLucky","FlyingSleeves"],"picked":"Adaptation","floor":3.0},{"not_picked":["BowlingBash","EmptyMind"],"picked":"EmptyBody","floor":3.0},{"not_picked":["CrushJoints","Pray"],"picked":"CutThroughFate","floor":3.0},{"not_picked":["LikeWater","Judgement"],"picked":"CrushJoints","floor":3.0},{"not_picked":["Meditate","Indignation"],"picked":"Halt","floor":5.0},{"not_picked":["SashWhip","EmptyFist"],"picked":"Protect","floor":6.0},{"not_picked":["SignatureMove","Vengeance"],"picked":"EmptyFist","floor":8.0},{"not_picked":["Halt","Protect","ReachHeaven"],"picked":"SKIP","floor":10},{"not_picked":["Consecrate","CarveReality"],"picked":"ThirdEye","floor":14}],"player_experience":729884,"relics_obtained":[{"floor":6.0,"key":"Bottled Flame"},{"floor":9.0,"key":"Centennial Puzzle"},{"floor":10,"key":"Boot"},{"floor":14,"key":"Happy Flower"}],"event_choices":[{"damage_healed":0.0,"max_hp_gain":0.0,"max_hp_loss":0.0,"gold_gain":75.0,"event_name":"World of Goop","player_choice":"Gather Gold","floor":2.0,"gold_loss":0.0,"damage_taken":11.0},{"cards_removed":["CrushJoints"],"damage_healed":0.0,"max_hp_gain":0.0,"max_hp_loss":0.0,"gold_gain":0.0,"event_name":"WeMeetAgain","player_choice":"Gave Card","floor":4.0,"gold_loss":0.0,"damage_taken":0.0,"relics_obtained":["Dream Catcher"]},{"damage_healed":0,"gold_gain":0,"player_choice":"Success","damage_taken":11,"relics_obtained":["Frozen Egg 2"],"max_hp_gain":0,"max_hp_loss":0,"event_name":"Scrap Ooze","floor":12,"gold_loss":0}],"is_beta":false,"boss_relics":[],"items_purged_floors":[],"is_endless":false,"potions_floor_spawned":[5,6],"killed_by":"The Guardian","ascension_level":18}}