{"host":"e1dlxrn9xf91lno8","time":1613454424,"event":{"mods":["AchievementEnabler","Aspiration","BaseMod","Bestiary","Better Altar","Better Sensory Stone","Better Third Choice","BetterRewards","Bossed Relics","Colored Map","Filter the Spire","Highlight Path","Hubris","Mimic Mod","Minty Spire (QoL Compilation)","Morshu Shopkeeper","Morshu Shopkeeper - ENHANCED","Relic Filter","Reliquary","Replay The Spire","StSLib","The Disciple","Uncapped","everything is the same but u backflip on backflip"],"gold_per_floor":[109,122,122,140,153,6,6,36,36,36,46,75,88,104,104,104,104,205,205,205,205],"floor_reached":20,"language":"ENG","playtime":531,"items_purged":[],"score":184,"play_id":"643c0040-d382-42c0-b8ed-0701d4238915","local_time":"20210216004704","is_ascension_mode":false,"campfire_choices":[{"data":"Life Link","floor":7,"key":"SMITH"},{"data":"Battle Trance","floor":10,"key":"SMITH"},{"floor":17,"key":"REST"}],"circlet_count":0,"master_deck":["Strike_R","Strike_R","Strike_R","Strike_R","Strike_R","Defend_R","Defend_R","Defend_R","Defend_R","Bash","Clash","ReplayTheSpireMod:Strike From Hell","Replay:Undeath\u0027s Touch","Life Link+1","Perfected Strike","Battle Trance+1","Run Through","Wild Strike","ReplayTheSpireMod:Strike From Hell","Demonic Infusion"],"relics":["Burning Blood","Ancient Tea Set","Replay:Towering Pillar of Hats","PreservedInsect","reliquary:Crutches","reliquary:RedPaperclip"],"acts_visited":["Exordium","TheCity"],"potions_floor_usage":[18,18,18],"damage_taken":[{"damage":0,"enemies":"Cultist","floor":1,"turns":2},{"damage":0,"enemies":"2 Louse","floor":2,"turns":2},{"damage":2,"enemies":"Small Slimes","floor":4,"turns":3},{"damage":10,"enemies":"Looter","floor":5,"turns":3},{"damage":13,"enemies":"Lagavulin","floor":8,"turns":3},{"damage":15,"enemies":"Exordium Thugs","floor":11,"turns":3},{"damage":13,"enemies":"3 Sentries","floor":12,"turns":4},{"damage":2,"enemies":"2 Fungi Beasts","floor":13,"turns":3},{"damage":33,"enemies":"Gremlin Gang","floor":14,"turns":4},{"damage":66,"enemies":"The Guardian","floor":18,"turns":8},{"damage":0,"enemies":"2 Thieves","floor":20,"turns":1}],"seed_played":"8188031863245497975","potions_obtained":[{"floor":4,"key":"SkillPotion"},{"floor":8,"key":"Dexterity Potion"},{"floor":11,"key":"DistilledChaos"},{"floor":14,"key":"Regen Potion"},{"floor":18,"key":"SpeedPotion"}],"is_trial":false,"path_per_floor":["M","M","?","M","M","$","R","E","T","R","M","E","M","M","PTL","PTL","R","B",null,"M"],"character_chosen":"IRONCLAD","items_purchased":["Ancient Tea Set","Clash","PreservedInsect"],"campfire_rested":1,"item_purchase_floors":[0,0,6],"current_hp_per_floor":[80,80,80,80,76,76,76,69,69,69,60,53,57,30,30,30,54,9,80,80,80],"gold":205,"neow_bonus":"","is_daily":false,"chose_seed":false,"campfire_upgraded":2,"win_rate":0.0,"timestamp":1613454424,"path_taken":["M","?","?","?","M","$","R","E","T","R","M","E","M","M","PTL","PTL","R","BOSS","M"],"items_purchased_type":["Relic","Card","Relic"],"build_version":"2020-12-22","purchased_purges":0,"victory":false,"max_hp_per_floor":[80,80,80,80,80,80,80,80,80,80,80,80,80,80,80,80,80,80,80,80,80],"card_choices":[{"not_picked":["Sword Boomerang","Carnage"],"picked":"ReplayTheSpireMod:Strike From Hell","floor":1},{"not_picked":["True Grit","Metallicize"],"picked":"Replay:Undeath\u0027s Touch","floor":2},{"not_picked":["Pommel Strike","Anger"],"picked":"Life Link","floor":4},{"not_picked":["Body Slam","ReplayTheSpireMod:Strike From Hell"],"picked":"Perfected Strike","floor":5},{"not_picked":["Dual Wield","Body Slam"],"picked":"Battle Trance","floor":8},{"not_picked":["Warcry","Dual Wield"],"picked":"Run Through","floor":11},{"not_picked":["Fiend Fire","Headbutt"],"picked":"Wild Strike","floor":12},{"not_picked":["Warcry","Armaments","True Grit"],"picked":"SKIP","floor":13},{"not_picked":["Heavy Blade","Battle Trance"],"picked":"ReplayTheSpireMod:Strike From Hell","floor":14},{"not_picked":["Immolate","Replay:Many Hands"],"picked":"Demonic Infusion","floor":18}],"player_experience":18941,"relics_obtained":[{"floor":8,"key":"reliquary:Crutches"},{"floor":9,"key":"Mummified Hand"},{"floor":12,"key":"reliquary:RoseTintedGlasses"}],"event_choices":[{"damage_healed":0,"gold_gain":0,"player_choice":"Ignored","damage_taken":0,"max_hp_gain":0,"max_hp_loss":0,"event_name":"NoteForYourself","floor":3,"gold_loss":0}],"is_beta":false,"boss_relics":[{"not_picked":["reliquary:WritOfMandamus","aspiration:FutureDiary"],"picked":"reliquary:RedPaperclip"}],"items_purged_floors":[],"is_endless":false,"potions_floor_spawned":[4,8,11,14,18],"killed_by":"2 Thieves","ascension_level":0}}