{"host":"wxz7488rqrwl2v46","time":1613474935,"event":{"mods":["BaseMod","Minty Spire (QoL Compilation)","Quick Restart","Replay The Spire","StSLib"],"gold_per_floor":[113,124,136,149,169,169,169,169,183,533,587,605,605,621,621,636,636,737,737,748,762,824,824,824,850,861,861,861],"floor_reached":27,"language":"ZHS","playtime":1457,"items_purged":[],"score":229,"play_id":"ad0cb769-546c-4a41-90d5-f85279189e79","local_time":"20210216192855","is_ascension_mode":false,"campfire_choices":[{"data":"Replay:Poison Smokescreen","floor":6,"key":"SMITH"},{"floor":15,"key":"REST"},{"floor":17,"key":"REST"}],"circlet_count":0,"master_deck":["Strike_G","Strike_G","Strike_G","Strike_G","Strike_G","Defend_G","Defend_G","Defend_G","Defend_G","Defend_G","Survivor","Neutralize","Deadly Poison","Poisoned Stab","Replay:Poison Smokescreen+1","Prepared","Bane","Slice","Pot Of Greed","Pot Of Greed","Backflip","Toxin Wave","Pot Of Greed","Draining Mist","Adrenaline","Poisoned Stab","Noxious Fumes","Quick Slash+1"],"relics":["Ring of the Snake","NeowsBlessing","Ring of Greed","Smiling Mask","Old Coin","ReplayTheSpireMod:Ring of Addiction","White Beast Statue","Potion Belt","Grinning Jar","WarpedTongs","Replay:Grab Bag","Busted Crown","ChewingGum","Runic Pyramid","Omamori","Meat on the Bone"],"acts_visited":["Exordium","TheCity"],"potions_floor_usage":[12,14,18,18,20,21,25,25,25,25,27,27],"damage_taken":[{"damage":0,"enemies":"Jaw Worm","floor":1,"turns":1},{"damage":0,"enemies":"Small Slimes","floor":2,"turns":1},{"damage":0,"enemies":"Cultist","floor":3,"turns":1},{"damage":20,"enemies":"Large Slime","floor":4,"turns":7},{"damage":6,"enemies":"Looter","floor":5,"turns":4},{"damage":0,"enemies":"Red Slaver","floor":9,"turns":4},{"damage":12,"enemies":"2 Fungi Beasts","floor":12,"turns":4},{"damage":13,"enemies":"3 Louse","floor":14,"turns":4},{"damage":10,"enemies":"Blue Slaver","floor":16,"turns":4},{"damage":56,"enemies":"Fading Forest","floor":18,"turns":11},{"damage":24,"enemies":"Spheric Guardian","floor":20,"turns":4},{"damage":15,"enemies":"Chosen","floor":21,"turns":4},{"damage":2,"enemies":"Book of Stabbing","floor":25,"turns":5},{"damage":15,"enemies":"Snake Plant","floor":26,"turns":4},{"damage":22,"enemies":"Gremlin Leader","floor":27,"turns":2}],"seed_played":"8489367132831091901","potions_obtained":[{"floor":4,"key":"Elixir"},{"floor":9,"key":"SkillPotion"},{"floor":10,"key":"FearPotion"},{"floor":10,"key":"Poison Potion"},{"floor":10,"key":"Elixir"},{"floor":12,"key":"FairyPotion"},{"floor":14,"key":"CultistPotion"},{"floor":18,"key":"FearPotion"},{"floor":20,"key":"Weak Potion"},{"floor":21,"key":"DistilledChaos"},{"floor":22,"key":"Milkshake"},{"floor":22,"key":"CultistPotion"},{"floor":25,"key":"LiquidMemories"},{"floor":26,"key":"Elixir"}],"is_trial":false,"path_per_floor":["M","M","M","M","M","R","PTL","PTL","M","?","T","M","?","M","R","M","R","B",null,"M","M","?","?","?","E","M","E"],"character_chosen":"THE_SILENT","items_purchased":[],"campfire_rested":2,"item_purchase_floors":[],"current_hp_per_floor":[70,70,70,50,44,44,44,44,44,44,44,32,32,19,40,30,51,5,68,44,29,2,21,21,19,16,0,0],"gold":861,"neow_bonus":"THREE_ENEMY_KILL","is_daily":false,"chose_seed":false,"campfire_upgraded":1,"win_rate":0.0,"timestamp":1613474935,"path_taken":["M","M","M","M","M","R","PTL","PTL","M","?","T","M","?","M","R","M","R","BOSS","M","?","?","?","?","E","M","E"],"items_purchased_type":[],"build_version":"2020-12-22","purchased_purges":0,"victory":false,"max_hp_per_floor":[70,70,70,70,70,70,70,70,70,70,70,70,70,70,70,70,70,68,68,68,68,68,73,70,68,68,68,68],"card_choices":[{"not_picked":["Bane","Dodge and Roll"],"picked":"Deadly Poison","floor":1},{"not_picked":["Expertise","PiercingWail"],"picked":"Poisoned Stab","floor":2},{"not_picked":["Outmaneuver","Bane"],"picked":"Replay:Poison Smokescreen","floor":3},{"not_picked":["ReplayTheSpireMod:Shiv Toss","Deflect"],"picked":"Prepared","floor":4},{"not_picked":["Masterful Stab","Flying Knee"],"picked":"Bane","floor":5},{"not_picked":["Endless Agony","Dagger Throw"],"picked":"Slice","floor":9},{"not_picked":["Blade Dance","Deflect"],"picked":"Backflip","floor":12},{"not_picked":["Hidden Blade","Slice"],"picked":"Toxin Wave","floor":14},{"not_picked":["A Thousand Cuts","PiercingWail"],"picked":"Draining Mist","floor":16},{"not_picked":["Glass Knife","Malaise"],"picked":"Adrenaline","floor":18},{"not_picked":[],"picked":"Poisoned Stab","floor":20},{"not_picked":["Blade Dance"],"picked":"SKIP","floor":21},{"not_picked":[],"picked":"Noxious Fumes","floor":25},{"not_picked":[],"picked":"Quick Slash+1","floor":26}],"player_experience":47628,"relics_obtained":[{"floor":10,"key":"Ring of Greed"},{"floor":10,"key":"Smiling Mask"},{"floor":10,"key":"Old Coin"},{"floor":10,"key":"ReplayTheSpireMod:Ring of Addiction"},{"floor":10,"key":"White Beast Statue"},{"floor":10,"key":"Potion Belt"},{"floor":11,"key":"Grinning Jar"},{"floor":22,"key":"Omamori"},{"floor":25,"key":"Meat on the Bone"}],"event_choices":[{"damage_healed":0,"gold_gain":0,"player_choice":"Rummage","damage_taken":0,"relics_obtained":["WarpedTongs"],"max_hp_gain":0,"max_hp_loss":0,"event_name":"Accursed Blacksmith","floor":13,"gold_loss":0,"cards_obtained":["Pain"]},{"damage_healed":0,"gold_gain":0,"player_choice":"Shed Blood","damage_taken":17,"max_hp_gain":5,"max_hp_loss":0,"event_name":"Forgotten Altar","floor":23,"gold_loss":0},{"cards_removed":["Parasite","Pain","Sickly","Languid","Looming Evil"],"damage_healed":0,"gold_gain":0,"player_choice":"Removed Curses","damage_taken":0,"max_hp_gain":0,"max_hp_loss":0,"event_name":"Fountain of Cleansing","floor":24,"gold_loss":0}],"is_beta":false,"boss_relics":[{"not_picked":["Sozu","SlaversCollar"],"picked":"Replay:Grab Bag"},{"not_picked":["Velvet Choker","Runic Dome"],"picked":"Busted Crown"},{"not_picked":["Coffee Dripper","Philosopher\u0027s Stone"],"picked":"ChewingGum"},{"not_picked":["Empty Cage","Honey Jar"],"picked":"Runic Pyramid"}],"items_purged_floors":[],"is_endless":false,"potions_floor_spawned":[4,9,12,14,16,18,20,21,25,26],"killed_by":"Gremlin Leader","ascension_level":0}}