{"host":"md5cvv9kqfkr27d4","time":1613442960,"event":{"mods":["BaseMod","Minty Spire (QoL Compilation)","StSLib","The Cursed"],"gold_per_floor":[118,138,158,173,173,199,18,53,133,133,148,159,185,198,198,294,294,314,326,344,344,344],"floor_reached":21,"language":"ZHS","playtime":2619,"items_purged":[],"score":205,"play_id":"0c215da0-998a-4747-a0be-2c0b1a7a2ee8","local_time":"20210216103600","is_ascension_mode":false,"campfire_choices":[{"floor":10,"key":"REST"},{"floor":15,"key":"RECALL"}],"circlet_count":0,"master_deck":["TheCursedMod:Strike_TheCursed","TheCursedMod:Strike_TheCursed","TheCursedMod:Strike_TheCursed","TheCursedMod:Strike_TheCursed","TheCursedMod:Defend_TheCursed","TheCursedMod:Defend_TheCursed","TheCursedMod:Defend_TheCursed","TheCursedMod:Defend_TheCursed","TheCursedMod:CursedWand","TheCursedMod:CleanUpWorkshop","TheCursedMod:SpreadPlague","TheCursedMod:CircleOfBlood","TheCursedMod:SpitefulStrike","TheCursedMod:TacticalStrike","TheCursedMod:HellfireBreathing","TheCursedMod:SurpriseAttack","TheCursedMod:Grudge","TheCursedMod:CircleOfAmplification","TheCursedMod:CursedBlade","TheCursedMod:CollectTribute","TheCursedMod:WearCloak","TheCursedMod:OutForBlood","TheCursedMod:SpitefulPray","TheCursedMod:SurpriseAttack+1","TheCursedMod:NeowsMight"],"relics":["TheCursedMod:BlackMagic101","NeowsBlessing","Vajra","Lantern","Bird Faced Urn","Mummified Hand","Toy Ornithopter","SlaversCollar"],"acts_visited":["Exordium","TheCity"],"potions_floor_usage":[4,8,13,16,16,20],"damage_taken":[{"damage":0.0,"enemies":"2 Louse","floor":1.0,"turns":1.0},{"damage":0.0,"enemies":"Cultist","floor":2.0,"turns":1.0},{"damage":0.0,"enemies":"Jaw Worm","floor":3.0,"turns":1.0},{"damage":8,"enemies":"3 Louse","floor":4,"turns":4},{"damage":26,"enemies":"Lagavulin","floor":6,"turns":6},{"damage":33,"enemies":"3 Sentries","floor":8,"turns":9},{"damage":5,"enemies":"Large Slime","floor":11,"turns":5},{"damage":4,"enemies":"2 Fungi Beasts","floor":12,"turns":3},{"damage":19,"enemies":"Gremlin Nob","floor":13,"turns":4},{"damage":0,"enemies":"Exordium Thugs","floor":14,"turns":4},{"damage":12,"enemies":"Slime Boss","floor":16,"turns":8},{"damage":35,"enemies":"Shell Parasite","floor":18,"turns":6},{"damage":14,"enemies":"3 Byrds","floor":19,"turns":6},{"damage":40,"enemies":"Snake Plant","floor":20,"turns":4},{"damage":28,"enemies":"Centurion and Healer","floor":21,"turns":4}],"seed_played":"2017854660600821751","potions_obtained":[{"floor":3.0,"key":"TheCursedMod:DregsPotion"},{"floor":4,"key":"DistilledChaos"},{"floor":8,"key":"LiquidBronze"},{"floor":12,"key":"PowerPotion"},{"floor":13,"key":"LiquidMemories"},{"floor":14,"key":"DuplicationPotion"}],"is_trial":false,"path_per_floor":["M","M","M","M","?","E","$","E","T","R","M","M","E","M","R","B",null,"M","M","M","M"],"character_chosen":"THE_CURSED","items_purchased":["Lantern","TheCursedMod:SurpriseAttack"],"campfire_rested":1,"item_purchase_floors":[7,7],"current_hp_per_floor":[75,75,75,67,67,47,47,16,16,38,41,45,32,40,40,44,75,46,42,13,0,0],"gold":344,"neow_bonus":"THREE_ENEMY_KILL","is_daily":false,"chose_seed":false,"campfire_upgraded":0,"win_rate":0.0,"timestamp":1613442960,"path_taken":["M","M","M","M","?","E","$","E","T","R","M","M","E","M","R","BOSS","M","M","M","M"],"items_purchased_type":["Relic","Card"],"build_version":"2020-12-22","purchased_purges":0,"victory":false,"max_hp_per_floor":[75,75,75,75,75,75,75,75,75,75,75,75,75,75,75,75,75,75,75,75,75,75],"card_choices":[{"not_picked":["TheCursedMod:Torture","TheCursedMod:Grudge"],"picked":"TheCursedMod:SpreadPlague","floor":1.0},{"not_picked":["TheCursedMod:Torture","TheCursedMod:Obscuration"],"picked":"TheCursedMod:CircleOfBlood","floor":2.0},{"not_picked":["TheCursedMod:TacticalStrike","TheCursedMod:DoubleShield"],"picked":"TheCursedMod:SpitefulStrike","floor":3.0},{"not_picked":["TheCursedMod:DoubleShield","TheCursedMod:RapidMovement"],"picked":"TheCursedMod:TacticalStrike","floor":4},{"not_picked":["TheCursedMod:Obscuration","TheCursedMod:SpitefulPray"],"picked":"TheCursedMod:HellfireBreathing","floor":6},{"not_picked":["TheCursedMod:Stretching","TheCursedMod:Torture"],"picked":"TheCursedMod:Grudge","floor":8},{"not_picked":["TheCursedMod:SpreadPlague","TheCursedMod:Torture"],"picked":"TheCursedMod:CircleOfAmplification","floor":11},{"not_picked":["TheCursedMod:SmokeScreen","TheCursedMod:TacticalStrike"],"picked":"TheCursedMod:CursedBlade","floor":12},{"not_picked":["TheCursedMod:SpitefulStrike","TheCursedMod:Stretching"],"picked":"TheCursedMod:CollectTribute","floor":13},{"not_picked":["TheCursedMod:RapidMovement","TheCursedMod:CircleOfWindfury"],"picked":"TheCursedMod:WearCloak","floor":14},{"not_picked":["TheCursedMod:StunningStrike","TheCursedMod:UltimatePain"],"picked":"TheCursedMod:OutForBlood","floor":16},{"not_picked":["TheCursedMod:SpreadPlague","TheCursedMod:Stigma"],"picked":"TheCursedMod:SpitefulPray","floor":18},{"not_picked":["TheCursedMod:CursedBlade","TheCursedMod:CircleOfAmplification+1"],"picked":"TheCursedMod:SurpriseAttack+1","floor":19},{"not_picked":["TheCursedMod:SurpriseAttack","TheCursedMod:Evocation"],"picked":"TheCursedMod:NeowsMight","floor":20}],"player_experience":216747,"relics_obtained":[{"floor":6,"key":"Vajra"},{"floor":8,"key":"Bird Faced Urn"},{"floor":9,"key":"Mummified Hand"},{"floor":13,"key":"Toy Ornithopter"}],"event_choices":[{"cards_removed":["TheCursedMod:Dregs"],"damage_healed":0,"gold_gain":0,"player_choice":"Removed Curses","damage_taken":0,"max_hp_gain":0,"max_hp_loss":0,"event_name":"Fountain of Cleansing","floor":5,"gold_loss":0}],"is_beta":false,"boss_relics":[{"not_picked":["Fusion Hammer","TheCursedMod:BlackMagicAdvanced"],"picked":"SlaversCollar"}],"items_purged_floors":[],"is_endless":false,"potions_floor_spawned":[3,4,8,12,13,14],"killed_by":"Centurion and Healer","ascension_level":0}}