{"host":"enu5gq013fznxjyt","time":1613450901,"event":{"mods":["BaseMod","Better Note","Block Reminder","Colored Powertips","Minty Spire (QoL Compilation)","Quick Restart","Relic Stats","StSLib"],"gold_per_floor":[111,111,111,135,18,62,62,62,115,135,135,148,148,171,171,171,171],"floor_reached":16,"language":"ENG","playtime":519,"items_purged":[],"score":100,"play_id":"4728b9be-3191-49d1-96f2-6ca82fe93736","local_time":"20210215204821","is_ascension_mode":false,"campfire_choices":[{"floor":11,"key":"REST"},{"floor":13,"key":"REST"},{"floor":15,"key":"REST"}],"circlet_count":0,"master_deck":["Strike_B","Strike_B","Strike_B","Strike_B","Defend_B","Defend_B","Defend_B","Defend_B","Zap","Dualcast","Leap","Injury","Seek","Sweeping Beam","Static Discharge","Self Repair","Loop","Skim"],"relics":["Cracked Core","Oddly Smooth Stone","Golden Idol","Lantern","TungstenRod","Darkstone Periapt","Art of War"],"acts_visited":["Exordium"],"potions_floor_usage":[],"damage_taken":[{"damage":0,"enemies":"Jaw Worm","floor":1,"turns":3},{"damage":0,"enemies":"Cultist","floor":4,"turns":3},{"damage":40,"enemies":"Gremlin Nob","floor":6,"turns":5},{"damage":0,"enemies":"2 Louse","floor":10,"turns":2},{"damage":16,"enemies":"Blue Slaver","floor":12,"turns":3},{"damage":23,"enemies":"Gremlin Gang","floor":14,"turns":3},{"damage":0,"enemies":"The Guardian","floor":16,"turns":1}],"seed_played":"50552353731772980","potions_obtained":[{"floor":1,"key":"Ancient Potion"},{"floor":14,"key":"Energy Potion"}],"is_trial":false,"path_per_floor":["M","?","T","M","$","E","?","T","T","M","R","M","R","M","R","B"],"character_chosen":"DEFECT","items_purchased":["Seek","Sweeping Beam"],"campfire_rested":3,"item_purchase_floors":[5,5],"current_hp_per_floor":[75,75,75,75,75,35,10,10,10,10,32,23,45,29,51,51,51],"gold":171,"neow_bonus":"RANDOM_COMMON_RELIC","is_daily":false,"chose_seed":false,"campfire_upgraded":0,"win_rate":0.0,"timestamp":1613450901,"path_taken":["M","?","?","?","?","E","?","?","T","?","R","M","R","M","R","BOSS"],"items_purchased_type":["Card","Card"],"build_version":"2020-12-22","purchased_purges":0,"victory":false,"max_hp_per_floor":[75,75,75,75,75,75,75,75,75,75,75,75,75,75,75,75,75],"relic_stats":{"Darkstone Periapt":0,"counters":[7,20],"Golden Idol":26,"Art of War":[1],"obtain_stats":[{"Darkstone Periapt":8,"Lantern":6,"Golden Idol":2,"Oddly Smooth Stone":0,"Art of War":9,"Cracked Core":0,"TungstenRod":7},{"Darkstone Periapt":3,"Lantern":3,"Golden Idol":1,"Oddly Smooth Stone":0,"Art of War":3,"Cracked Core":0,"TungstenRod":3},{"Darkstone Periapt":11,"Lantern":11,"Golden Idol":3,"Oddly Smooth Stone":0,"Art of War":11,"Cracked Core":0,"TungstenRod":11}],"TungstenRod":8},"card_choices":[{"not_picked":["Force Field","Gash"],"picked":"Leap","floor":1},{"not_picked":["Compile Driver","Scrape","Double Energy"],"picked":"SKIP","floor":4},{"not_picked":["Stack","FTL"],"picked":"Static Discharge","floor":6},{"not_picked":["Beam Cell","Chaos"],"picked":"Self Repair","floor":10},{"not_picked":["Go for the Eyes","Auto Shields"],"picked":"Loop","floor":12},{"not_picked":["Reinforced Body","Reprogram"],"picked":"Skim","floor":14}],"player_experience":247230,"relics_obtained":[{"floor":6,"key":"Lantern"},{"floor":8,"key":"Darkstone Periapt"},{"floor":9,"key":"Art of War"}],"event_choices":[{"damage_healed":0,"gold_gain":0,"player_choice":"Take Wound","damage_taken":0,"relics_obtained":["Golden Idol"],"max_hp_gain":0,"max_hp_loss":0,"event_name":"Golden Idol","floor":2,"gold_loss":0,"cards_obtained":["Injury"]},{"damage_healed":0,"gold_gain":0,"player_choice":"Success","damage_taken":25,"relics_obtained":["TungstenRod"],"max_hp_gain":0,"max_hp_loss":0,"event_name":"Scrap Ooze","floor":7,"gold_loss":0}],"is_beta":false,"boss_relics":[],"items_purged_floors":[],"is_endless":false,"potions_floor_spawned":[1,14],"killed_by":"The Guardian","ascension_level":0}}