{"host":"5hsgormuu0lj4iiq","time":1613434953,"event":{"mods":["AchievementEnabler","BaseMod","Colored Map","Colored Powertips","Minty Spire (QoL Compilation)","Quick Restart","Relic Stats","SuperFastMode","everything is the same but u backflip on backflip","slay the spire mod where everything is the same but ironclad has a cowboy hat"],"gold_per_floor":[117,117,133,308,308,308,343,363,389,389,419,419,519,531,531,635,635,649,564,764,776,791,791,468,484,484,497,497,497,497],"floor_reached":29,"language":"ENG","playtime":533,"items_purged":[],"score":413,"play_id":"a185a13d-3519-43b5-9210-648903c1ba4b","local_time":"20210215192233","is_ascension_mode":true,"campfire_choices":[{"data":"Zap","floor":6,"key":"SMITH"},{"data":"Sunder","floor":10,"key":"SMITH"},{"floor":12,"key":"REST"},{"floor":15,"key":"REST"},{"data":"Core Surge","floor":23,"key":"SMITH"},{"floor":28,"key":"REST"}],"circlet_count":0,"master_deck":["AscendersBane","Strike_B","Strike_B+1","Strike_B","Strike_B","Defend_B","Defend_B+1","Defend_B+1","Defend_B","Zap+1","Dualcast","Sunder+1","Doubt","Conserve Battery+1","Core Surge+1","Defragment","Leap"],"relics":["Cracked Core","NeowsBlessing","Happy Flower","DataDisk","Ancient Tea Set","Snecko Eye","War Paint","Kunai","Calipers"],"acts_visited":["Exordium","TheCity"],"potions_floor_usage":[18,18,22,25],"damage_taken":[{"damage":0,"enemies":"2 Louse","floor":1,"turns":1},{"damage":0,"enemies":"Small Slimes","floor":3,"turns":1},{"damage":0,"enemies":"Gremlin Nob","floor":7,"turns":1},{"damage":0,"enemies":"Cultist","floor":8,"turns":3},{"damage":39,"enemies":"Lagavulin","floor":11,"turns":6},{"damage":1,"enemies":"Looter","floor":14,"turns":2},{"damage":22,"enemies":"The Guardian","floor":16,"turns":12},{"damage":29,"enemies":"3 Byrds","floor":18,"turns":4},{"damage":0,"enemies":"Chosen","floor":21,"turns":4},{"damage":13,"enemies":"Centurion and Healer","floor":22,"turns":5},{"damage":13,"enemies":"Snake Plant","floor":25,"turns":3},{"damage":24,"enemies":"Sentry and Sphere","floor":27,"turns":6},{"damage":33,"enemies":"Book of Stabbing","floor":29,"turns":5}],"seed_played":"-8783423079058789477","potions_obtained":[{"floor":1,"key":"Regen Potion"},{"floor":3,"key":"Energy Potion"},{"floor":5,"key":"Regen Potion"},{"floor":18,"key":"LiquidMemories"},{"floor":22,"key":"Block Potion"}],"is_trial":false,"path_per_floor":["M","?","M","?","?","R","E","M","T","R","E","R","?","M","R","B",null,"M","?","?","M","M","R","$","M","T","M","R","E"],"character_chosen":"DEFECT","items_purchased":["Kunai","Defragment"],"campfire_rested":3,"item_purchase_floors":[24,24],"current_hp_per_floor":[68,53,53,53,53,53,53,53,53,53,14,36,36,35,57,35,65,58,58,58,58,45,45,45,32,32,8,30,0,0],"gold":497,"neow_bonus":"THREE_ENEMY_KILL","is_daily":false,"chose_seed":false,"campfire_upgraded":3,"win_rate":0.0,"timestamp":1613434953,"path_taken":["M","?","M","?","?","R","E","?","T","R","E","R","?","M","R","BOSS","M","?","?","M","M","R","$","?","T","M","R","E"],"items_purchased_type":["Relic","Card"],"build_version":"2020-12-22","purchased_purges":0,"victory":false,"max_hp_per_floor":[75,75,75,75,75,75,75,75,75,75,75,75,75,75,75,75,75,75,75,75,75,75,75,75,75,75,75,75,75,75],"relic_stats":{"Happy Flower":[16],"counters":[13,53],"Snecko Eye":[47,32,43,41],"Kunai":[2],"War Paint":["Conserve Battery","Defend_B"],"obtain_stats":[{"DataDisk":9,"Calipers":26,"NeowsBlessing":0,"Happy Flower":7,"Snecko Eye":17,"Kunai":24,"War Paint":19,"Cracked Core":0,"Ancient Tea Set":11},{"DataDisk":4,"Calipers":11,"NeowsBlessing":0,"Happy Flower":3,"Snecko Eye":7,"Kunai":10,"War Paint":8,"Cracked Core":0,"Ancient Tea Set":5},{"DataDisk":6,"Calipers":42,"NeowsBlessing":0,"Happy Flower":3,"Snecko Eye":26,"Kunai":39,"War Paint":30,"Cracked Core":0,"Ancient Tea Set":12}]},"card_choices":[{"not_picked":["Sweeping Beam","Stack"],"picked":"Sunder","floor":1},{"not_picked":["Beam Cell","Gash","Rebound"],"picked":"SKIP","floor":3},{"not_picked":["Beam Cell","Rebound","Reprogram"],"picked":"SKIP","floor":7},{"not_picked":["Steam","Melter","Turbo"],"picked":"SKIP","floor":8},{"not_picked":["Machine Learning","Go for the Eyes","Gash"],"picked":"SKIP","floor":11},{"not_picked":["Hologram","Sweeping Beam"],"picked":"Conserve Battery","floor":14},{"not_picked":["Machine Learning","Buffer"],"picked":"Core Surge","floor":16},{"not_picked":["Hologram","Fusion","Steam"],"picked":"SKIP","floor":18},{"not_picked":["Reinforced Body","Beam Cell","Static Discharge"],"picked":"SKIP","floor":21},{"not_picked":["Scrape","Conserve Battery","Gash"],"picked":"SKIP","floor":22},{"not_picked":["Go for the Eyes","Streamline","Gash"],"picked":"SKIP","floor":25},{"not_picked":["Amplify","Steam Power"],"picked":"Leap","floor":27}],"player_experience":735812,"relics_obtained":[{"floor":7,"key":"Happy Flower"},{"floor":9,"key":"DataDisk"},{"floor":11,"key":"Ancient Tea Set"},{"floor":26,"key":"Calipers"}],"event_choices":[{"damage_healed":0,"gold_gain":0,"player_choice":"Entered Light","damage_taken":15,"max_hp_gain":0,"max_hp_loss":0,"event_name":"Shining Light","floor":2,"gold_loss":0,"cards_upgraded":["Strike_B","Defend_B"]},{"damage_healed":0,"gold_gain":175,"player_choice":"AGREE","damage_taken":0,"max_hp_gain":0,"max_hp_loss":0,"event_name":"Liars Game","floor":4,"gold_loss":0,"cards_obtained":["Doubt"]},{"damage_healed":0,"gold_gain":0,"player_choice":"Got Potions","damage_taken":0,"max_hp_gain":0,"max_hp_loss":0,"event_name":"Lab","floor":5,"gold_loss":0},{"damage_healed":0,"gold_gain":100,"player_choice":"Pray","damage_taken":0,"max_hp_gain":0,"max_hp_loss":0,"event_name":"Golden Shrine","floor":13,"gold_loss":0},{"damage_healed":0,"gold_gain":0,"player_choice":"Obtained Relic","damage_taken":0,"relics_obtained":["War Paint"],"max_hp_gain":0,"max_hp_loss":0,"event_name":"Addict","floor":19,"gold_loss":85},{"damage_healed":0,"gold_gain":250,"player_choice":"Bet on Owner","damage_taken":0,"max_hp_gain":0,"max_hp_loss":0,"event_name":"The Joust","floor":20,"gold_loss":50}],"is_beta":false,"boss_relics":[{"not_picked":["Tiny House","Fusion Hammer"],"picked":"Snecko Eye"}],"items_purged_floors":[],"is_endless":false,"potions_floor_spawned":[1,3,11,18,22],"killed_by":"Book of Stabbing","ascension_level":12}}