{"host":"d2gh6suihlstufn7","time":1613500656,"event":{"mods":["AchievementEnabler","BaseMod","Colored Map","Colored Powertips","Minty Spire (QoL Compilation)","Permanent Neow","Quick Restart"],"gold_per_floor":[113,288,288,307,307,307,7,7,7,7,19,37,37,55,55,150,150,166,181,181,181,201,201,126,126,206,220,145,145,145,145],"floor_reached":30,"language":"KOR","playtime":733,"items_purged":["Strike_R"],"score":220,"play_id":"787e8153-fae8-4bc7-8748-f8dc6159c5a5","local_time":"20210217033736","is_ascension_mode":false,"campfire_choices":[{"floor":6,"key":"RECALL"},{"data":"Bash","floor":8,"key":"SMITH"},{"data":"Strike_R","floor":10,"key":"SMITH"},{"data":"Defend_R","floor":15,"key":"SMITH"},{"floor":23,"key":"REST"},{"floor":29,"key":"REST"}],"circlet_count":0,"master_deck":["Strike_R","Strike_R","Strike_R+1","Defend_R","Defend_R","Defend_R+1","Bash+1","Pain","Feed","Clumsy","Pain"],"relics":["Mark of Pain","InkBottle","WarpedTongs","Lee\u0027s Waffle","Blood Vial","Cursed Key","Ornamental Fan"],"acts_visited":["Exordium","TheCity"],"potions_floor_usage":[16,18,22,25],"damage_taken":[{"damage":6,"enemies":"Jaw Worm","floor":1,"turns":3},{"damage":0,"enemies":"2 Louse","floor":4,"turns":4},{"damage":2,"enemies":"Cultist","floor":11,"turns":3},{"damage":9,"enemies":"3 Louse","floor":12,"turns":5},{"damage":5,"enemies":"Large Slime","floor":14,"turns":5},{"damage":17,"enemies":"Slime Boss","floor":16,"turns":6},{"damage":40,"enemies":"3 Byrds","floor":18,"turns":8},{"damage":12,"enemies":"Chosen","floor":19,"turns":6},{"damage":24,"enemies":"Snake Plant","floor":22,"turns":5},{"damage":0,"enemies":"Centurion and Healer","floor":25,"turns":1},{"damage":32,"enemies":"Shelled Parasite and Fungi","floor":27,"turns":6},{"damage":70,"enemies":"Cultist and Chosen","floor":30,"turns":8}],"seed_played":"3968508053618165332","potions_obtained":[{"floor":1,"key":"PowerPotion"},{"floor":14,"key":"Dexterity Potion"},{"floor":18,"key":"Weak Potion"},{"floor":19,"key":"SmokeBomb"}],"is_trial":false,"path_per_floor":["M","?","?","M","?","R","$","R","T","R","M","M","?","M","R","B",null,"M","M","?","?","M","R","$","M","T","M","?","R","M"],"character_chosen":"IRONCLAD","items_purchased":["Lee\u0027s Waffle","Blood Vial"],"campfire_rested":2,"item_purchase_floors":[7,7],"current_hp_per_floor":[74,74,67,67,67,67,87,87,87,87,85,78,78,75,75,60,87,51,41,71,71,49,76,76,78,78,51,51,79,11,11],"gold":145,"neow_bonus":"BOSS_RELIC","is_daily":false,"chose_seed":false,"campfire_upgraded":3,"win_rate":0.0,"timestamp":1613500656,"path_taken":["M","?","?","M","?","R","$","R","T","R","?","M","?","M","R","BOSS","M","M","?","?","M","R","$","M","T","?","?","R","M"],"items_purchased_type":["Relic","Relic"],"build_version":"2020-12-22","purchased_purges":1,"victory":false,"max_hp_per_floor":[80,80,80,80,80,80,87,87,87,87,87,87,87,87,87,87,87,91,91,91,91,91,91,91,91,91,94,94,94,94,94],"card_choices":[{"not_picked":["Twin Strike","True Grit","Perfected Strike"],"picked":"SKIP","floor":1},{"not_picked":["True Grit","Combust","Iron Wave"],"picked":"SKIP","floor":4},{"not_picked":["Intimidate","Dropkick","Iron Wave"],"picked":"SKIP","floor":11},{"not_picked":["Heavy Blade","Armaments","Cleave"],"picked":"SKIP","floor":12},{"not_picked":["Sword Boomerang","Warcry","Shrug It Off"],"picked":"SKIP","floor":14},{"not_picked":["Impervious","Juggernaut"],"picked":"Feed","floor":16},{"not_picked":["Thunderclap","Rupture+1","Whirlwind"],"picked":"SKIP","floor":18},{"not_picked":["Body Slam","Armaments+1","Inflame"],"picked":"SKIP","floor":19},{"not_picked":["Pommel Strike","Heavy Blade","Whirlwind+1"],"picked":"SKIP","floor":22},{"not_picked":["True Grit","Entrench","Armaments+1"],"picked":"SKIP","floor":27}],"player_experience":217320,"relics_obtained":[{"floor":26,"key":"Ornamental Fan"}],"event_choices":[{"damage_healed":0,"gold_gain":175,"player_choice":"AGREE","damage_taken":0,"max_hp_gain":0,"max_hp_loss":0,"event_name":"Liars Game","floor":2,"gold_loss":0,"cards_obtained":["Doubt"]},{"damage_healed":0,"gold_gain":0,"player_choice":"Success","damage_taken":7,"relics_obtained":["InkBottle"],"max_hp_gain":0,"max_hp_loss":0,"event_name":"Scrap Ooze","floor":3,"gold_loss":0},{"damage_healed":0,"gold_gain":0,"player_choice":"Rummage","damage_taken":0,"relics_obtained":["WarpedTongs"],"max_hp_gain":0,"max_hp_loss":0,"event_name":"Accursed Blacksmith","floor":5,"gold_loss":0,"cards_obtained":["Pain"]},{"cards_removed":["Doubt"],"damage_healed":0,"gold_gain":0,"player_choice":"Forget","damage_taken":0,"max_hp_gain":0,"max_hp_loss":0,"event_name":"Living Wall","floor":13,"gold_loss":0},{"damage_healed":30,"gold_gain":0,"player_choice":"Heal","damage_taken":0,"max_hp_gain":0,"max_hp_loss":0,"event_name":"The Library","floor":20,"gold_loss":0},{"cards_removed":["Defend_R"],"damage_healed":0,"gold_gain":0,"player_choice":"Took Card","damage_taken":0,"max_hp_gain":0,"max_hp_loss":0,"event_name":"NoteForYourself","floor":21,"gold_loss":0,"cards_obtained":["Clumsy"]},{"cards_removed":["Strike_R"],"damage_healed":0,"gold_gain":0,"player_choice":"Gave Gold","damage_taken":0,"max_hp_gain":0,"max_hp_loss":0,"event_name":"Beggar","floor":28,"gold_loss":75}],"is_beta":false,"boss_relics":[{"not_picked":["SacredBark","Ectoplasm"],"picked":"Cursed Key"}],"items_purged_floors":[24],"is_endless":false,"potions_floor_spawned":[1,14,18,19],"killed_by":"Cultist and Chosen","ascension_level":0}}