{"host":"w4c9oc640fn2feul","time":1613500791,"event":{"mods":["AchievementEnabler","Act Like it!","Aspiration","BaseMod","BetterRewards","Conspire","Custom Start","Defuse TimeMaze Blight","Energized Spire","Gensokyo","GifTheSpireLib","Halation","Hubris","Infinite Spire","Marked Mod","Minty Spire (QoL Compilation)","Quarter Circle Forward PUNCH!","Reliquary","Replay The Spire","Shop Mod","StSLib","Stuff the Spire","The Animator","The Cursed","The Jungle"],"gold_per_floor":[115,130,130,3,3,14,44,59,59,88,102,102,113,133,133,230,230,240,248,248,248,260,260,260,260],"floor_reached":24,"language":"ENG","playtime":1878,"items_purged":["Bash"],"score":218,"play_id":"4530cdde-1687-4c69-a0a5-a133b9e93cf2","local_time":"20210216193951","is_ascension_mode":true,"campfire_choices":[{"floor":12,"key":"REST"},{"floor":15,"key":"RECALL"},{"data":"Heavy Blade","floor":23,"key":"SMITH"}],"circlet_count":0,"master_deck":["Strike_R","Strike_R","Strike_R","Strike_R","Strike_R","Defend_R","Defend_R","Defend_R","Defend_R","Perfected Strike","ReplayTheSpireMod:LeadingStrike+1","conspire:Purge","Heavy Blade+1","ReplayTheSpireMod:Strike From Hell"],"relics":["Burning Blood","Replay:M_StaffOfTheSnake","qcfpunch:Black_Training_Shirt","conspire:SpecialSausage","MerchantsRug","hubris:CrystalStatue"],"acts_visited":["Exordium","TheCity"],"potions_floor_usage":[7,7,16,16,22],"damage_taken":[{"damage":6,"enemies":"conspire:RoseBush","floor":1,"turns":3},{"damage":7,"enemies":"Small Slimes","floor":2,"turns":4},{"damage":6,"enemies":"Jaw Worm","floor":6,"turns":2},{"damage":29,"enemies":"Lagavulin","floor":7,"turns":7},{"damage":12,"enemies":"Exordium Thugs","floor":8,"turns":4},{"damage":21,"enemies":"3 Sentries","floor":10,"turns":9},{"damage":5,"enemies":"2 Fungi Beasts","floor":11,"turns":3},{"damage":3,"enemies":"Red Slaver","floor":13,"turns":3},{"damage":4,"enemies":"conspire:2 RoseBushes","floor":14,"turns":3},{"damage":29,"enemies":"Fading Forest","floor":16,"turns":11},{"damage":5,"enemies":"Spheric Guardian","floor":18,"turns":3},{"damage":7,"enemies":"Shell Parasite","floor":22,"turns":4},{"damage":89,"enemies":"Book of Stabbing","floor":24,"turns":7}],"seed_played":"7206500174310410997","potions_obtained":[{"floor":2,"key":"BlessingOfTheForge"},{"floor":6,"key":"PowerPotion"},{"floor":10,"key":"Adrenaline Potion"},{"floor":14,"key":"Fire Potion"},{"floor":16,"key":"AttackPotion"},{"floor":18,"key":"EntropicBrew"}],"is_trial":false,"path_per_floor":["M","M","?","$","?","M","E","M","T","E","M","R","M","M","R","B",null,"M","$","?","?","M","R","E"],"character_chosen":"IRONCLAD","items_purchased":["ReplayTheSpireMod:LeadingStrike+1","MerchantsRug"],"campfire_rested":1,"item_purchase_floors":[4,19],"current_hp_per_floor":[80,79,72,72,77,77,54,48,48,33,34,59,62,64,64,51,85,85,85,85,85,84,84,0,0],"gold":260,"neow_bonus":"NOSTALGIA","is_daily":false,"chose_seed":false,"campfire_upgraded":1,"win_rate":0.0,"timestamp":1613500791,"path_taken":["M","M","?","$","?","M","E","?","T","E","M","R","M","M","R","BOSS","M","$","?","?","M","R","E"],"items_purchased_type":["Card","Relic"],"build_version":"2020-12-22","purchased_purges":1,"victory":false,"max_hp_per_floor":[80,80,80,80,85,85,85,85,85,85,85,85,85,85,85,85,85,85,85,85,85,85,85,85,85],"card_choices":[{"not_picked":["Run Through","Body Slam"],"picked":"Perfected Strike","floor":1},{"not_picked":["Uppercut","Disarm","Cleave"],"picked":"SKIP","floor":2},{"not_picked":["Combust","Heavy Blade","Vengeance"],"picked":"SKIP","floor":6},{"not_picked":["StuffTheSpire:Slingshot","Cleave","Body Slam"],"picked":"SKIP","floor":7},{"not_picked":["Evolve","Doppelganger","Sanctity"],"picked":"SKIP","floor":8},{"not_picked":["Sword Boomerang","True Grit","JustLucky"],"picked":"SKIP","floor":10},{"not_picked":["Clothesline","Intimidate","Flame Barrier"],"picked":"SKIP","floor":11},{"not_picked":["Ghostly Armor","Wild Strike","Cleave"],"picked":"SKIP","floor":13},{"not_picked":["Acrobatics","Anger","InnerPeace"],"picked":"SKIP","floor":14},{"not_picked":["Establishment","Impervious"],"picked":"conspire:Purge","floor":16},{"not_picked":["ReplayTheSpireMod:Corrosion Curse","Sword Boomerang"],"picked":"Heavy Blade","floor":18},{"not_picked":["hubris:ReadiedAction","Havoc+1"],"picked":"ReplayTheSpireMod:Strike From Hell","floor":22}],"player_experience":483804,"relics_obtained":[{"floor":7,"key":"qcfpunch:Black_Training_Shirt"},{"floor":10,"key":"Replay:Baseball"}],"event_choices":[{"damage_healed":0,"gold_gain":0,"player_choice":"Success","damage_taken":7,"relics_obtained":["Champion Belt"],"max_hp_gain":0,"max_hp_loss":0,"event_name":"Scrap Ooze","floor":3,"gold_loss":0},{"damage_healed":0,"gold_gain":0,"player_choice":"Donut","damage_taken":0,"max_hp_gain":5,"max_hp_loss":0,"event_name":"Big Fish","floor":5,"gold_loss":0},{"damage_healed":0,"gold_gain":0,"player_choice":"Ignored","damage_taken":0,"max_hp_gain":0,"max_hp_loss":0,"event_name":"Ghosts","floor":20,"gold_loss":0},{"damage_healed":0,"gold_gain":0,"player_choice":"Gave Potion","damage_taken":0,"relics_obtained":["hubris:CrystalStatue"],"max_hp_gain":0,"max_hp_loss":0,"event_name":"WeMeetAgain","floor":21,"gold_loss":0}],"is_beta":false,"boss_relics":[{"not_picked":["hubris:VirtuousBlindfold","Ectoplasm"],"picked":"conspire:SpecialSausage"}],"items_purged_floors":[4],"is_endless":false,"potions_floor_spawned":[2,6,10,14,16,18],"killed_by":"Book of Stabbing","ascension_level":1}}