{"host":"me7pax5d7uwssv6n","time":1613471573,"event":{"mods":["BaseMod","Minty Spire (QoL Compilation)","Replay The Spire","StSLib"],"gold_per_floor":[115,133,133,157,0,0,0,15,15,35,35,35,114,129,159,290,290,308,308,318,318,318,343,356,356,356],"floor_reached":25,"language":"ENG","playtime":1469,"items_purged":[],"score":211,"play_id":"458cc516-ab79-472f-9f9e-028f673c5ab5","local_time":"20210216183253","is_ascension_mode":false,"campfire_choices":[{"data":"Zap","floor":6.0,"key":"SMITH"},{"floor":12.0,"key":"REST"}],"circlet_count":0,"master_deck":["Strike_B","Strike_B","Strike_B","Defend_B","Defend_B","Zap+1","Go for the Eyes","Capacitor","White Noise","All For One","Compile Driver+1","Streamline+1","Seek+1","Conserve Battery","Gash+1","Coolheaded+1"],"relics":["Empty Cage","Regal Pillow","Replay:Wax Seal","Lantern","Bloody Idol","Shuriken","Kunai","Astrolabe","Enchiridion","Snack Pack"],"acts_visited":["Exordium","TheCity"],"potions_floor_usage":[25,25],"damage_taken":[{"damage":0.0,"enemies":"Small Slimes","floor":1.0,"turns":4.0},{"damage":1.0,"enemies":"Jaw Worm","floor":2.0,"turns":4.0},{"damage":1.0,"enemies":"Cultist","floor":8.0,"turns":3.0},{"damage":4.0,"enemies":"2 Fungi Beasts","floor":10.0,"turns":4.0},{"damage":12.0,"enemies":"Blue Slaver","floor":14.0,"turns":3.0},{"damage":37.0,"enemies":"Hexaghost","floor":16.0,"turns":9.0},{"damage":1.0,"enemies":"Chosen","floor":18.0,"turns":3.0},{"damage":2.0,"enemies":"Spheric Guardian","floor":20.0,"turns":3.0},{"damage":7.0,"enemies":"Book of Stabbing","floor":23.0,"turns":3.0},{"damage":0.0,"enemies":"Cultist and Chosen","floor":24.0,"turns":4.0},{"damage":71,"enemies":"Slavers","floor":25,"turns":5}],"seed_played":"-5198561171412276640","potions_obtained":[{"floor":1.0,"key":"EntropicBrew"},{"floor":2.0,"key":"Block Potion"},{"floor":14.0,"key":"Swift Potion"},{"floor":16.0,"key":"Fire Potion"},{"floor":23.0,"key":"Dexterity Potion"}],"is_trial":false,"path_per_floor":["M","M","?","T","$","R","?","M","T","M","?","R","T","M","R","B",null,"M","?","M","?","?","E","M","E"],"character_chosen":"DEFECT","items_purchased":["Lantern"],"campfire_rested":1,"item_purchase_floors":[5],"current_hp_per_floor":[75,74,67,67,67,67,49,48,48,44,44,75,75,63,63,26,75,74,74,75,75,59,57,68,0,0],"gold":356,"neow_bonus":"BOSS_RELIC","is_daily":false,"chose_seed":false,"campfire_upgraded":1,"win_rate":0.0,"timestamp":1613471573,"path_taken":["M","M","?","?","$","R","?","?","T","M","?","R","?","M","R","BOSS","M","?","M","?","?","E","M","E"],"items_purchased_type":["Relic"],"build_version":"2020-12-22","purchased_purges":0,"victory":false,"max_hp_per_floor":[75,75,75,75,75,75,75,75,75,75,75,75,75,75,75,75,75,75,75,75,75,75,75,75,75,75],"card_choices":[{"not_picked":["ReplayTheSpireMod:System Scan","Hologram","Barrage"],"picked":"SKIP","floor":1.0},{"not_picked":["Redo","ReplayTheSpireMod:Calculation Training"],"picked":"Go for the Eyes","floor":2.0},{"not_picked":["BasicCrystalCard","Rebound"],"picked":"Capacitor","floor":8.0},{"not_picked":["BasicCrystalCard","Steam"],"picked":"White Noise","floor":10.0},{"not_picked":["Compile Driver","BasicCrystalCard"],"picked":"Chaos","floor":14.0},{"not_picked":["Amplify","Multi-Cast"],"picked":"All For One","floor":16.0},{"not_picked":["Coolheaded","ReplayTheSpireMod:System Scan"],"picked":"Conserve Battery","floor":18.0},{"not_picked":["Sweeping Beam+1","Barrage"],"picked":"Gash+1","floor":20.0},{"not_picked":["Buffer","Undo","Redo"],"picked":"SKIP","floor":23.0},{"not_picked":["ReplaySort","Sweeping Beam"],"picked":"Coolheaded+1","floor":24.0}],"player_experience":16362,"relics_obtained":[{"floor":4.0,"key":"Replay:Wax Seal"},{"floor":9.0,"key":"Shuriken"},{"floor":13.0,"key":"Kunai"},{"floor":22.0,"key":"Enchiridion"},{"floor":23.0,"key":"Snack Pack"}],"event_choices":[{"damage_healed":0.0,"max_hp_gain":0.0,"max_hp_loss":0.0,"gold_gain":0.0,"event_name":"Scrap Ooze","player_choice":"Success","floor":3.0,"gold_loss":0.0,"damage_taken":7.0,"relics_obtained":["Regal Pillow"]},{"damage_healed":0.0,"max_hp_gain":0.0,"max_hp_loss":0.0,"gold_gain":0.0,"event_name":"Golden Idol","player_choice":"Take Damage","floor":7.0,"gold_loss":0.0,"damage_taken":18.0,"relics_obtained":["Golden Idol"]},{"damage_healed":0.0,"max_hp_gain":0.0,"max_hp_loss":0.0,"gold_gain":0.0,"cards_transformed":["Defend_B"],"event_name":"Living Wall","player_choice":"Change","floor":11.0,"gold_loss":0.0,"damage_taken":0.0,"cards_obtained":["Static Discharge"]},{"damage_healed":0.0,"max_hp_gain":0.0,"max_hp_loss":0.0,"gold_gain":30.0,"event_name":"Dead Adventurer","player_choice":"Searched \u00272\u0027 times","floor":15.0,"gold_loss":0.0,"damage_taken":0.0},{"damage_healed":0.0,"max_hp_gain":0.0,"max_hp_loss":0.0,"gold_gain":0.0,"event_name":"Forgotten Altar","player_choice":"Gave Idol","floor":19.0,"relics_lost":["Golden Idol"],"gold_loss":0.0,"damage_taken":0.0,"relics_obtained":["Bloody Idol"]},{"damage_healed":0.0,"max_hp_gain":0.0,"max_hp_loss":0.0,"gold_gain":0.0,"event_name":"Vampires","player_choice":"Ignored","floor":21.0,"gold_loss":0.0,"damage_taken":0.0},{"damage_healed":0.0,"max_hp_gain":0.0,"max_hp_loss":0.0,"gold_gain":0.0,"event_name":"Cursed Tome","player_choice":"Obtained Book","floor":22.0,"gold_loss":0.0,"damage_taken":16.0}],"is_beta":false,"boss_relics":[{"not_picked":["Replay:Wanted Poster","Kintsugi"],"picked":"Astrolabe"}],"items_purged_floors":[],"is_endless":false,"potions_floor_spawned":[1,2,14,16,23],"killed_by":"Slavers","ascension_level":0}}