{"host":"bxyl4n8onrqni51y","time":1613519623,"event":{"mods":["BaseMod","BetterRewards","Colored Map","Downfall","Hubris","Marisa????????","Minty Spire (QoL Compilation)","Replay The Spire","StSLib","Td1madao Mod","The Animator","The Cursed","The Jungle","The Necromancer","The Servant 0.9.4"],"gold_per_floor":[119,119,183,197,197,197,232,232,232,33,52,32,47,18,18,118,118,138,213,229,328,340,365,375,408,408,428,428,456,456,467,467,571,571,606,706,724,736,760,820,849,76,122,3,51,51,51,80,80,80],"floor_reached":51,"language":"ENG","playtime":3922,"items_purged":["Defend_MRS"],"score":1085,"play_id":"3b058a06-5c24-4a60-94d8-63a54032c010","local_time":"20210217005343","is_ascension_mode":false,"campfire_choices":[{"floor":6,"key":"REST"},{"floor":8,"key":"REST"},{"data":"OortCloud","floor":15,"key":"SMITH"},{"floor":28,"key":"REST"},{"floor":32,"key":"REST"},{"floor":46,"key":"REST"},{"floor":49,"key":"REST"}],"circlet_count":0,"master_deck":["Strike_MRS","Strike_MRS","Strike_MRS","Defend_MRS","Defend_MRS","Defend_MRS","MasterSpark","UpSweep","Apotheosis+1","Bandage Up","GravityBeat","GravityBeat","EscapeVelocity","GrandCross","SuperPerseids","OortCloud+1","OortCloud+1","PulseMagic","GrandCross","GrandCross","BinaryStars","GrandCross+1","GrandCross+1","SporeBomb+1","GravityBeat+1","EarthLightRay+1","OpenUniverse","Acceleration+1","OrrerysSun+1","OortCloud+1","IllusionStar+1","OortCloud","OrrerysSun","IllusionStar+1","Transmutation+1","UltimateShortwave","Metamorphosis","Metamorphosis","SatelliteIllusion","IllusionStar+1"],"relics":["MiniHakkero","SimpleLauncher","Peace Pipe","Blue Doll","hubris:TenFootPole","Chameleon Ring","ClockworkSouvenir","hubris:Stopwatch","Dream Catcher","hubris:DeckOfHolding","Tiny Chest","Enchiridion","hubris:GrandSneckoEye","hubris:ToyBattleship","Onion Ring","TheAbacus","Lantern","hubris:Teleporter","Gremlin Horn"],"acts_visited":["Exordium","TheCity","TheBeyond"],"potions_floor_usage":[4,4,16,23,29,33,33,40,50,50],"damage_taken":[{"damage":4,"enemies":"Cultist","floor":1,"turns":4},{"damage":12,"enemies":"Jaw Worm","floor":4,"turns":4},{"damage":24,"enemies":"Gremlin Nob","floor":7,"turns":4},{"damage":0,"enemies":"2 Louse","floor":11,"turns":2},{"damage":2,"enemies":"Red Slaver","floor":13,"turns":3},{"damage":7,"enemies":"The Guardian","floor":16,"turns":9},{"damage":9,"enemies":"3 Byrds","floor":18,"turns":6},{"damage":9,"enemies":"Shell Parasite","floor":20,"turns":3},{"damage":8,"enemies":"Snake Plant","floor":22,"turns":4},{"damage":5,"enemies":"Book of Stabbing","floor":23,"turns":3},{"damage":12,"enemies":"Centurion and Healer","floor":24,"turns":3},{"damage":24,"enemies":"Replay:Snechameleon","floor":25,"turns":3},{"damage":10,"enemies":"Cultist and Chosen","floor":27,"turns":4},{"damage":19,"enemies":"Gremlin Leader","floor":29,"turns":4},{"damage":5,"enemies":"Snake Plant","floor":31,"turns":3},{"damage":0,"enemies":"Champ","floor":33,"turns":4},{"damage":18,"enemies":"3 Shapes","floor":35,"turns":3},{"damage":7,"enemies":"Orb Walker","floor":37,"turns":2},{"damage":0,"enemies":"Maw","floor":38,"turns":5},{"damage":0,"enemies":"Transient","floor":40,"turns":5},{"damage":41,"enemies":"4 Shapes","floor":41,"turns":3},{"damage":19,"enemies":"2 Orb Walkers","floor":45,"turns":2},{"damage":12,"enemies":"Nemesis","floor":48,"turns":6},{"damage":65,"enemies":"Awakened One","floor":50,"turns":8}],"seed_played":"4675728006190458425","potions_obtained":[{"floor":3,"key":"Regen Potion"},{"floor":3,"key":"Fruit Juice"},{"floor":3,"key":"Elixir"},{"floor":7,"key":"LifebloodPotion"},{"floor":12,"key":"DuplicationPotion"},{"floor":18,"key":"GamblersBrew"},{"floor":22,"key":"Slimebound:ThreeZeroPotion"},{"floor":24,"key":"LiquidBronze"},{"floor":29,"key":"ColorlessPotion"},{"floor":35,"key":"Reflective Coating"},{"floor":38,"key":"Guardian:BlockOnCardUsePotion"},{"floor":40,"key":"Fruit Juice"},{"floor":40,"key":"BottledSpark"}],"is_trial":false,"path_per_floor":["M","?","?","M","?","R","E","R","T","$","M","?","M","$","R","B",null,"M","?","M","?","M","E","M","E","T","M","R","E","?","M","R","B",null,"M","?","M","M","T","M","M","$","T","$","?","R","?","E","R","B",null],"character_chosen":"MARISA","items_purchased":["Apotheosis","Bandage Up","GravityBeat","SimpleLauncher","Peace Pipe","Singularity","OortCloud+1","ClockworkSouvenir","GrandCross","Transmutation+1","Onion Ring","UltimateShortwave","TheAbacus","Metamorphosis"],"campfire_rested":6,"item_purchase_floors":[0,0,0,0,0,0,10,10,14,42,42,42,42,44],"current_hp_per_floor":[40,33,3,12,12,36,16,40,40,40,46,46,50,50,50,47,80,77,73,64,64,60,63,57,43,43,39,63,44,37,36,60,72,80,62,62,67,79,79,86,49,49,49,49,42,68,68,56,82,26],"gold":80,"neow_bonus":"","is_daily":false,"chose_seed":false,"campfire_upgraded":1,"win_rate":0.0,"timestamp":1613519623,"path_taken":["M","?","?","M","?","R","E","R","T","$","M","?","?","?","R","BOSS","M","?","?","?","M","E","M","E","T","M","R","E","?","M","R","BOSS","M","?","?","M","?","M","M","$","T","$","?","R","?","E","R","BOSS"],"items_purchased_type":["Card","Card","Card","Relic","Relic","Card","Card","Relic","Card","Card","Relic","Card","Relic","Card"],"build_version":"2020-12-22","purchased_purges":1,"victory":true,"max_hp_per_floor":[75,75,75,80,80,80,80,80,80,80,80,80,80,80,80,80,80,80,80,80,80,80,80,80,80,80,80,80,80,80,80,80,80,80,80,80,80,80,80,87,87,87,87,87,87,87,87,87,87,87],"card_choices":[{"not_picked":["DoubleSpark","6A"],"picked":"GrandCross","floor":1},{"not_picked":["AsteroidBelt","6A"],"picked":"SuperPerseids","floor":3},{"not_picked":["Singularity","DarkSpark","NonDirectionalLaser"],"picked":"SKIP","floor":4},{"not_picked":["GrandCross","GalacticHalo","AsteroidBelt"],"picked":"SKIP","floor":7},{"not_picked":["PulseMagic","SporeBomb"],"picked":"OortCloud","floor":11},{"not_picked":["SporeBomb","PowerUp"],"picked":"PulseMagic","floor":13},{"not_picked":["BigCrunch","BlazingStar"],"picked":"BinaryStars","floor":16},{"not_picked":["NonDirectionalLaser","SprinkleStarSeal+1"],"picked":"GrandCross+1","floor":18},{"not_picked":["MeteoricShower+1","WitchLeyline"],"picked":"GrandCross+1","floor":20},{"not_picked":["DC","CollectingQuirk"],"picked":"SporeBomb+1","floor":22},{"not_picked":["ShootingEcho","AsteroidBelt+1"],"picked":"GravityBeat+1","floor":23},{"not_picked":["GrandCross","Acceleration"],"picked":"EarthLightRay+1","floor":24},{"not_picked":["Singularity","EscapeVelocity"],"picked":"OpenUniverse","floor":25},{"not_picked":["LuminesStrike+1","GravityBeat"],"picked":"Acceleration+1","floor":27},{"not_picked":["ChargeUpSpray","BlazeAway"],"picked":"OrrerysSun+1","floor":28},{"not_picked":["DC+1","SporeBomb","LuminesStrike"],"picked":"SKIP","floor":29},{"not_picked":["ShootingEcho","PulseMagic"],"picked":"OortCloud+1","floor":31},{"not_picked":["LuminesStrike","WitchOfGreed+1"],"picked":"IllusionStar+1","floor":35},{"not_picked":["UnstableBomb","MeteoricShower"],"picked":"OortCloud","floor":37},{"not_picked":["GalacticHalo+1","MysteriousBeam"],"picked":"OrrerysSun","floor":38},{"not_picked":["LuminesStrike+1","DC","MilkyWay+1"],"picked":"SKIP","floor":40},{"not_picked":["MagicAbsorber","GalacticHalo"],"picked":"IllusionStar+1","floor":41},{"not_picked":["Occultation+1","6A+1"],"picked":"SatelliteIllusion","floor":45},{"not_picked":["ShootingEcho+1","SporeBomb+1"],"picked":"IllusionStar+1","floor":46},{"not_picked":["DragonMeteor+1","GalacticHalo","MilkyWay+1"],"picked":"SKIP","floor":48}],"player_experience":55682,"relics_obtained":[{"floor":7,"key":"hubris:TenFootPole"},{"floor":9,"key":"Chameleon Ring"},{"floor":23,"key":"Dream Catcher"},{"floor":25,"key":"hubris:DeckOfHolding"},{"floor":29,"key":"Tiny Chest"},{"floor":30,"key":"Enchiridion"},{"floor":39,"key":"hubris:ToyBattleship"},{"floor":43,"key":"Lantern"},{"floor":45,"key":"hubris:Teleporter"},{"floor":48,"key":"Gremlin Horn"}],"event_choices":[{"damage_healed":0,"gold_gain":0,"player_choice":"Success","damage_taken":7,"relics_obtained":["Blue Doll"],"max_hp_gain":0,"max_hp_loss":0,"event_name":"Scrap Ooze","floor":2,"gold_loss":0},{"damage_healed":0,"gold_gain":0,"player_choice":"Grow","damage_taken":0,"max_hp_gain":0,"max_hp_loss":0,"event_name":"Living Wall","floor":5,"gold_loss":0,"cards_upgraded":["Apotheosis"]},{"damage_healed":0,"gold_gain":0,"player_choice":"Bought 1 Potion","damage_taken":0,"max_hp_gain":0,"max_hp_loss":0,"event_name":"The Woman in Blue","floor":12,"gold_loss":0},{"damage_healed":0,"gold_gain":75,"player_choice":"Touch","damage_taken":8,"max_hp_gain":0,"max_hp_loss":0,"event_name":"FaceTrader","floor":19,"gold_loss":0},{"damage_healed":0,"gold_gain":99,"player_choice":"Stole From Cult","damage_taken":0,"max_hp_gain":0,"max_hp_loss":0,"event_name":"Nest","floor":21,"gold_loss":0},{"damage_healed":0,"gold_gain":0,"player_choice":"Obtained Book","damage_taken":16,"max_hp_gain":0,"max_hp_loss":0,"event_name":"Cursed Tome","floor":30,"gold_loss":0},{"damage_healed":0,"gold_gain":100,"player_choice":"Pray","damage_taken":0,"max_hp_gain":0,"max_hp_loss":0,"event_name":"Golden Shrine","floor":36,"gold_loss":0},{"damage_healed":0,"gold_gain":0,"player_choice":"Fight","damage_taken":0,"max_hp_gain":0,"max_hp_loss":0,"event_name":"Mysterious Sphere","floor":45,"gold_loss":0},{"cards_removed":["Strike_MRS"],"damage_healed":0,"gold_gain":0,"player_choice":"Removed Attack","damage_taken":0,"max_hp_gain":0,"max_hp_loss":0,"event_name":"Falling","floor":47,"gold_loss":0}],"is_beta":false,"boss_relics":[{"not_picked":["Runic Pyramid","Replay:Wanted Poster"],"picked":"hubris:Stopwatch"},{"not_picked":["hubris:CrackedHourglass","Honey Jar"],"picked":"hubris:GrandSneckoEye"}],"items_purged_floors":[42],"is_endless":false,"potions_floor_spawned":[7,18,22,24,27,29,38,40,41,48],"ascension_level":0}}