{"host":"g1tdpkncg0il0eds","time":1613494539,"event":{"mods":["BaseMod","Downfall","Friendly Minions","HumanHunterMod(怪物杀人mod)","Minty Spire (QoL Compilation)","Prisma Mod","Reimu（博丽灵梦）","Reliquary","Remilia（蕾米莉亚）","Replay The Spire","RumiaBox-露米娅的神秘盒子","Shop Mod","Spicy Shops","StSLib","TestMod","The Administrix","The Construct","The Servant 0.9.4","Youmu（魂魄妖梦）","noobMod","【功能Mod】聪明的最终Boss","【遗物卡牌】REMEMod"],"gold_per_floor":[99,63,63,121,121,121,121,128,141,164,64,92,2,12,28,133,133,33,53,67,9,19,26,26,26,26,164,190,206,106,32,52,156,156,156,167,181,195,0,0,25,25,41,41,55,63,63,95,105,105,105,131,18,18,18,18],"floor_reached":57,"language":"ZHS","playtime":3839,"items_purged":[],"score":1294,"play_id":"873d2199-d242-4617-aa40-15f68ec4ebbf","local_time":"20210217005539","is_ascension_mode":false,"campfire_choices":[{"floor":1,"key":"RECALL"},{"floor":11,"key":"REST"},{"data":"Slimebound:DouseInSlime","floor":18,"key":"SMITH"},{"data":"Slimebound:CorrosiveSpit","floor":30,"key":"SMITH"},{"data":"Slimebound:DuplicatedForm","floor":35,"key":"SMITH"}],"circlet_count":0,"master_deck":["Slimebound:Strike_Slimebound","Slimebound:Strike_Slimebound","Slimebound:Strike_Slimebound","Slimebound:Tackle","Slimebound:Defend_Slimebound","Slimebound:Defend_Slimebound","Slimebound:Defend_Slimebound","Slimebound:Defend_Slimebound","Slimebound:Split","Slimebound:CorrosiveSpit+1","Envenom","Slimebound:Chomp","Slimebound:SplitLeeching","Slimebound:SplitLeeching","construct:MetalShell","Slimebound:SplitAcid","Delirium","Slimebound:SlimeBrawl","Slimebound:GoopTackle","Slimebound:SamplingLick","construct:SiegeForm","Slimebound:Equalize","Slimebound:Prepare","Slimebound:SplitLeeching","Slimebound:GoopSpray","Slimebound:AcidTongue","Slimebound:DouseInSlime+1","Slimebound:Schlurp","Slimebound:LeechEnergy","Slimebound:LeadByExample","Slimebound:AcidTongue","Slimebound:TongueLash+1","Slimebound:ItLooksTasty","Writhe","Slimebound:TongueLash","Slimebound:LevelUp","Slimebound:Replication+1","Slimebound:RejuvenatingLick","testmod-ConditionedReflex+1","Slimebound:GoopTackle","Slimebound:SpikyOuterGoop","Slimebound:DuplicatedForm+1","Slimebound:SplitMire+1","Slimebound:MegaLick","Slimebound:WasteNot","expansioncontent:StudyTheSpire","Guardian:ConstructionForm","Slimebound:HauntingLick+1","Guardian:Gem_Green","Guardian:Gem_Orange","Slimebound:LeechingTouch","Slimebound:BestDefense","Guardian:Gem_Synthetic","Guardian:Gem_Cyan","MurderousAura","Slimebound:HauntingLick","Slimebound:SplitMire+1","After Image","Slimebound:RejuvenatingLick","Slimebound:Repurpose","Guardian:Gem_Cyan","Guardian:Gem_Yellow"],"relics":["Slimebound:AbsorbEndCombat","ice","testmod-TestBox","REME_ComplimentaryCards","testmod-HeartOfDaVinci","downfall:HeartsMalice","YidongShenshe:ReiMu","construct:Challenge2","construct:MasterCore","downfall:HeartBlessingRed","reliquary:PartyBalloon","Blue Doll","reliquary:RedCape","downfall:HeartBlessingGreen","Bottled Tornado","Ccalipers","Bag of Marbles","PreservedInsect","downfall:HeartBlessingBlue","Honey Jar","Guardian:PickAxe","m_SnakeCloak","REME_PoisonedDagger"],"acts_visited":["Exordium","TheCity","TheBeyond","TheEnding"],"potions_floor_usage":[10,10,10,10,10,16,21,21,27,27,48,48,56],"damage_taken":[{"damage":0,"enemies":"downfall:FleeingMerchant","floor":2,"turns":1},{"damage":0,"enemies":"Lagavulin Event","floor":4,"turns":1},{"damage":0,"enemies":"2 Louse","floor":6,"turns":1},{"damage":19,"enemies":"Jaw Worm","floor":8,"turns":6},{"damage":0,"enemies":"Cultist","floor":9,"turns":3},{"damage":34,"enemies":"3 Sentries","floor":10,"turns":7},{"damage":43,"enemies":"Lagavulin","floor":12,"turns":8},{"damage":6,"enemies":"downfall:FleeingMerchant","floor":13,"turns":4},{"damage":14,"enemies":"downfall:LooterAlt","floor":14,"turns":3},{"damage":8,"enemies":"Blue Slaver","floor":15,"turns":3},{"damage":8,"enemies":"SI_SHIV_ARCHETYPE","floor":16,"turns":6},{"damage":39,"enemies":"Chosen","floor":19,"turns":4},{"damage":24,"enemies":"Shell Parasite","floor":20,"turns":4},{"damage":6,"enemies":"downfall:FleeingMerchant","floor":21,"turns":4},{"damage":23,"enemies":"Centurion and Healer","floor":22,"turns":5},{"damage":23,"enemies":"Snake Plant","floor":23,"turns":5},{"damage":0,"enemies":"downfall:FleeingMerchant","floor":27,"turns":2},{"damage":0,"enemies":"3 Cultists","floor":29,"turns":5},{"damage":3,"enemies":"Snecko","floor":32,"turns":4},{"damage":13,"enemies":"DF_ARCHETYPE_CLAW","floor":33,"turns":6},{"damage":31,"enemies":"3 Darklings","floor":36,"turns":4},{"damage":26,"enemies":"3 Shapes","floor":37,"turns":4},{"damage":68,"enemies":"Jaw Worm Horde","floor":38,"turns":4},{"damage":42,"enemies":"Maw","floor":43,"turns":5},{"damage":39,"enemies":"4 Shapes","floor":45,"turns":3},{"damage":27,"enemies":"3 Darklings","floor":46,"turns":4},{"damage":19,"enemies":"R_Hoarder","floor":48,"turns":5},{"damage":51,"enemies":"Jaw Worm Horde","floor":49,"turns":5},{"damage":21,"enemies":"WA_ARCHETYPE_DIVINITY","floor":50,"turns":5},{"damage":27,"enemies":"downfall:CharBossMerchant","floor":52,"turns":6},{"damage":26,"enemies":"downfall:NeowBoss","floor":55,"turns":9},{"damage":61,"enemies":"downfall:NeowBossFinal","floor":56,"turns":7}],"seed_played":"4871782644986258580","potions_obtained":[{"floor":8,"key":"LiquidBronze"},{"floor":9,"key":"EntropicBrew"},{"floor":14,"key":"Fire Potion"},{"floor":15,"key":"LiquidMemories"},{"floor":16,"key":"testmod-TimePotion"},{"floor":20,"key":"SteroidPotion"},{"floor":22,"key":"Slimebound:SpawnSlimePotion"},{"floor":23,"key":"FearPotion"},{"floor":36,"key":"Swift Potion"},{"floor":46,"key":"SkillPotion"}],"is_trial":false,"path_per_floor":["R","$","?","?","?","M","T","M","M","E","R","E","$","M","M","B",null,"R","M","M","$","M","M","T","?","?","$","T","M","R","$","M","B",null,"R","M","M","M","$","?","T","$","M","R","M","M","R","E","M","B",null,"E","$","R","B","B",null],"character_chosen":"SLIMEBOUND","items_purchased":["Slimebound:SplitLeeching","Blue Doll","Slimebound:AcidTongue","Bag of Marbles","Slimebound:LevelUp","Slimebound:Replication+1","testmod-ConditionedReflex+1","Slimebound:GoopTackle","expansioncontent:StudyTheSpire","Slimebound:Repurpose"],"campfire_rested":1,"item_purchase_floors":[2,13,21,27,27,27,31,31,39,53],"current_hp_per_floor":[65,65,65,65,65,65,65,46,48,16,35,4,14,10,59,61,76,76,43,25,33,24,115,115,115,91,97,97,103,113,113,120,123,149,149,137,132,85,85,85,85,85,64,64,48,42,42,44,20,34,193,186,186,186,191,165],"gold":18,"neow_bonus":"THREE_ENEMY_KILL","is_daily":false,"chose_seed":false,"campfire_upgraded":3,"win_rate":0.0,"timestamp":1613494539,"path_taken":["R","$","?","?","?","M","T","M","M","E","R","E","$","M","M","BOSS","R","M","M","$","M","?","T","?","?","?","?","?","R","$","M","BOSS","R","M","M","M","$","?","T","$","M","R","M","M","R","E","M","BOSS","E","$","R","BOSS","BOSS"],"items_purchased_type":["Card","Relic","Card","Relic","Card","Card","Card","Card","Card","Card"],"build_version":"2020-12-22","purchased_purges":0,"victory":true,"max_hp_per_floor":[65,65,65,65,65,65,65,65,65,65,65,65,65,65,66,76,76,76,89,93,98,103,115,115,115,120,120,120,126,136,136,138,149,149,149,155,162,166,166,166,166,166,168,168,176,181,181,185,191,193,193,198,198,198,207,224],"card_choices":[{"not_picked":["Slimebound:ProtectTheBoss","Slimebound:LeadByExample"],"picked":"Slimebound:Chomp","floor":2},{"not_picked":["Slimebound:SlimeBarrage","Slimebound:HauntingLick"],"picked":"Slimebound:SplitAcid","floor":4},{"not_picked":["Slimebound:LeadByExample","Slimebound:AcidTongue"],"picked":"Slimebound:SlimeBrawl","floor":6},{"not_picked":["Slimebound:HauntingLick","Slimebound:FlameTackle"],"picked":"Slimebound:GoopTackle","floor":8},{"not_picked":["Slimebound:FinishingTackle","Slimebound:LeechEnergy"],"picked":"Slimebound:SamplingLick","floor":9},{"not_picked":["Slimebound:LeechLife","Slimebound:FlameTackle"],"picked":"Slimebound:Equalize","floor":10},{"not_picked":["Slimebound:SplitLeeching","Slimebound:SplitAcid"],"picked":"Slimebound:Prepare","floor":12},{"not_picked":["Slimebound:Grow","Slimebound:HauntingLick"],"picked":"Slimebound:SplitLeeching","floor":13},{"not_picked":["Slimebound:Prepare","Slimebound:Nibble"],"picked":"Slimebound:GoopSpray","floor":14},{"not_picked":["Slimebound:SlimeTap","Slimebound:HauntingLick"],"picked":"Slimebound:AcidTongue","floor":15},{"not_picked":["Slimebound:PrepareCrush","Slimebound:LeechLife"],"picked":"Slimebound:DouseInSlime","floor":16},{"not_picked":["Slimebound:Prepare+1","Slimebound:SlimeSpikes"],"picked":"Slimebound:Schlurp","floor":19},{"not_picked":["Slimebound:ProtectTheBoss","Slimebound:ItLooksTasty"],"picked":"Slimebound:LeechEnergy","floor":20},{"not_picked":["Slimebound:RejuvenatingLick","Slimebound:SplitLeeching+1"],"picked":"Slimebound:LeadByExample","floor":21},{"not_picked":["Slimebound:DouseInSlime","Slimebound:SplitBruiser"],"picked":"Slimebound:TongueLash","floor":22},{"not_picked":["Slimebound:LeechEnergy","Slimebound:FormOfPuddle"],"picked":"Slimebound:ItLooksTasty","floor":23},{"not_picked":["Slimebound:ComboTackle","Slimebound:LeechEnergy+1"],"picked":"Slimebound:TongueLash","floor":27},{"not_picked":["Slimebound:LeechEnergy","Slimebound:PressTheAttack"],"picked":"Slimebound:RejuvenatingLick","floor":29},{"not_picked":["Slimebound:ViciousTackle+1","Slimebound:Schlurp"],"picked":"Slimebound:SpikyOuterGoop","floor":32},{"not_picked":["Slimebound:SelfFormingGoo","Slimebound:PrepareCrush"],"picked":"Slimebound:DuplicatedForm","floor":33},{"not_picked":["Slimebound:LeechingTouch+1","Slimebound:AcidTongue","Slimebound:SlimeBarrage+1"],"picked":"Slimebound:SplitMire+1","floor":36},{"not_picked":["Slimebound:ForwardTackle","Slimebound:Schlurp","Slimebound:PressTheAttack"],"picked":"Slimebound:MegaLick","floor":37},{"not_picked":["Slimebound:Schlurp+1","Slimebound:GoopTackle","Slimebound:SlimeSpikes+1"],"picked":"Slimebound:WasteNot","floor":38},{"not_picked":["Slimebound:SplitAcid","Slimebound:FinishingTackle","Slimebound:LeechEnergy+1"],"picked":"Slimebound:HauntingLick+1","floor":43},{"not_picked":["Slimebound:LeechEnergy","Slimebound:PressTheAttack","Slimebound:SelfFormingGoo"],"picked":"Slimebound:LeechingTouch","floor":45},{"not_picked":["Slimebound:TongueLash","Slimebound:SplitMire","Slimebound:SlimeBrawl+1"],"picked":"Slimebound:BestDefense","floor":46},{"not_picked":["Slimebound:SplitAcid","Slimebound:Prepare+1","Slimebound:ProtectTheBoss+1"],"picked":"Slimebound:HauntingLick","floor":48},{"not_picked":["Slimebound:SlimeSpikes+1","Slimebound:GoopTackle","Slimebound:RollThrough"],"picked":"Slimebound:SplitMire+1","floor":49},{"not_picked":["Slimebound:Prepare+1","Slimebound:LeechEnergy+1","Slimebound:SpikyOuterGoop+1"],"picked":"Slimebound:RejuvenatingLick","floor":52}],"player_experience":225891,"relics_obtained":[{"floor":4,"key":"construct:Challenge2"},{"floor":10,"key":"construct:MasterCore"},{"floor":12,"key":"reliquary:PartyBalloon"},{"floor":24,"key":"Bottled Tornado"},{"floor":28,"key":"PreservedInsect"},{"floor":41,"key":"Guardian:PickAxe"},{"floor":48,"key":"m_SnakeCloak"},{"floor":52,"key":"REME_PoisonedDagger"}],"event_choices":[{"damage_healed":0,"gold_gain":0,"player_choice":"带走神社","damage_taken":0,"relics_obtained":["YidongShenshe:ReiMu"],"max_hp_gain":0,"max_hp_loss":0,"event_name":"yidonshenshe","floor":3,"gold_loss":0,"cards_obtained":["Poor:ReiMu"]}],"is_beta":false,"boss_relics":[{"not_picked":["ReplayTheSpireMod:DimensionalGlitch","reliquary:Ember"],"picked":"reliquary:RedCape"},{"not_picked":["Replay:Drink Me","testmod-NegativeEmotionEnhancer"],"picked":"Honey Jar"}],"items_purged_floors":[],"is_endless":false,"potions_floor_spawned":[8,9,14,15,16,20,22,23,36,46],"ascension_level":0}}