{"host":"kh6fvhxn285ncg0o","time":1613466305,"event":{"mods":["Act Like it!","BaseMod","Colored Map","Friendly Minions","Keyboard Shortcuts","Minty Spire (QoL Compilation)","Quick Restart","Relic Stats","StSLib","SuperFastMode","UnlockEverythingMod"],"gold_per_floor":[115,115,131,131,56,90,114,148,148,168,186,186,186,227,227,227,227],"floor_reached":16,"language":"KOR","playtime":292,"items_purged":["Strike_R"],"score":290,"play_id":"85eaa463-832c-4d4c-a253-02903672a134","local_time":"20210216180505","is_ascension_mode":true,"campfire_choices":[{"floor":12.0,"key":"REST"},{"data":"Battle Trance","floor":15.0,"key":"SMITH"}],"circlet_count":0,"master_deck":["AscendersBane","Strike_R","Strike_R","Strike_R","Strike_R","Defend_R","Defend_R","Defend_R","Defend_R","Bash","Carnage","Battle Trance+1","Second Wind","Body Slam+1","Barricade"],"relics":["Burning Blood","NeowsBlessing","Golden Idol","Shuriken","Matryoshka","Molten Egg 2","Smiling Mask","Singing Bowl","Bag of Marbles"],"acts_visited":["Exordium"],"potions_floor_usage":[16],"damage_taken":[{"damage":0.0,"enemies":"Small Slimes","floor":1.0,"turns":1.0},{"damage":0.0,"enemies":"2 Louse","floor":3.0,"turns":1.0},{"damage":0.0,"enemies":"Lagavulin","floor":6.0,"turns":1.0},{"damage":12.0,"enemies":"Jaw Worm","floor":7.0,"turns":2.0},{"damage":45.0,"enemies":"3 Sentries","floor":8.0,"turns":12.0},{"damage":17.0,"enemies":"Gremlin Gang","floor":10.0,"turns":4.0},{"damage":1.0,"enemies":"2 Fungi Beasts","floor":11.0,"turns":3.0},{"damage":8.0,"enemies":"Gremlin Nob","floor":14.0,"turns":3.0},{"damage":43,"enemies":"Hexaghost","floor":16,"turns":9}],"seed_played":"-4934281170206087445","potions_obtained":[{"floor":6.0,"key":"BloodPotion"},{"floor":8.0,"key":"BlessingOfTheForge"},{"floor":11.0,"key":"Dexterity Potion"}],"is_trial":false,"path_per_floor":["M","?","M","?","$","E","M","E","T","M","M","R","?","E","R","B"],"character_chosen":"IRONCLAD","items_purchased":[],"campfire_rested":1,"item_purchase_floors":[],"current_hp_per_floor":[74,48,54,43,43,49,43,19,19,10,17,40,40,38,38,0,0],"gold":227,"neow_bonus":"THREE_ENEMY_KILL","is_daily":false,"chose_seed":false,"campfire_upgraded":1,"win_rate":0.0,"timestamp":1613466305,"path_taken":["M","?","M","?","$","E","M","E","T","?","?","R","?","E","R","BOSS"],"items_purchased_type":[],"build_version":"2020-12-22","purchased_purges":1,"victory":false,"max_hp_per_floor":[75,75,75,75,75,75,75,75,75,77,79,79,79,79,79,79,79],"relic_stats":{"Singing Bowl":4,"counters":[9,36],"Golden Idol":38,"Shuriken":[6],"Smiling Mask":0,"obtain_stats":[{"Matryoshka":6,"NeowsBlessing":0,"Singing Bowl":9,"Golden Idol":2,"Shuriken":4,"Molten Egg 2":8,"Bag of Marbles":14,"Smiling Mask":9,"Burning Blood":0},{"Matryoshka":3,"NeowsBlessing":0,"Singing Bowl":5,"Golden Idol":1,"Shuriken":2,"Molten Egg 2":5,"Bag of Marbles":8,"Smiling Mask":5,"Burning Blood":0},{"Matryoshka":3,"NeowsBlessing":0,"Singing Bowl":17,"Golden Idol":1,"Shuriken":2,"Molten Egg 2":17,"Bag of Marbles":27,"Smiling Mask":17,"Burning Blood":0}],"Burning Blood":48},"card_choices":[{"not_picked":["Iron Wave","Clash"],"picked":"Carnage","floor":1.0},{"not_picked":["Reckless Charge","Shockwave"],"picked":"Battle Trance","floor":6.0},{"not_picked":["Perfected Strike","Disarm"],"picked":"Second Wind","floor":7.0},{"not_picked":["Heavy Blade+1","Havoc"],"picked":"Body Slam+1","floor":8.0},{"not_picked":["Twin Strike+1","Wild Strike+1","Heavy Blade+1"],"picked":"Singing Bowl","floor":10.0},{"not_picked":["Iron Wave+1","Body Slam+1","Perfected Strike+1"],"picked":"Singing Bowl","floor":11.0},{"not_picked":["Iron Wave+1","Searing Blow+1"],"picked":"Barricade","floor":14.0}],"player_experience":1432788,"relics_obtained":[{"floor":6.0,"key":"Matryoshka"},{"floor":8.0,"key":"Molten Egg 2"},{"floor":9.0,"key":"Smiling Mask"},{"floor":9.0,"key":"Singing Bowl"},{"floor":14.0,"key":"Bag of Marbles"}],"event_choices":[{"damage_healed":0.0,"max_hp_gain":0.0,"max_hp_loss":0.0,"gold_gain":0.0,"event_name":"Golden Idol","player_choice":"Take Damage","floor":2.0,"gold_loss":0.0,"damage_taken":26.0,"relics_obtained":["Golden Idol"]},{"damage_healed":0.0,"max_hp_gain":0.0,"max_hp_loss":0.0,"gold_gain":0.0,"event_name":"Scrap Ooze","player_choice":"Success","floor":4.0,"gold_loss":0.0,"damage_taken":11.0,"relics_obtained":["Shuriken"]},{"damage_healed":0.0,"max_hp_gain":0.0,"max_hp_loss":0.0,"gold_gain":0.0,"event_name":"Liars Game","player_choice":"Ignored","floor":13.0,"gold_loss":0.0,"damage_taken":0.0}],"is_beta":false,"boss_relics":[],"items_purged_floors":[5],"is_endless":false,"potions_floor_spawned":[6,8,11],"killed_by":"Hexaghost","ascension_level":20}}