{"host":"xr2w6q7a088fu8w2","time":1613480099,"event":{"mods":["AchievementEnabler","BaseMod","Colored Powertips","Minty Spire (QoL Compilation)","MostiFishMod","Relic Filter Mod","Reliquary","StSLib"],"gold_per_floor":[110,125,75,75,0,0,11,11,11,11,31,45,45,45,45,148,148,148],"floor_reached":17,"language":"ZHS","playtime":284,"items_purged":["Defend_G"],"score":145,"play_id":"37cbbfaf-b67e-414e-affc-5303d5546864","local_time":"20210216205459","daily_mods":["Vintage","Heirloom","Time Dilation"],"is_ascension_mode":false,"campfire_choices":[{"data":"Neutralize","floor":6,"key":"SMITH"},{"data":"Survivor","floor":8,"key":"SMITH"},{"data":"Strike_G","floor":13,"key":"SMITH"},{"data":"Strike_G","floor":15,"key":"SMITH"}],"circlet_count":0,"master_deck":["Strike_G","Strike_G+1","Strike_G+1","Strike_G+1","Strike_G+1","Defend_G","Defend_G","Defend_G","Survivor+1","Neutralize+1"],"relics":["Ring of the Snake","DaveBox","SentryEyes","CombinedTypeHook","Lizard Tail","SynthV:TestCard","Pantograph","reliquary:Buckler","StoneCalendar","Pocketwatch","reliquary:TridentHead","reliquary:Stiletto","RhineFirstAidKit"],"acts_visited":["Exordium","TheCity"],"potions_floor_usage":[11,16,16],"damage_taken":[{"damage":0,"enemies":"Cultist","floor":1,"turns":2},{"damage":0,"enemies":"2 Louse","floor":2,"turns":1},{"damage":0,"enemies":"Small Slimes","floor":7,"turns":2},{"damage":0,"enemies":"Red Slaver","floor":11,"turns":1},{"damage":0,"enemies":"Exordium Wildlife","floor":12,"turns":2},{"damage":8,"enemies":"Hexaghost","floor":16,"turns":4}],"seed_played":"6838681235451757044","potions_obtained":[{"floor":1,"key":"CunningPotion"},{"floor":7,"key":"Fire Potion"},{"floor":12,"key":"PowerPotion"}],"is_trial":true,"path_per_floor":["M","M","?","?","$","R","M","R","T","?","M","M","R","$","R","B",null],"character_chosen":"THE_SILENT","items_purchased":[],"campfire_rested":0,"item_purchase_floors":[],"current_hp_per_floor":[70,70,70,70,70,70,70,70,70,67,67,67,67,67,67,62,70,70],"gold":148,"neow_bonus":"","is_daily":false,"chose_seed":false,"campfire_upgraded":4,"win_rate":0.0,"timestamp":1613480099,"path_taken":["M","M","?","?","$","R","M","R","T","?","M","M","R","$","R","BOSS"],"items_purchased_type":[],"build_version":"2020-12-22","purchased_purges":1,"victory":false,"max_hp_per_floor":[70,70,70,70,70,70,70,70,70,70,70,70,70,70,70,70,70,70],"card_choices":[],"player_experience":97338,"relics_obtained":[{"floor":1,"key":"Lizard Tail"},{"floor":1,"key":"SynthV:TestCard"},{"floor":2,"key":"Pantograph"},{"floor":7,"key":"reliquary:Buckler"},{"floor":9,"key":"StoneCalendar"},{"floor":11,"key":"reliquary:TridentHead"},{"floor":12,"key":"reliquary:Stiletto"}],"event_choices":[{"cards_removed":["Defend_G"],"damage_healed":0,"gold_gain":0,"player_choice":"Card Removal","damage_taken":0,"max_hp_gain":0,"max_hp_loss":0,"event_name":"The Cleric","floor":3,"gold_loss":50},{"damage_healed":0,"gold_gain":0,"player_choice":"Ignored","damage_taken":0,"max_hp_gain":0,"max_hp_loss":0,"event_name":"Golden Idol","floor":4,"gold_loss":0},{"damage_healed":0,"gold_gain":0,"player_choice":"Success","damage_taken":3,"relics_obtained":["Pocketwatch"],"max_hp_gain":0,"max_hp_loss":0,"event_name":"Scrap Ooze","floor":10,"gold_loss":0}],"is_beta":false,"boss_relics":[{"not_picked":["Velvet Choker","Astrolabe"],"picked":"RhineFirstAidKit"}],"items_purged_floors":[5],"is_endless":true,"potions_floor_spawned":[1,7,12],"ascension_level":0}}