{"host":"baymyijz6sxaqj5s","time":1613463868,"event":{"mods":["AchievementEnabler","BaseMod","Colored Map","Colored Powertips","DeckTracker","Highlight Path","KOR Keyword Fix","Keyboard Shortcuts","Minty Spire (QoL Compilation)","StSLib","SuperFastMode","everything is the same but u backflip on backflip"],"gold_per_floor":[117,131,146,197,209,209,268,268,268,268,283,293,138,138,138,234,284,302,315,315,327,338,338,354,372,372,382,382,382],"floor_reached":28,"language":"KOR","playtime":926,"items_purged":["Strike_R"],"score":302,"play_id":"9fa60b5d-afc7-4a62-b9f6-dfbbe9a86ad8","local_time":"20210216172428","is_ascension_mode":true,"campfire_choices":[{"data":"Heavy Blade","floor":6,"key":"SMITH"},{"floor":10,"key":"REST"},{"floor":15,"key":"REST"},{"floor":23,"key":"REST"}],"circlet_count":0,"master_deck":["Strike_R","Strike_R","Strike_R","Strike_R","Defend_R","Defend_R","Defend_R","Defend_R","Bash","Battle Trance","Thunderclap","Heavy Blade+1","Demon Form","Body Slam","Impervious","Reaper+1","Flame Barrier","Barricade","Whirlwind"],"relics":["Burning Blood","Pantograph","Orichalcum","Tiny House","Shuriken"],"acts_visited":["Exordium","TheCity"],"potions_floor_usage":[7,16,18,22,25,27,28],"damage_taken":[{"damage":16,"enemies":"Jaw Worm","floor":1,"turns":4},{"damage":0,"enemies":"Small Slimes","floor":2,"turns":3},{"damage":6,"enemies":"Cultist","floor":3,"turns":4},{"damage":26,"enemies":"Looter","floor":5,"turns":4},{"damage":28,"enemies":"Lagavulin Event","floor":7,"turns":4},{"damage":14,"enemies":"Exordium Thugs","floor":11,"turns":4},{"damage":20,"enemies":"3 Louse","floor":12,"turns":5},{"damage":13,"enemies":"The Guardian","floor":16,"turns":8},{"damage":8,"enemies":"3 Byrds","floor":18,"turns":4},{"damage":43,"enemies":"Spheric Guardian","floor":19,"turns":6},{"damage":23,"enemies":"3 Cultists","floor":21,"turns":6},{"damage":7,"enemies":"Centurion and Healer","floor":22,"turns":4},{"damage":51,"enemies":"Chosen and Byrds","floor":24,"turns":7},{"damage":23,"enemies":"Snecko","floor":25,"turns":6},{"damage":32,"enemies":"Centurion and Healer","floor":27,"turns":9},{"damage":12,"enemies":"Cultist and Chosen","floor":28,"turns":3}],"seed_played":"4208016809341076611","potions_obtained":[{"floor":2,"key":"ElixirPotion"},{"floor":5,"key":"PowerPotion"},{"floor":11,"key":"PowerPotion"},{"floor":17,"key":"SkillPotion"},{"floor":19,"key":"ColorlessPotion"},{"floor":21,"key":"DuplicationPotion"},{"floor":25,"key":"Fire Potion"},{"floor":27,"key":"Swift Potion"}],"is_trial":false,"path_per_floor":["M","M","M","?","M","R","?","?","T","R","M","M","$","?","R","B",null,"M","M","?","M","M","R","M","M","T","M","M"],"character_chosen":"IRONCLAD","items_purchased":["Impervious"],"campfire_rested":3,"item_purchase_floors":[13],"current_hp_per_floor":[78,84,84,84,64,64,42,47,47,74,66,52,52,52,79,86,98,96,59,59,42,51,80,35,28,28,12,0,0],"gold":382,"neow_bonus":"TEN_PERCENT_HP_BONUS","is_daily":false,"chose_seed":false,"campfire_upgraded":1,"win_rate":0.0,"timestamp":1613463868,"path_taken":["M","M","M","?","M","R","?","?","T","R","M","M","$","?","R","BOSS","M","M","?","M","M","R","M","M","T","M","M"],"items_purchased_type":["Card"],"build_version":"2020-12-22","purchased_purges":1,"victory":false,"max_hp_per_floor":[88,88,88,88,88,88,88,93,93,93,93,93,93,93,93,93,98,98,98,98,98,98,98,98,98,98,98,98,98],"card_choices":[{"not_picked":["Twin Strike","Warcry"],"picked":"Battle Trance","floor":1},{"not_picked":["Uppercut","Evolve"],"picked":"Thunderclap","floor":2},{"not_picked":["Flex","Pommel Strike"],"picked":"Heavy Blade","floor":3},{"not_picked":["Wild Strike","Twin Strike","Clash"],"picked":"SKIP","floor":5},{"not_picked":["Flex","Iron Wave"],"picked":"Demon Form","floor":7},{"not_picked":["Iron Wave","Intimidate","Feel No Pain"],"picked":"SKIP","floor":11},{"not_picked":["Headbutt","Armaments"],"picked":"Body Slam","floor":12},{"not_picked":["Demon Form","Exhume"],"picked":"Reaper","floor":16},{"not_picked":["Headbutt","Sword Boomerang"],"picked":"Flame Barrier","floor":17},{"not_picked":["Warcry","Twin Strike","Uppercut"],"picked":"SKIP","floor":18},{"not_picked":["Warcry+1","Sever Soul","Perfected Strike"],"picked":"SKIP","floor":19},{"not_picked":["Searing Blow+1","Anger+1","Battle Trance"],"picked":"SKIP","floor":21},{"not_picked":["Warcry","Sword Boomerang+1"],"picked":"Barricade","floor":22},{"not_picked":["Heavy Blade","Evolve+1"],"picked":"Whirlwind","floor":24},{"not_picked":["Hemokinesis+1","Clothesline","Perfected Strike+1"],"picked":"SKIP","floor":25},{"not_picked":["Flex","Headbutt+1","Warcry"],"picked":"SKIP","floor":27}],"player_experience":94745,"relics_obtained":[{"floor":9,"key":"Orichalcum"},{"floor":26,"key":"Shuriken"}],"event_choices":[{"damage_healed":0,"gold_gain":51,"player_choice":"Gained Gold","damage_taken":0,"max_hp_gain":0,"max_hp_loss":0,"event_name":"Golden Wing","floor":4,"gold_loss":0},{"damage_healed":0,"gold_gain":30,"player_choice":"Searched \u00273\u0027 times","damage_taken":0,"relics_obtained":["Pantograph"],"max_hp_gain":0,"max_hp_loss":0,"event_name":"Dead Adventurer","floor":7,"gold_loss":0},{"damage_healed":0,"gold_gain":0,"player_choice":"Donut","damage_taken":0,"max_hp_gain":5,"max_hp_loss":0,"event_name":"Big Fish","floor":8,"gold_loss":0},{"damage_healed":0,"gold_gain":0,"player_choice":"Ignored","damage_taken":0,"max_hp_gain":0,"max_hp_loss":0,"event_name":"Golden Idol","floor":14,"gold_loss":0},{"damage_healed":0,"gold_gain":0,"player_choice":"0 cards matched","damage_taken":0,"max_hp_gain":0,"max_hp_loss":0,"event_name":"Match and Keep!","floor":20,"gold_loss":0,"cards_obtained":[]}],"is_beta":false,"boss_relics":[{"not_picked":["Busted Crown","Velvet Choker"],"picked":"Tiny House"}],"items_purged_floors":[13],"is_endless":false,"potions_floor_spawned":[2,5,11,19,21,25,27],"killed_by":"Cultist and Chosen","ascension_level":3}}