{"host":"0xtpc43j5kblke7u","time":1613450618,"event":{"mods":["AchievementEnabler","BaseMod","Colored Map","Highlight Path","Minty Spire (QoL Compilation)"],"gold_per_floor":[110,110,121,121,67,67,101,113,151,207,239,294,321,333,333],"floor_reached":14,"language":"ENG","playtime":464,"items_purged":[],"score":200,"play_id":"a3a43042-647b-4acc-91c7-6611fe7de4a8","local_time":"20210215234338","is_ascension_mode":true,"campfire_choices":[{"data":"Neutralize","floor":6,"key":"SMITH"},{"data":"Flechettes","floor":8,"key":"SMITH"}],"circlet_count":0,"master_deck":["AscendersBane","Strike_G","Strike_G","Strike_G","Strike_G","Strike_G","Defend_G","Defend_G","Defend_G+1","Defend_G+1","Defend_G","Survivor","Neutralize+1","Flechettes+1","Flying Knee","PiercingWail","Cloak And Dagger","Quick Slash","Dagger Throw","Outmaneuver"],"relics":["Ring of the Snake","NeowsBlessing","Golden Idol","MawBank","Orichalcum","Kunai","The Specimen"],"acts_visited":["Exordium"],"potions_floor_usage":[12,14,14],"damage_taken":[{"damage":0,"enemies":"Small Slimes","floor":1,"turns":1},{"damage":0,"enemies":"2 Louse","floor":3,"turns":1},{"damage":0,"enemies":"3 Sentries","floor":7,"turns":2},{"damage":32,"enemies":"Lagavulin","floor":10,"turns":7},{"damage":0,"enemies":"Jaw Worm","floor":11,"turns":2},{"damage":12,"enemies":"Gremlin Nob","floor":12,"turns":5},{"damage":0,"enemies":"Looter","floor":13,"turns":3},{"damage":7,"enemies":"Lagavulin","floor":14,"turns":3}],"seed_played":"500278383675664495","potions_obtained":[{"floor":3,"key":"Dexterity Potion"},{"floor":10,"key":"LiquidMemories"},{"floor":13,"key":"GamblersBrew"}],"is_trial":false,"path_per_floor":["M","?","M","?","$","R","E","R","T","E","M","E","M","E"],"character_chosen":"THE_SILENT","items_purchased":["Flying Knee"],"campfire_rested":0,"item_purchase_floors":[5],"current_hp_per_floor":[63,49,49,49,49,49,49,49,49,17,17,5,5,0,0],"gold":333,"neow_bonus":"THREE_ENEMY_KILL","is_daily":false,"chose_seed":false,"campfire_upgraded":2,"win_rate":0.0,"timestamp":1613450618,"path_taken":["M","?","M","?","$","R","E","R","T","E","M","E","M","E"],"items_purchased_type":["Card"],"build_version":"2020-12-22","purchased_purges":0,"victory":false,"max_hp_per_floor":[70,70,70,65,65,65,65,65,65,65,65,65,65,65,65],"card_choices":[{"not_picked":["Sucker Punch","Expertise"],"picked":"Flechettes","floor":1},{"not_picked":["Bane","Finisher","Heel Hook"],"picked":"SKIP","floor":3},{"not_picked":["Terror","Predator"],"picked":"PiercingWail","floor":7},{"not_picked":["Dodge and Roll","Grand Finale"],"picked":"Cloak And Dagger","floor":10},{"not_picked":["Backflip","Flying Knee"],"picked":"Quick Slash","floor":11},{"not_picked":["Caltrops","Quick Slash"],"picked":"Dagger Throw","floor":12},{"not_picked":["Slice","Prepared"],"picked":"Outmaneuver","floor":13}],"player_experience":688278,"relics_obtained":[{"floor":7,"key":"MawBank"},{"floor":9,"key":"Orichalcum"},{"floor":10,"key":"Kunai"},{"floor":12,"key":"The Specimen"}],"event_choices":[{"damage_healed":0,"gold_gain":0,"player_choice":"Entered Light","damage_taken":14,"max_hp_gain":0,"max_hp_loss":0,"event_name":"Shining Light","floor":2,"gold_loss":0,"cards_upgraded":["Defend_G","Defend_G"]},{"damage_healed":0,"gold_gain":0,"player_choice":"Lose Max HP","damage_taken":0,"relics_obtained":["Golden Idol"],"max_hp_gain":0,"max_hp_loss":5,"event_name":"Golden Idol","floor":4,"gold_loss":0}],"is_beta":false,"boss_relics":[],"items_purged_floors":[],"is_endless":false,"potions_floor_spawned":[3,10,13],"killed_by":"Lagavulin","ascension_level":10}}