{"host":"2c84cb4cp1emursg","time":1613459874,"event":{"mods":["Act Like it!","BaseMod","Better Third Choice","Bossed Relics","Hermit","Mimic Mod","Minty Spire (QoL Compilation)","Permanent Neow","StSLib"],"gold_per_floor":[113,123,139,151,101,129,147,147,147],"floor_reached":8,"language":"ENG","playtime":447,"items_purged":[],"score":75,"play_id":"7c0fc06b-feb5-46ff-b34a-11bdc47cc82a","local_time":"20210216001754","is_ascension_mode":true,"campfire_choices":[],"circlet_count":0,"master_deck":["Strike_G","Strike_G","Strike_G","Strike_G","Defend_G","Defend_G","Defend_G","Defend_G","Defend_G","Survivor","Neutralize","Dagger Spray","Outmaneuver","Quick Slash","Backflip","Backflip","Calculated Gamble"],"relics":["Ring of the Snake","Ice Cream","Smiling Mask"],"acts_visited":["Exordium"],"potions_floor_usage":[6,8],"damage_taken":[{"damage":1,"enemies":"Small Slimes","floor":1,"turns":4},{"damage":4,"enemies":"Jaw Worm","floor":2,"turns":4},{"damage":0,"enemies":"Cultist","floor":3,"turns":3},{"damage":9,"enemies":"Looter","floor":4,"turns":4},{"damage":19,"enemies":"3 Sentries","floor":6,"turns":7},{"damage":5,"enemies":"2 Fungi Beasts","floor":7,"turns":4},{"damage":27,"enemies":"Lagavulin","floor":8,"turns":6}],"seed_played":"-7897302103383812168","potions_obtained":[{"floor":2,"key":"LiquidBronze"},{"floor":3,"key":"Ancient Potion"},{"floor":7,"key":"FearPotion"}],"is_trial":false,"path_per_floor":["M","M","M","M","?","E","M","E"],"character_chosen":"THE_SILENT","items_purchased":[],"campfire_rested":0,"item_purchase_floors":[],"current_hp_per_floor":[62,58,58,49,49,30,25,0,0],"gold":147,"neow_bonus":"ONE_RARE_RELIC","is_daily":false,"chose_seed":false,"campfire_upgraded":0,"win_rate":0.0,"timestamp":1613459874,"path_taken":["M","M","M","M","?","E","M","E"],"items_purchased_type":[],"build_version":"2020-12-22","purchased_purges":0,"victory":false,"max_hp_per_floor":[63,63,63,63,63,63,63,63,63],"card_choices":[{"not_picked":["Dodge and Roll","Cloak And Dagger"],"picked":"Dagger Spray","floor":1},{"not_picked":["Setup","Prepared"],"picked":"Outmaneuver","floor":2},{"not_picked":["Underhanded Strike","Escape Plan"],"picked":"Quick Slash","floor":3},{"not_picked":["Bane","All Out Attack"],"picked":"Backflip","floor":4},{"not_picked":["Accuracy","Outmaneuver"],"picked":"Backflip","floor":6},{"not_picked":["Riddle With Holes","Slice"],"picked":"Calculated Gamble","floor":7}],"player_experience":492929,"relics_obtained":[{"floor":6,"key":"Smiling Mask"}],"event_choices":[{"cards_removed":["Strike_G"],"damage_healed":0,"gold_gain":0,"player_choice":"Card Removal","damage_taken":0,"max_hp_gain":0,"max_hp_loss":0,"event_name":"The Cleric","floor":5,"gold_loss":50}],"is_beta":false,"boss_relics":[],"items_purged_floors":[],"is_endless":false,"potions_floor_spawned":[2,3,7],"killed_by":"Lagavulin","ascension_level":5}}