{"host":"rw1trt79hfpl7pom","time":1613448418,"event":{"mods":["BaseMod","Bestiary","Colored Map","Jorbs\u0027s Wanderer Trilogy","Minty Spire (QoL Compilation)","Relic Stats","StSLib","SuperFastMode"],"gold_per_floor":[15,33,33,33,33,33,52,52,52,86,110,146,164,200,200,298,298,318,342,342,342,342,367,41,41,68,68,96,115,115,127,127,201,201,219,57,74,85,0,34,50,50,50,76,76,109,109,122,122,122,122,122,122,42,42,42],"floor_reached":55,"language":"ENG","playtime":3361,"items_purged":["stsjorbsmod:Strike_Wanderer"],"score":2176,"play_id":"79d466e0-4e03-493d-8f73-6f3a119a1f12","local_time":"20210215200658","is_ascension_mode":true,"campfire_choices":[{"data":"stsjorbsmod:MirrorImage","floor":6.0,"key":"SMITH"},{"floor":15.0,"key":"DIG"},{"data":"stsjorbsmod:Inferno","floor":25.0,"key":"SMITH"},{"data":"stsjorbsmod:Inferno","floor":27.0,"key":"SMITH"},{"floor":30.0,"key":"DIG"},{"floor":32.0,"key":"DIG"},{"floor":42.0,"key":"RECALL"},{"floor":45.0,"key":"DIG"},{"floor":47.0,"key":"DIG"},{"floor":49.0,"key":"DIG"},{"data":"stsjorbsmod:Hibernate","floor":53,"key":"SMITH"}],"circlet_count":0,"master_deck":["AscendersBane","stsjorbsmod:ForbiddenGrimoire+1","stsjorbsmod:Strike_Wanderer+1","stsjorbsmod:Defend_Wanderer+1","stsjorbsmod:Defend_Wanderer","stsjorbsmod:FreshAdventure","stsjorbsmod:EyeOfTheStorm","stsjorbsmod:DeathThroes","stsjorbsmod:MirrorImage+1","stsjorbsmod:ScorchingRay","stsjorbsmod:TinyHut","stsjorbsmod:Counterspell+1","stsjorbsmod:Hibernate+1","stsjorbsmod:HedgeWizard","stsjorbsmod:ScorchingRay","stsjorbsmod:Rest","stsjorbsmod:ScorchingRay","stsjorbsmod:Pyromancy","stsjorbsmod:Introspection","stsjorbsmod:Inferno+1","J.A.X.","stsjorbsmod:Inferno+1","stsjorbsmod:Stalwart","stsjorbsmod:WanderingMind","stsjorbsmod:FindFamiliar","stsjorbsmod:ArcaneForm","stsjorbsmod:WeightOfMemory","stsjorbsmod:WeightOfMemory+1","stsjorbsmod:MageArmor","stsjorbsmod:FlameWard","stsjorbsmod:Withdraw"],"relics":["stsjorbsmod:GrimoireRelic","Bloody Idol","stsjorbsmod:MindGlassRelic","Pantograph","Shovel","Akabeko","Coffee Dripper","Nilry\u0027s Codex","Dead Branch","DollysMirror","Nunchaku","MealTicket","Centennial Puzzle","Snecko Eye","Oddly Smooth Stone","Red Mask","Whetstone","stsjorbsmod:BottledMemoryRelic","Happy Flower","War Paint","StoneCalendar","Anchor","Shuriken"],"acts_visited":["Exordium","TheCity","TheBeyond","TheEnding"],"potions_floor_usage":[],"damage_taken":[{"damage":5.0,"enemies":"Small Slimes","floor":1.0,"turns":3.0},{"damage":0.0,"enemies":"2 Louse","floor":2.0,"turns":1.0},{"damage":0.0,"enemies":"Cultist","floor":7.0,"turns":3.0},{"damage":19.0,"enemies":"3 Sentries","floor":10.0,"turns":7.0},{"damage":0.0,"enemies":"3 Louse","floor":11.0,"turns":1.0},{"damage":11.0,"enemies":"Lagavulin","floor":12.0,"turns":7.0},{"damage":0.0,"enemies":"Exordium Wildlife","floor":13.0,"turns":3.0},{"damage":20.0,"enemies":"Gremlin Nob","floor":14.0,"turns":6.0},{"damage":16.0,"enemies":"Slime Boss","floor":16.0,"turns":9.0},{"damage":0.0,"enemies":"Chosen","floor":18.0,"turns":5.0},{"damage":7.0,"enemies":"Shell Parasite","floor":19.0,"turns":6.0},{"damage":3.0,"enemies":"Gremlin Leader","floor":23.0,"turns":4.0},{"damage":9.0,"enemies":"Book of Stabbing","floor":28.0,"turns":2.0},{"damage":6.0,"enemies":"3 Cultists","floor":29.0,"turns":3.0},{"damage":3.0,"enemies":"Snake Plant","floor":31.0,"turns":4.0},{"damage":55.0,"enemies":"Collector","floor":33.0,"turns":6.0},{"damage":15.0,"enemies":"3 Darklings","floor":35.0,"turns":7.0},{"damage":5.0,"enemies":"Orb Walker","floor":37.0,"turns":2.0},{"damage":0.0,"enemies":"Maw","floor":38.0,"turns":2.0},{"damage":0.0,"enemies":"Reptomancer","floor":40.0,"turns":4.0},{"damage":7.0,"enemies":"Writhing Mass","floor":41.0,"turns":3.0},{"damage":0.0,"enemies":"Nemesis","floor":44.0,"turns":2.0},{"damage":9.0,"enemies":"Reptomancer","floor":46.0,"turns":4.0},{"damage":0.0,"enemies":"Sphere and 2 Shapes","floor":48.0,"turns":4.0},{"damage":45.0,"enemies":"Donu and Deca","floor":50.0,"turns":7.0},{"damage":14.0,"enemies":"Time Eater","floor":51.0,"turns":7.0},{"damage":67,"enemies":"Shield and Spear","floor":55,"turns":5}],"seed_played":"-4198242764998118001","potions_obtained":[{"floor":1.0,"key":"DuplicationPotion"},{"floor":2.0,"key":"DuplicationPotion"},{"floor":11.0,"key":"PowerPotion"},{"floor":16.0,"key":"Block Potion"},{"floor":29.0,"key":"Block Potion"}],"is_trial":false,"path_per_floor":["M","M","?","?","?","R","M","?","T","E","M","E","M","E","R","B",null,"M","M","?","?","?","E","$","R","T","R","E","M","R","M","R","B",null,"M","$","M","M","?","E","M","R","T","E","R","E","R","M","R","B","B",null,"R","$","E"],"character_chosen":"WANDERER","items_purchased":["DollysMirror","Regen Potion","Oddly Smooth Stone","stsjorbsmod:Withdraw"],"campfire_rested":0,"item_purchase_floors":[24,24,36,54],"current_hp_per_floor":[55,55,55,60,60,60,61,61,61,43,43,32,33,15,15,24,53,55,50,50,50,29,31,31,31,36,36,41,41,41,46,46,17,52,42,57,58,63,63,63,62,62,62,63,63,63,63,63,63,23,34,56,56,63,0,0],"gold":42,"neow_bonus":"TRANSFORM_TWO_CARDS","is_daily":false,"chose_seed":false,"campfire_upgraded":4,"win_rate":0.0,"timestamp":1613448418,"path_taken":["M","M","?","?","?","R","M","?","T","E","?","E","M","E","R","BOSS","M","M","?","?","?","E","?","R","T","R","E","M","R","M","R","BOSS","M","$","M","M","?","E","M","R","T","E","R","E","R","M","R","BOSS","BOSS","R","$","E"],"items_purchased_type":["Relic","Potion","Relic","Card"],"build_version":"2020-12-22","purchased_purges":1,"victory":false,"max_hp_per_floor":[64,64,58,63,63,63,63,63,63,63,63,63,63,63,63,63,63,63,63,63,63,63,63,63,63,63,63,63,63,63,63,63,63,63,63,63,63,63,63,63,63,63,63,63,63,63,63,63,63,63,63,63,63,63,63,63],"relic_stats":{"Happy Flower":[9],"counters":[27,117],"Dead Branch":[142],"StoneCalendar":[128],"Whetstone":["stsjorbsmod:WeightOfMemory","stsjorbsmod:Strike_Wanderer"],"War Paint":["stsjorbsmod:Counterspell","stsjorbsmod:Defend_Wanderer"],"Nunchaku":[7],"Centennial Puzzle":[21],"Shovel":6,"Shuriken":[3],"Bloody Idol":51,"Pantograph":67,"Snecko Eye":[105,76,86,99],"MealTicket":22,"obtain_stats":[{"stsjorbsmod:BottledMemoryRelic":43,"Happy Flower":44,"Golden Idol":3,"Nilry\u0027s Codex":22,"Dead Branch":23,"Oddly Smooth Stone":36,"stsjorbsmod:GrimoireRelic":0,"StoneCalendar":46,"Whetstone":40,"War Paint":45,"Akabeko":15,"Nunchaku":26,"Centennial Puzzle":32,"Anchor":47,"Shovel":14,"DollysMirror":24,"Shuriken":49,"Pantograph":12,"Bloody Idol":20,"Snecko Eye":34,"MealTicket":30,"Coffee Dripper":17,"Red Mask":39,"stsjorbsmod:MindGlassRelic":10},{"stsjorbsmod:BottledMemoryRelic":21,"Happy Flower":22,"Golden Idol":2,"Nilry\u0027s Codex":11,"Dead Branch":12,"Oddly Smooth Stone":17,"stsjorbsmod:GrimoireRelic":0,"StoneCalendar":23,"Whetstone":20,"War Paint":22,"Akabeko":8,"Nunchaku":12,"Centennial Puzzle":15,"Anchor":23,"Shovel":8,"DollysMirror":12,"Shuriken":24,"Pantograph":6,"Bloody Idol":11,"Snecko Eye":16,"MealTicket":14,"Coffee Dripper":9,"Red Mask":19,"stsjorbsmod:MindGlassRelic":4},{"stsjorbsmod:BottledMemoryRelic":88,"Happy Flower":90,"Golden Idol":4,"Nilry\u0027s Codex":51,"Dead Branch":55,"Oddly Smooth Stone":77,"stsjorbsmod:GrimoireRelic":0,"StoneCalendar":94,"Whetstone":85,"War Paint":90,"Akabeko":31,"Nunchaku":55,"Centennial Puzzle":64,"Anchor":94,"Shovel":31,"DollysMirror":55,"Shuriken":98,"Pantograph":22,"Bloody Idol":51,"Snecko Eye":70,"MealTicket":60,"Coffee Dripper":40,"Red Mask":81,"stsjorbsmod:MindGlassRelic":14}]},"card_choices":[{"not_picked":["stsjorbsmod:Introspection","stsjorbsmod:BlackTentacles"],"picked":"stsjorbsmod:ScorchingRay","floor":1.0},{"not_picked":["stsjorbsmod:DoubleCheck","stsjorbsmod:Mania"],"picked":"stsjorbsmod:TinyHut","floor":2.0},{"not_picked":["stsjorbsmod:DisguiseSelf","stsjorbsmod:Aid"],"picked":"stsjorbsmod:Hibernate","floor":7.0},{"not_picked":["stsjorbsmod:ThirstingSword","stsjorbsmod:Prepare"],"picked":"stsjorbsmod:HedgeWizard","floor":10.0},{"not_picked":["stsjorbsmod:WeightOfMemory","stsjorbsmod:AnimateObjects"],"picked":"stsjorbsmod:ScorchingRay","floor":11.0},{"not_picked":["stsjorbsmod:LoseGrip","stsjorbsmod:Stalwart"],"picked":"stsjorbsmod:Rest","floor":12.0},{"not_picked":["stsjorbsmod:Prestidigitation","stsjorbsmod:UnseenServant","stsjorbsmod:FracturedMind"],"picked":"SKIP","floor":13.0},{"not_picked":["stsjorbsmod:Thorns","stsjorbsmod:AnimateObjects"],"picked":"stsjorbsmod:ScorchingRay","floor":14.0},{"not_picked":["stsjorbsmod:DeathThroes","stsjorbsmod:Fireball"],"picked":"stsjorbsmod:Pyromancy","floor":16.0},{"not_picked":["stsjorbsmod:FaerieFire","stsjorbsmod:Hurt"],"picked":"stsjorbsmod:Introspection","floor":18.0},{"not_picked":["stsjorbsmod:Channel","stsjorbsmod:Will"],"picked":"stsjorbsmod:Inferno","floor":19.0},{"not_picked":["stsjorbsmod:OldPocket","stsjorbsmod:DisguiseSelf","stsjorbsmod:Prestidigitation+1"],"picked":"SKIP","floor":23.0},{"not_picked":["stsjorbsmod:Mania","stsjorbsmod:Mindworm+1"],"picked":"stsjorbsmod:Stalwart","floor":28.0},{"not_picked":["stsjorbsmod:RefuseToForget","stsjorbsmod:Prepare"],"picked":"stsjorbsmod:WanderingMind","floor":29.0},{"not_picked":["stsjorbsmod:Counterspell","stsjorbsmod:TrueStrike+1"],"picked":"stsjorbsmod:FindFamiliar","floor":31.0},{"not_picked":["stsjorbsmod:Fear","stsjorbsmod:Entangle"],"picked":"stsjorbsmod:ArcaneForm","floor":33.0},{"not_picked":["stsjorbsmod:Index+1","stsjorbsmod:LoseGrip"],"picked":"stsjorbsmod:WeightOfMemory","floor":35.0},{"not_picked":["stsjorbsmod:Channel","stsjorbsmod:Prepare"],"picked":"stsjorbsmod:WeightOfMemory","floor":37.0},{"not_picked":["stsjorbsmod:Will+1","stsjorbsmod:OldPocket+1"],"picked":"stsjorbsmod:MageArmor","floor":38.0},{"not_picked":["stsjorbsmod:HedgeWizard","stsjorbsmod:SchoolsOfMagic","stsjorbsmod:TrueStrike"],"picked":"SKIP","floor":40.0},{"not_picked":["stsjorbsmod:Will","stsjorbsmod:FracturedMind+1","stsjorbsmod:SchoolsOfMagic"],"picked":"SKIP","floor":41.0},{"not_picked":["stsjorbsmod:SchoolsOfMagic","stsjorbsmod:ParryingBlow+1","stsjorbsmod:Materialize"],"picked":"SKIP","floor":44.0},{"not_picked":["stsjorbsmod:HedgeWizard","stsjorbsmod:ScorchingRay+1"],"picked":"stsjorbsmod:FlameWard","floor":46.0},{"not_picked":["stsjorbsmod:Firebolt","stsjorbsmod:ChainLightning","stsjorbsmod:MagicMirror"],"picked":"SKIP","floor":48.0}],"player_experience":2749606,"relics_obtained":[{"floor":10.0,"key":"stsjorbsmod:MindGlassRelic"},{"floor":12.0,"key":"Pantograph"},{"floor":14.0,"key":"Shovel"},{"floor":15.0,"key":"Akabeko"},{"floor":22.0,"key":"Nilry\u0027s Codex"},{"floor":23.0,"key":"Dead Branch"},{"floor":26.0,"key":"Nunchaku"},{"floor":30.0,"key":"MealTicket"},{"floor":32.0,"key":"Centennial Puzzle"},{"floor":40.0,"key":"Whetstone"},{"floor":43.0,"key":"stsjorbsmod:BottledMemoryRelic"},{"floor":44.0,"key":"Happy Flower"},{"floor":45.0,"key":"War Paint"},{"floor":46.0,"key":"StoneCalendar"},{"floor":47.0,"key":"Anchor"},{"floor":49.0,"key":"Shuriken"}],"event_choices":[{"damage_healed":0.0,"max_hp_gain":0.0,"max_hp_loss":6.0,"gold_gain":0.0,"event_name":"Golden Idol","player_choice":"Lose Max HP","floor":3.0,"gold_loss":0.0,"damage_taken":0.0,"relics_obtained":["Golden Idol"]},{"damage_healed":0.0,"max_hp_gain":5.0,"max_hp_loss":0.0,"gold_gain":0.0,"event_name":"Big Fish","player_choice":"Donut","floor":4.0,"gold_loss":0.0,"damage_taken":0.0},{"damage_healed":0.0,"max_hp_gain":0.0,"max_hp_loss":0.0,"gold_gain":0.0,"cards_transformed":["stsjorbsmod:Strike_Wanderer"],"event_name":"Living Wall","player_choice":"Change","floor":5.0,"gold_loss":0.0,"damage_taken":0.0,"cards_obtained":["stsjorbsmod:Counterspell"]},{"cards_removed":["stsjorbsmod:Defend_Wanderer"],"damage_healed":0.0,"max_hp_gain":0.0,"max_hp_loss":0.0,"gold_gain":0.0,"event_name":"Wheel of Change","player_choice":"Card Removal","floor":8.0,"gold_loss":0.0,"damage_taken":0.0},{"damage_healed":0.0,"max_hp_gain":0.0,"max_hp_loss":0.0,"gold_gain":0.0,"event_name":"Forgotten Altar","player_choice":"Gave Idol","floor":20.0,"relics_lost":["Golden Idol"],"gold_loss":0.0,"damage_taken":0.0,"relics_obtained":["Bloody Idol"]},{"damage_healed":0.0,"max_hp_gain":0.0,"max_hp_loss":0.0,"gold_gain":0.0,"event_name":"Drug Dealer","player_choice":"Obtain J.A.X.","floor":21.0,"gold_loss":0.0,"damage_taken":0.0,"cards_obtained":["J.A.X."]},{"damage_healed":0.0,"max_hp_gain":0.0,"max_hp_loss":0.0,"gold_gain":0.0,"event_name":"Cursed Tome","player_choice":"Obtained Book","floor":22.0,"gold_loss":0.0,"damage_taken":21.0},{"damage_healed":0.0,"max_hp_gain":0.0,"max_hp_loss":0.0,"gold_gain":0.0,"event_name":"Tomb of Lord Red Mask","player_choice":"Paid","floor":39.0,"gold_loss":85.0,"damage_taken":0.0,"relics_obtained":["Red Mask"]}],"is_beta":false,"boss_relics":[{"not_picked":["Velvet Choker","Empty Cage"],"picked":"Coffee Dripper"},{"not_picked":["Runic Pyramid","Philosopher\u0027s Stone"],"picked":"Snecko Eye"}],"items_purged_floors":[24],"is_endless":false,"potions_floor_spawned":[1,2,11,12,14,16,19,29,31,38,40,41],"killed_by":"Shield and Spear","ascension_level":20}}