{"host":"gaqyve1328ta0etl","time":1613467765,"event":{"mods":["BaseMod","Colored Map","Colored Powertips","Duelist Mod","Googly Eyes","Hero for Fun","Minty Spire (QoL Compilation)","Shop Mod","StSLib","SuperFastMode","The Hierophant","The Runesmith"],"gold_per_floor":[20,32,6,23,38,38,48,48,74,106,106,125,125,145,145,250,250,260,185,195,209,233,233,260,287,299,329,341,353,378,408,420,533,545,574,486,506,506,506,506,519,519,543,570,570,587,587,617,617,617],"floor_reached":51,"language":"ENG","playtime":2193,"items_purged":["theDuelist:Sparks","theDuelist:CastleWalls"],"score":1361,"play_id":"423df236-40ea-436d-8f88-3d6820bf2d28","local_time":"20210216012925","is_ascension_mode":true,"campfire_choices":[{"data":"theDuelist:AmuletAmbition","floor":6.0,"key":"SMITH"},{"data":"theDuelist:AmuletAmbition+1","floor":8.0,"key":"SMITH"},{"data":"theDuelist:AmuletAmbition+2","floor":13.0,"key":"SMITH"},{"floor":15.0,"key":"REST"},{"data":"theDuelist:Blockman","floor":23,"key":"SMITH"},{"floor":28,"key":"REST"},{"floor":32,"key":"REST"},{"data":"theDuelist:AmuletAmbition+4","floor":40,"key":"SMITH"},{"data":"theDuelist:HappyLover","floor":42,"key":"SMITH"},{"data":"theDuelist:DoubleTool+1","floor":45,"key":"SMITH"},{"data":"theDuelist:WhiteHowling","floor":47,"key":"SMITH"},{"floor":49,"key":"REST"}],"circlet_count":0,"master_deck":["AscendersBane","theDuelist:BeaverWarrior","theDuelist:BeaverWarrior","theDuelist:FinalFlame","theDuelist:GiantSoldier","theDuelist:GiantSoldier","theDuelist:ScrapFactory","theDuelist:Sparks+1","theDuelist:AmuletAmbition+5","theDuelist:Eva","theDuelist:Eva","theDuelist:DoubleTool+2","theDuelist:HappyLover+1","theDuelist:Blockman+1","theDuelist:GridRod","theDuelist:DoubleTool","theDuelist:WeepingIdol","theDuelist:MillenniumShield","theDuelist:HappyLover+1","theDuelist:WhiteHowling+1","theDuelist:BlockGolem+1"],"relics":["theDuelist:MillenniumPuzzle","theDuelist:CardPoolRelic","theDuelist:CardPoolBasicRelic","theDuelist:BoosterPackPoolRelic","theDuelist:CardPoolAddRelic","theDuelist:CardPoolMinusRelic","theDuelist:CardPoolSaveRelic","theDuelist:CardPoolOptionsRelic","Ancient Tea Set","Bag of Marbles","theDuelist:ZoneToken","theDuelist:ElectricKey","Whetstone","MawBank","Torii","Runic Pyramid","theDuelist:CursedHealer","Toy Ornithopter","theDuelist:SummonAnchor","Oddly Smooth Stone"],"acts_visited":["Exordium","TheCity","TheBeyond"],"potions_floor_usage":[21,24,30,33],"damage_taken":[{"damage":0.0,"enemies":"Small Slimes","floor":1.0,"turns":3.0},{"damage":0.0,"enemies":"Cultist","floor":2.0,"turns":6.0},{"damage":0.0,"enemies":"2 Louse","floor":4.0,"turns":4.0},{"damage":0.0,"enemies":"Red Slaver","floor":5.0,"turns":5.0},{"damage":4.0,"enemies":"Large Slime","floor":7.0,"turns":7.0},{"damage":5.0,"enemies":"Lagavulin","floor":10.0,"turns":8.0},{"damage":7.0,"enemies":"Exordium Wildlife","floor":12.0,"turns":7.0},{"damage":0.0,"enemies":"Blue Slaver","floor":14.0,"turns":4.0},{"damage":0.0,"enemies":"Slime Boss","floor":16.0,"turns":13.0},{"damage":0,"enemies":"Chosen","floor":18,"turns":6},{"damage":0,"enemies":"Shell Parasite","floor":20,"turns":8},{"damage":23,"enemies":"3 Cultists","floor":21,"turns":8},{"damage":0,"enemies":"theDuelist:KaibaA2","floor":24,"turns":5},{"damage":5,"enemies":"Snake Plant","floor":25,"turns":6},{"damage":0,"enemies":"Cultist and Chosen","floor":27,"turns":6},{"damage":31,"enemies":"3 Cultists","floor":30,"turns":7},{"damage":0,"enemies":"Champ","floor":33,"turns":14},{"damage":1,"enemies":"3 Darklings","floor":35,"turns":8},{"damage":8,"enemies":"3 Shapes","floor":37,"turns":6},{"damage":1,"enemies":"Jaw Worm Horde","floor":41,"turns":6},{"damage":0,"enemies":"Spire Growth","floor":46,"turns":8},{"damage":37,"enemies":"Reptomancer","floor":48,"turns":11},{"damage":0,"enemies":"Donu and Deca","floor":50,"turns":15}],"seed_played":"6947084416131606995","potions_obtained":[{"floor":2.0,"key":"Swift Potion"},{"floor":7.0,"key":"Energy Potion"},{"floor":10.0,"key":"theDuelist:BigTributeBottle"},{"floor":14.0,"key":"EssenceOfDarkness"},{"floor":21,"key":"theDuelist:MillenniumElixir"},{"floor":25,"key":"BlessingOfTheForge"}],"is_trial":false,"path_per_floor":["M","M","$","M","M","R","M","R","T","E","?","M","R","M","R","B",null,"M","$","M","M","T","R","E","M","T","M","R","?","M","?","R","B",null,"M","$","M","?","?","R","M","R","T","T","R","M","R","E","R","B",null],"character_chosen":"THE_DUELIST","items_purchased":["theDuelist:DoubleTool"],"campfire_rested":4,"item_purchase_floors":[3],"current_hp_per_floor":[72,72,72,72,72,72,68,68,68,63,57,50,50,50,74,74,79,79,79,79,56,56,56,56,51,51,51,75,75,44,44,68,68,77,76,76,68,68,80,80,79,79,79,79,79,79,79,42,66,66],"gold":617,"neow_bonus":"THREE_RARE_CARDS","is_daily":false,"chose_seed":false,"campfire_upgraded":8,"win_rate":0.0,"timestamp":1613467765,"path_taken":["M","M","$","M","M","R","M","R","T","E","?","M","R","M","R","BOSS","BOSS","M","$","M","?","?","R","E","?","T","M","R","?","?","?","R","BOSS","M","$","M","?","?","R","M","R","T","?","R","?","R","E","R","BOSS"],"items_purchased_type":["Card"],"build_version":"2020-12-22","purchased_purges":2,"victory":true,"max_hp_per_floor":[80,80,80,80,80,80,80,80,80,80,80,80,80,80,80,80,80,80,80,80,80,80,80,80,80,80,80,80,80,80,80,80,80,80,80,80,80,80,80,80,80,80,80,80,80,80,80,80,80,80],"card_choices":[{"not_picked":["theDuelist:Raigeki","theDuelist:YamiForm"],"picked":"theDuelist:AmuletAmbition","floor":0.0},{"not_picked":["theDuelist:BigFire","theDuelist:WormApocalypse","theDuelist:OnslaughtFireKings","theDuelist:ElectromagneticShield"],"picked":"theDuelist:Eva","floor":1.0},{"not_picked":["theDuelist:Sangan","theDuelist:SangaEarth","theDuelist:SolarWindJammer","theDuelist:Tuningware"],"picked":"theDuelist:Eva","floor":2.0},{"not_picked":["theDuelist:SilentDoom","theDuelist:CrystalBlessing","theDuelist:GravityAxe","theDuelist:ElectromagneticShield","theDuelist:Electrowhip"],"picked":"SKIP","floor":4.0},{"not_picked":["theDuelist:BattleOx","theDuelist:GraniteLoyalist","theDuelist:LightningVortex","theDuelist:Sangan","theDuelist:Hinotama"],"picked":"SKIP","floor":5.0},{"not_picked":["theDuelist:WhiteMagicalHat","theDuelist:SpiritHarp","theDuelist:MythicalBeast","theDuelist:RainbowNeos"],"picked":"theDuelist:HappyLover","floor":7.0},{"not_picked":["theDuelist:SpellShatteringArrow","theDuelist:MeteorDestruction","theDuelist:CoreBlaster","theDuelist:CombinationAttack","theDuelist:GravityBlaster"],"picked":"SKIP","floor":10.0},{"not_picked":["theDuelist:BigFire","theDuelist:LightningDarts","theDuelist:MudGolem","theDuelist:WormKing"],"picked":"theDuelist:Blockman","floor":12.0},{"not_picked":["theDuelist:DokiDoki","theDuelist:EarthEffigy","theDuelist:GemElephant","theDuelist:GolemSentry","theDuelist:LabyrinthWall"],"picked":"SKIP","floor":14.0},{"not_picked":["theDuelist:PineappleBlast","theDuelist:LightLaser","theDuelist:MillenniumShield","theDuelist:Mathematician"],"picked":"theDuelist:GridRod","floor":16},{"not_picked":["theDuelist:CoreBlaster","theDuelist:FluteKuriboh","theDuelist:RainbowNeos+1","theDuelist:AfterTheStorm","theDuelist:Invigoration"],"picked":"SKIP","floor":18},{"not_picked":["theDuelist:BigFire+1","theDuelist:MeteorDestruction","theDuelist:Invigoration+1","theDuelist:MagnumShield","theDuelist:SparkBlaster"],"picked":"SKIP","floor":20},{"not_picked":["theDuelist:RainbowNeos","theDuelist:MeteorDestruction","theDuelist:PowerWall","theDuelist:SwordDeepSeated","theDuelist:CharcoalInpachi"],"picked":"SKIP","floor":21},{"not_picked":["theDuelist:RainbowNeos","theDuelist:BigFire","theDuelist:CoreBlaster","theDuelist:InfernoFireBlast"],"picked":"theDuelist:DoubleTool","floor":24},{"not_picked":["theDuelist:Eva","theDuelist:RainbowNeos+1","theDuelist:DestroyerGolem","theDuelist:EarthquakeGiant"],"picked":"theDuelist:WeepingIdol","floor":25},{"not_picked":["theDuelist:RainbowNeos","theDuelist:Invigoration","theDuelist:SpiritHarp","theDuelist:ScrapFactory+1","theDuelist:SilentDoom+1"],"picked":"SKIP","floor":27},{"not_picked":["theDuelist:Hinotama","theDuelist:WormApocalypse","theDuelist:Tuningware","theDuelist:AfterTheStorm","theDuelist:MeteorDestruction"],"picked":"SKIP","floor":30},{"not_picked":["theDuelist:AmuletAmbition","theDuelist:GravityLash+1","theDuelist:Raigeki","theDuelist:YamiForm"],"picked":"theDuelist:MillenniumShield","floor":33},{"not_picked":["theDuelist:RainbowNeos","theDuelist:Downbeat+1","theDuelist:Eva+1","theDuelist:AfterTheStorm","theDuelist:CombinationAttack+1"],"picked":"SKIP","floor":35},{"not_picked":["theDuelist:DestroyerGolem+1","theDuelist:EvilswarmHeliotrope","theDuelist:GraniteLoyalist+1","theDuelist:RainbowOverdragon"],"picked":"theDuelist:HappyLover+1","floor":37},{"not_picked":["theDuelist:KamionTimelord","theDuelist:FrontierWiseman+1","theDuelist:SpiritHarp+1","theDuelist:WhiteMagicalHat+1","theDuelist:Mathematician"],"picked":"SKIP","floor":41},{"not_picked":["theDuelist:SilentDoom","theDuelist:WhiteMagicalHat","theDuelist:RainbowNeos+1","theDuelist:LightningVortex"],"picked":"theDuelist:WhiteHowling","floor":46},{"not_picked":["theDuelist:BattleguardKing+1","theDuelist:EarthEffigy","theDuelist:AttackTheMoon+1","theDuelist:ReinforcementsArmy"],"picked":"theDuelist:BlockGolem+1","floor":48}],"player_experience":2203410,"relics_obtained":[{"floor":9.0,"key":"Ancient Tea Set"},{"floor":10.0,"key":"Bag of Marbles"},{"floor":22,"key":"Whetstone"},{"floor":24,"key":"MawBank"},{"floor":26,"key":"Torii"},{"floor":43,"key":"Toy Ornithopter"},{"floor":44,"key":"theDuelist:SummonAnchor"},{"floor":48,"key":"Oddly Smooth Stone"}],"event_choices":[{"damage_healed":0.0,"max_hp_gain":0.0,"max_hp_loss":0.0,"gold_gain":0.0,"event_name":"Aknamkanon\u0027s Tomb","player_choice":"Dig - random Duelist relic","duelist":true,"floor":11.0,"gold_loss":0.0,"damage_taken":0.0},{"damage_healed":0,"gold_gain":0,"player_choice":"Forge","damage_taken":0,"max_hp_gain":0,"max_hp_loss":0,"event_name":"Accursed Blacksmith","floor":29,"gold_loss":0,"cards_upgraded":["theDuelist:AmuletAmbition"]},{"damage_healed":0,"gold_gain":0,"player_choice":"Sold Castle Walls for 18 Gold.","duelist":true,"damage_taken":0,"max_hp_gain":0,"max_hp_loss":0,"event_name":"Card Trader","floor":31,"gold_loss":0},{"damage_healed":0,"gold_gain":0,"player_choice":"Ignored","damage_taken":0,"max_hp_gain":0,"max_hp_loss":0,"event_name":"Mysterious Sphere","floor":38,"gold_loss":0},{"damage_healed":0,"gold_gain":0,"player_choice":"Succumb - +25HP/Cursed Relic","duelist":true,"damage_taken":0,"max_hp_gain":0,"max_hp_loss":0,"event_name":"Tomb of the Nameless","floor":39,"gold_loss":0}],"is_beta":false,"boss_relics":[{"not_picked":["theDuelist:HauntedRelic","Ectoplasm"],"picked":"theDuelist:ElectricKey"},{"not_picked":["SacredBark","Coffee Dripper"],"picked":"Runic Pyramid"}],"items_purged_floors":[19,36],"is_endless":false,"potions_floor_spawned":[2,7,10,14,16,18,21,25],"ascension_level":10}}