{"host":"i0avyit1s6jb1siw","time":1613487743,"event":{"mods":["BaseMod","DeckTracker","Dota2Spire","Highlight Path","Minty Spire (QoL Compilation)","Quick Restart","StSLib","SuperFastMode"],"gold_per_floor":[117,135,9,9,29,63,63,75,75,75,75,108,124,124,124,143,143,219,219,237,237,237,198,198,198,223,223,233,256,308,63,63,88,99,130,130,207,207,223,243,262,273,287,318,334,360,411,411,411,391,219,248,258,258,258,258,258,258,258,95,120,120],"floor_reached":63,"language":"ENG","playtime":2036,"items_purged":["Strike_R"],"score":3284,"play_id":"33c619a8-a799-4d55-b852-1a8aa8ead239","local_time":"20210216160223","is_ascension_mode":true,"campfire_choices":[{"data":"Infernal Blade","floor":7.0,"key":"SMITH"},{"data":"Armaments","floor":11.0,"key":"SMITH"},{"data":"Uppercut","floor":14.0,"key":"SMITH"},{"data":"Disarm","floor":17.0,"key":"SMITH"},{"floor":25.0,"key":"REST"},{"data":"Entrench","floor":36,"key":"SMITH"},{"floor":54,"key":"RECALL"},{"data":"Evolve","floor":55,"key":"SMITH"},{"data":"Fire Breathing","floor":59,"key":"SMITH"}],"circlet_count":0,"master_deck":["AscendersBane","Bash+1","Infernal Blade+1","Shrug It Off+1","Battle Trance","Armaments+1","Uppercut+1","Disarm+1","Rage","Impervious","Bloodletting","Whirlwind+1","Entrench+1","Burning Pact","Wild Strike","Spot Weakness","Clothesline","Fire Breathing+1","Second Wind+1","Necronomicurse","Shrug It Off+1","Evolve+1","Offering","Offering","Power Through","Sentinel","Burning Pact","Feel No Pain"],"relics":["Burning Blood","NeowsBlessing","Dota2Spire:Satanic","Champion Belt","Ginger","Dota2Spire:CrimsonGuard","Dota2Spire:Butterfly","Pandora\u0027s Box","Necronomicon","Self Forming Clay","Potion Belt","Chemical X","War Paint","Question Card","Blue Candle","SacredBark","Dota2Spire:MantaStyle","Paper Frog","Dota2Spire:MaskOfMadness","Bag of Marbles","Whetstone"],"acts_visited":["Exordium","TheCity","TheBeyond","TheEnding"],"potions_floor_usage":[43,62,62,62,62],"damage_taken":[{"damage":0.0,"enemies":"2 Louse","floor":1.0,"turns":1.0},{"damage":0.0,"enemies":"Cultist","floor":2.0,"turns":1.0},{"damage":0.0,"enemies":"Small Slimes","floor":5.0,"turns":1.0},{"damage":22.0,"enemies":"Lagavulin","floor":6.0,"turns":6.0},{"damage":2.0,"enemies":"3 Louse","floor":8.0,"turns":4.0},{"damage":3.0,"enemies":"3 Sentries","floor":12.0,"turns":7.0},{"damage":0.0,"enemies":"Blue Slaver","floor":13.0,"turns":2.0},{"damage":0.0,"enemies":"2 Fungi Beasts","floor":16.0,"turns":4.0},{"damage":0.0,"enemies":"The Guardian","floor":18.0,"turns":11.0},{"damage":9.0,"enemies":"3 Byrds","floor":20.0,"turns":3.0},{"damage":3.0,"enemies":"Gremlin Leader","floor":26.0,"turns":4.0},{"damage":0.0,"enemies":"Spheric Guardian","floor":28.0,"turns":3.0},{"damage":0.0,"enemies":"Slavers","floor":33.0,"turns":1.0},{"damage":1.0,"enemies":"3 Cultists","floor":34.0,"turns":4.0},{"damage":8,"enemies":"Gremlin Leader","floor":35,"turns":5},{"damage":6,"enemies":"Collector","floor":37,"turns":7},{"damage":0,"enemies":"3 Darklings","floor":39,"turns":1},{"damage":15,"enemies":"3 Shapes","floor":40,"turns":5},{"damage":14,"enemies":"3 Darklings","floor":41,"turns":8},{"damage":12,"enemies":"Maw","floor":42,"turns":7},{"damage":13,"enemies":"Writhing Mass","floor":43,"turns":4},{"damage":12,"enemies":"Nemesis","floor":44,"turns":9},{"damage":6,"enemies":"Jaw Worm Horde","floor":45,"turns":2},{"damage":18,"enemies":"Reptomancer","floor":46,"turns":6},{"damage":15,"enemies":"Nemesis","floor":52,"turns":5},{"damage":0,"enemies":"3 Darklings","floor":53,"turns":1},{"damage":28,"enemies":"Donu and Deca","floor":56,"turns":7},{"damage":44,"enemies":"Awakened One","floor":57,"turns":13},{"damage":12,"enemies":"Shield and Spear","floor":61,"turns":2},{"damage":72,"enemies":"The Heart","floor":62,"turns":10}],"seed_played":"-5645361136975169469","potions_obtained":[{"floor":2.0,"key":"DistilledChaos"},{"floor":5.0,"key":"EssenceOfSteel"},{"floor":8.0,"key":"ElixirPotion"},{"floor":12.0,"key":"ElixirPotion"},{"floor":28.0,"key":"LiquidMemories"},{"floor":33.0,"key":"SpeedPotion"},{"floor":34.0,"key":"LiquidMemories"},{"floor":40,"key":"LiquidMemories"},{"floor":43,"key":"EssenceOfSteel"}],"is_trial":false,"path_per_floor":["M","M","$","?","M","E","R","M","T","T","R","E","M","R","?","M","R","B",null,"M","?","?","$","?","R","E","?","M","T","T","$","T","E","M","E","R","B",null,"M","M","M","M","M","E","M","E","T","?","?","?","$","E","M","R","R","B","B",null,"R","$","E","B",null],"character_chosen":"IRONCLAD","items_purchased":["Shrug It Off","Second Wind","Chemical X","Evolve","Sentinel","Burning Pact","Whetstone"],"campfire_rested":1,"item_purchase_floors":[3,23,31,31,51,51,60],"current_hp_per_floor":[74,75,75,75,75,59,59,63,63,63,63,66,72,72,72,75,75,75,75,72,51,51,51,30,54,57,57,63,63,63,63,63,69,74,72,72,72,78,80,71,63,57,50,44,80,68,68,68,58,58,58,49,55,55,55,80,80,80,80,80,74,45],"gold":120,"neow_bonus":"THREE_ENEMY_KILL","is_daily":false,"chose_seed":false,"campfire_upgraded":7,"win_rate":0.0,"timestamp":1613487743,"path_taken":["M","M","$","?","?","E","R","M","T","T","R","E","M","R","?","?","R","BOSS","M","?","?","?","?","R","E","?","M","T","T","$","?","E","M","E","R","BOSS","M","M","M","M","M","E","M","E","T","?","?","?","$","E","?","R","R","BOSS","BOSS","R","$","E","BOSS"],"items_purchased_type":["Card","Card","Relic","Card","Card","Card","Relic"],"build_version":"2020-12-22","purchased_purges":1,"victory":true,"max_hp_per_floor":[75,75,75,75,75,75,75,75,75,75,75,75,75,75,75,75,75,75,75,75,80,80,80,80,80,80,80,80,80,80,80,80,80,80,80,80,80,80,80,80,80,80,80,80,80,80,80,80,80,80,80,80,80,80,80,80,80,80,80,80,80,80],"card_choices":[{"not_picked":["Clash","Anger"],"picked":"Armaments","floor":1.0},{"not_picked":["Warcry","Clash"],"picked":"Infernal Blade","floor":2.0},{"not_picked":["Iron Wave","True Grit"],"picked":"Twin Strike","floor":5.0},{"not_picked":["Headbutt","Evolve"],"picked":"Battle Trance","floor":6.0},{"not_picked":["Sword Boomerang","Heavy Blade"],"picked":"Armaments","floor":8.0},{"not_picked":["Bludgeon","Shrug It Off"],"picked":"Uppercut","floor":12.0},{"not_picked":["Burning Pact","Flex"],"picked":"Disarm","floor":13.0},{"not_picked":["Headbutt","Perfected Strike","Pommel Strike"],"picked":"SKIP","floor":16.0},{"not_picked":["Berserk","Brutality"],"picked":"Impervious","floor":18.0},{"not_picked":["Heavy Blade+1","Havoc"],"picked":"Spot Weakness","floor":20.0},{"not_picked":["Anger","Clothesline","Pommel Strike"],"picked":"SKIP","floor":26.0},{"not_picked":["Shockwave","Warcry"],"picked":"Shrug It Off+1","floor":28.0},{"not_picked":["Brutality","Anger"],"picked":"Offering","floor":33.0},{"not_picked":["Combust","Twin Strike","Havoc","Battle Trance"],"picked":"SKIP","floor":34.0},{"not_picked":["Body Slam","Clash","Double Tap","Sword Boomerang+1"],"picked":"SKIP","floor":35},{"not_picked":["Reaper","Exhume","Brutality"],"picked":"Offering","floor":37},{"not_picked":["Clash+1","Dropkick","True Grit","Second Wind"],"picked":"SKIP","floor":39},{"not_picked":["Havoc+1","Rampage","Dark Embrace+1"],"picked":"Power Through","floor":40},{"not_picked":["Wild Strike","Dual Wield","Thunderclap","Pommel Strike"],"picked":"SKIP","floor":41},{"not_picked":["Whirlwind+1","Cleave","Armaments","Bludgeon"],"picked":"SKIP","floor":42},{"not_picked":["Ghostly Armor","Battle Trance","Heavy Blade","Hemokinesis"],"picked":"SKIP","floor":43},{"not_picked":["Dual Wield","Clash","Sword Boomerang","Twin Strike+1"],"picked":"SKIP","floor":44},{"not_picked":["Immolate","Rage","Metallicize","Seeing Red+1"],"picked":"SKIP","floor":45},{"not_picked":["Carnage","Double Tap","Sever Soul","Fire Breathing"],"picked":"SKIP","floor":46},{"not_picked":["Entrench+1","Cleave+1","Wild Strike+1","Heavy Blade+1"],"picked":"SKIP","floor":52},{"not_picked":["Pummel","Sentinel","Headbutt","Clothesline"],"picked":"SKIP","floor":53},{"not_picked":["Fiend Fire","True Grit","Clothesline+1"],"picked":"Feel No Pain","floor":61}],"player_experience":2439279,"relics_obtained":[{"floor":6.0,"key":"Champion Belt"},{"floor":9.0,"key":"Ginger"},{"floor":10.0,"key":"Dota2Spire:CrimsonGuard"},{"floor":12.0,"key":"Dota2Spire:Butterfly"},{"floor":24.0,"key":"Necronomicon"},{"floor":26.0,"key":"Self Forming Clay"},{"floor":29.0,"key":"Potion Belt"},{"floor":32.0,"key":"War Paint"},{"floor":33.0,"key":"Question Card"},{"floor":35,"key":"Blue Candle"},{"floor":44,"key":"Dota2Spire:MantaStyle"},{"floor":46,"key":"Paper Frog"},{"floor":47,"key":"Dota2Spire:MaskOfMadness"},{"floor":52,"key":"Bag of Marbles"}],"event_choices":[{"cards_removed":["Armaments"],"damage_healed":0.0,"max_hp_gain":0.0,"max_hp_loss":0.0,"gold_gain":0.0,"event_name":"WeMeetAgain","player_choice":"Gave Card","floor":4.0,"gold_loss":0.0,"damage_taken":0.0,"relics_obtained":["Dota2Spire:Satanic"]},{"damage_healed":0.0,"max_hp_gain":0.0,"max_hp_loss":0.0,"gold_gain":0.0,"cards_transformed":["Strike_R"],"event_name":"Transmorgrifier","player_choice":"Transformed","floor":15.0,"gold_loss":0.0,"damage_taken":0.0,"cards_obtained":["Rage"]},{"damage_healed":0.0,"max_hp_gain":5.0,"max_hp_loss":0.0,"gold_gain":0.0,"event_name":"Forgotten Altar","player_choice":"Shed Blood","floor":21.0,"gold_loss":0.0,"damage_taken":26.0},{"damage_healed":0.0,"max_hp_gain":0.0,"max_hp_loss":0.0,"gold_gain":0.0,"cards_transformed":["Twin Strike","Thunderclap"],"event_name":"Drug Dealer","player_choice":"Became Test Subject","floor":22.0,"gold_loss":0.0,"damage_taken":0.0,"cards_obtained":["Clothesline","Fire Breathing"]},{"damage_healed":0.0,"max_hp_gain":0.0,"max_hp_loss":0.0,"gold_gain":0.0,"event_name":"Cursed Tome","player_choice":"Obtained Book","floor":24.0,"gold_loss":0.0,"damage_taken":21.0},{"damage_healed":0.0,"max_hp_gain":0.0,"max_hp_loss":0.0,"gold_gain":0.0,"event_name":"Vampires","player_choice":"Ignored","floor":27.0,"gold_loss":0.0,"damage_taken":0.0},{"cards_removed":["Headbutt"],"damage_healed":0,"gold_gain":0,"player_choice":"Removed Attack","damage_taken":0,"max_hp_gain":0,"max_hp_loss":0,"event_name":"Falling","floor":48,"gold_loss":0},{"damage_healed":0,"gold_gain":0,"player_choice":"Memory 3","damage_taken":10,"max_hp_gain":0,"max_hp_loss":0,"event_name":"SensoryStone","floor":49,"gold_loss":0},{"damage_healed":0,"gold_gain":0,"player_choice":"Bought 1 Potion","damage_taken":0,"max_hp_gain":0,"max_hp_loss":0,"event_name":"The Woman in Blue","floor":50,"gold_loss":0}],"is_beta":false,"boss_relics":[{"not_picked":["Dota2Spire:Bloodstone","Tiny House"],"picked":"Pandora\u0027s Box"},{"not_picked":["Runic Dome","Coffee Dripper"],"picked":"SacredBark"}],"items_purged_floors":[3],"is_endless":false,"potions_floor_spawned":[2,5,8,12,28,33,34,35,40,42,43,44,45,61],"ascension_level":20}}