{"host":"prxrhpgaxnj4om9r","time":1613485314,"event":{"mods":["AchievementEnabler","BaseMod","Colored Map","DeckTracker","Minty Spire (QoL Compilation)"],"gold_per_floor":[109,123,123,142,155,155,10,10,10,10,57,92,107,118,118,217,217,232,232,232,244,263,294,294,43,98,98,132,84,84,98,98,98,98],"floor_reached":33,"language":"KOR","playtime":1058,"items_purged":[],"score":342,"play_id":"be53bbe1-c917-4ff6-86a8-23a1e2730b4c","local_time":"20210216232154","is_ascension_mode":true,"campfire_choices":[{"data":"Rampage","floor":6,"key":"SMITH"},{"data":"Flex","floor":8,"key":"SMITH"},{"floor":15,"key":"REST"},{"floor":24,"key":"REST"},{"data":"Fire Breathing","floor":27,"key":"SMITH"},{"floor":30,"key":"REST"},{"floor":32,"key":"REST"}],"circlet_count":0,"master_deck":["Strike_R+1","Strike_R+1","Strike_R+1","Strike_R+1","Strike_R+1","Defend_R+1","Defend_R+1","Defend_R+1","Defend_R+1","Bash","Flex+1","Clash","Cleave+1","Rampage+1","Fire Breathing+1","Thunderclap","Immolate","Double Tap","Iron Wave+1","Inflame","Carnage","Bloodletting+1","Wild Strike+1","Feel No Pain","Wild Strike","Inflame+1","Havoc+1"],"relics":["Burning Blood","Dream Catcher","Happy Flower","Blood Vial","Bottled Lightning","Orichalcum","Darkstone Periapt","Mark of Pain","Toy Ornithopter","Self Forming Clay","Tiny Chest","Anchor"],"acts_visited":["Exordium","TheCity"],"potions_floor_usage":[2,5,23,31,33,33],"damage_taken":[{"damage":12,"enemies":"Small Slimes","floor":1,"turns":3},{"damage":0,"enemies":"2 Louse","floor":2,"turns":2},{"damage":7,"enemies":"Jaw Worm","floor":4,"turns":2},{"damage":14,"enemies":"Red Slaver","floor":5,"turns":2},{"damage":18,"enemies":"3 Sentries","floor":12,"turns":6},{"damage":0,"enemies":"Blue Slaver","floor":13,"turns":2},{"damage":0,"enemies":"Exordium Wildlife","floor":14,"turns":1},{"damage":53,"enemies":"The Guardian","floor":16,"turns":7},{"damage":7,"enemies":"Chosen","floor":18,"turns":4},{"damage":10,"enemies":"Shell Parasite","floor":21,"turns":4},{"damage":21,"enemies":"Snake Plant","floor":22,"turns":4},{"damage":14,"enemies":"Gremlin Leader","floor":23,"turns":4},{"damage":48,"enemies":"Book of Stabbing","floor":28,"turns":5},{"damage":8,"enemies":"Centurion and Healer","floor":31,"turns":3},{"damage":100,"enemies":"Champ","floor":33,"turns":8}],"seed_played":"-4688950963321256269","potions_obtained":[{"floor":1,"key":"DistilledChaos"},{"floor":4,"key":"SteroidPotion"},{"floor":13,"key":"Ancient Potion"},{"floor":22,"key":"HeartOfIron"},{"floor":23,"key":"SpeedPotion"},{"floor":28,"key":"DistilledChaos"}],"is_trial":false,"path_per_floor":["M","M","?","M","M","R","$","R","T","?","T","E","M","M","R","B",null,"M","?","?","M","M","E","R","$","T","R","E","$","R","M","R","B"],"character_chosen":"IRONCLAD","items_purchased":["Blood Vial","Self Forming Clay","Wild Strike"],"campfire_rested":4,"item_purchase_floors":[7,25,29],"current_hp_per_floor":[74,80,68,67,59,59,59,59,59,43,43,33,41,49,73,28,80,79,79,64,62,49,43,68,68,68,68,28,28,53,58,83,0,0],"gold":98,"neow_bonus":"RANDOM_COMMON_RELIC","is_daily":false,"chose_seed":false,"campfire_upgraded":3,"win_rate":0.0,"timestamp":1613485314,"path_taken":["M","M","?","M","M","R","$","R","T","?","?","E","?","M","R","BOSS","M","?","?","?","M","E","R","?","T","R","E","$","R","?","R","BOSS"],"items_purchased_type":["Relic","Relic","Card"],"build_version":"2020-12-22","purchased_purges":0,"victory":false,"max_hp_per_floor":[80,80,80,80,80,80,80,80,80,80,80,80,80,80,80,80,80,80,80,85,85,85,85,85,85,85,85,85,85,85,85,85,85,85],"card_choices":[{"not_picked":["True Grit","Havoc"],"picked":"Flex","floor":1},{"not_picked":["Flex","Whirlwind"],"picked":"Clash","floor":2},{"not_picked":["Anger","Entrench"],"picked":"Cleave","floor":4},{"not_picked":["Heavy Blade","Cleave"],"picked":"Rampage","floor":5},{"not_picked":["Rage","Disarm"],"picked":"Fire Breathing","floor":12},{"not_picked":["Pommel Strike","Sentinel"],"picked":"Thunderclap","floor":13},{"not_picked":["Combust","Burning Pact"],"picked":"Immolate","floor":14},{"not_picked":["Immolate","Bludgeon"],"picked":"Double Tap","floor":16},{"not_picked":["Metallicize","Second Wind+1"],"picked":"Iron Wave+1","floor":18},{"not_picked":["Intimidate","Pommel Strike"],"picked":"Inflame","floor":21},{"not_picked":["Anger","Clash+1"],"picked":"Carnage","floor":22},{"not_picked":["Battle Trance","Armaments"],"picked":"Bloodletting+1","floor":23},{"not_picked":["Intimidate+1","Thunderclap"],"picked":"Wild Strike+1","floor":24},{"not_picked":["Dark Embrace","Exhume"],"picked":"Feel No Pain","floor":28},{"not_picked":["Rupture","Body Slam"],"picked":"Inflame+1","floor":31},{"not_picked":["Sentinel","Iron Wave+1"],"picked":"Havoc+1","floor":32}],"player_experience":491127,"relics_obtained":[{"floor":9,"key":"Bottled Lightning"},{"floor":11,"key":"Orichalcum"},{"floor":12,"key":"Darkstone Periapt"},{"floor":23,"key":"Toy Ornithopter"},{"floor":26,"key":"Tiny Chest"},{"floor":28,"key":"Anchor"}],"event_choices":[{"damage_healed":0,"gold_gain":0,"player_choice":"Success","damage_taken":12,"relics_obtained":["Happy Flower"],"max_hp_gain":0,"max_hp_loss":0,"event_name":"Scrap Ooze","floor":3,"gold_loss":0},{"damage_healed":0,"gold_gain":0,"player_choice":"Entered Light","damage_taken":16,"max_hp_gain":0,"max_hp_loss":0,"event_name":"Shining Light","floor":10,"gold_loss":0,"cards_upgraded":["Defend_R","Cleave"]},{"damage_healed":0,"gold_gain":0,"player_choice":"Simplicity","damage_taken":0,"max_hp_gain":0,"max_hp_loss":0,"event_name":"Back to Basics","floor":19,"gold_loss":0,"cards_upgraded":["Strike_R","Strike_R","Strike_R","Strike_R","Strike_R","Defend_R","Defend_R","Defend_R"]},{"damage_healed":0,"gold_gain":0,"player_choice":"Shed Blood","damage_taken":20,"max_hp_gain":5,"max_hp_loss":0,"event_name":"Forgotten Altar","floor":20,"gold_loss":0}],"is_beta":false,"boss_relics":[{"not_picked":["Runic Cube","Black Blood"],"picked":"Mark of Pain"}],"items_purged_floors":[],"is_endless":false,"potions_floor_spawned":[1,4,13,22,23,28],"killed_by":"Champ","ascension_level":4}}