{"host":"x4954lblgztusody","time":1613474657,"event":{"mods":["BaseMod","Colored Map","Curses Come First","Koishi","Minty Spire (QoL Compilation)","Rare Cards Sparkle","Shop Mod","StSLib","The Administrix","The Animator","The Servant 0.9.4","WarShipGirlsR/战舰少女R mod","Yuyuko"],"gold_per_floor":[113,113,113,138,138,148,148,175,175,188,188,188,221,239,239,337,337,357,390,406,406,51,86,108,138,138,5,19,5,5,23,23,136,136,162,191,226,254,9,9,9,47,47],"floor_reached":42,"language":"ENG","playtime":8464,"items_purged":["animator:Strike","animator:Defend"],"score":552,"play_id":"d948b0dc-e2a7-40dc-92dd-8fa2fb72d9c5","local_time":"20210216032417","is_ascension_mode":false,"campfire_choices":[{"data":"animator:Berserker","floor":7.0,"key":"SMITH"},{"data":"animator:GazelDwargon","floor":15.0,"key":"SMITH"},{"data":"animator:Geryuganshoop","floor":32.0,"key":"SMITH"},{"data":"animator:LizardPriest","floor":40,"key":"SMITH"}],"circlet_count":0,"master_deck":["animator:Strike_Konosuba+1","animator:Defend_Konosuba+1","animator:Defend","animator:Kazuma","animator:Aqua","animator:Entoma+12","animator:Viivi","animator:Berserker+1","animator:Mitsurugi","animator:YunYun","animator:Benimaru","animator:GazelDwargon+1","animator:Ainz","animator:Kazuma","animator:Kaijin","animator:TanyaDegurechaff+1","animator:GuildGirl","animator:Geryuganshoop+1","animator:Aqua","animator:Sloth","animator:Darkness","animator:Saitama","animator:ChlammyZell+1","animator:Demiurge","Blur","animator:Darkness","animator:GoblinSlayer","animator:Megumin+6","animator:Aqua","animator:Darkness","animator:Witch","animator:GuildGirl","Parasite","animator:LizardPriest","animator:LizardPriest+1","animator:GazelDwargon","animator:TanyaDegurechaff","animator:Kira","animator:Shuna+1"],"relics":["animator:LivingPicture","animator:TheMissingPiece","animator:PurgingStone","White Beast Statue","Cursed Key","Red Mask","Membership Card","Ancient Tea Set","MerchantsRug","animator:RacePiece","Happy Flower","Whetstone"],"acts_visited":["Exordium","TheCity","TheBeyond"],"potions_floor_usage":[37],"damage_taken":[{"damage":0.0,"enemies":"2 Louse","floor":1.0,"turns":4.0},{"damage":0.0,"enemies":"Jaw Worm","floor":4.0,"turns":5.0},{"damage":1.0,"enemies":"Cultist","floor":6.0,"turns":5.0},{"damage":8.0,"enemies":"Large Slime","floor":8.0,"turns":5.0},{"damage":18.0,"enemies":"Exordium Thugs","floor":10.0,"turns":4.0},{"damage":9.0,"enemies":"3 Sentries","floor":13.0,"turns":3.0},{"damage":0.0,"enemies":"Lots of Slimes","floor":14.0,"turns":2.0},{"damage":11.0,"enemies":"Slime Boss","floor":16.0,"turns":10.0},{"damage":11.0,"enemies":"3 Byrds","floor":18.0,"turns":4.0},{"damage":29.0,"enemies":"Masked Bandits","floor":19.0,"turns":5.0},{"damage":5.0,"enemies":"Shell Parasite","floor":20.0,"turns":4.0},{"damage":28.0,"enemies":"Book of Stabbing","floor":23.0,"turns":9.0},{"damage":15.0,"enemies":"Snecko","floor":24.0,"turns":4.0},{"damage":1.0,"enemies":"Chosen and Byrds","floor":25.0,"turns":9.0},{"damage":7.0,"enemies":"Sentry and Sphere","floor":28.0,"turns":5.0},{"damage":2.0,"enemies":"Snake Plant","floor":31.0,"turns":6.0},{"damage":23.0,"enemies":"Automaton","floor":33.0,"turns":11.0},{"damage":8,"enemies":"3 Shapes","floor":35,"turns":6},{"damage":40,"enemies":"3 Darklings","floor":36,"turns":6},{"damage":13,"enemies":"Writhing Mass","floor":37,"turns":6},{"damage":29,"enemies":"Sphere and 2 Shapes","floor":38,"turns":6},{"damage":7,"enemies":"Giant Head","floor":42,"turns":7}],"seed_played":"-3222704846499406465","potions_obtained":[{"floor":1.0,"key":"SteroidPotion"},{"floor":5.0,"key":"SteroidPotion"},{"floor":5.0,"key":"Weak Potion"},{"floor":10.0,"key":"Explosive Potion"},{"floor":14.0,"key":"Weak Potion"},{"floor":16.0,"key":"LiquidMemories"},{"floor":18.0,"key":"Strength Potion"},{"floor":19.0,"key":"Dexterity Potion"},{"floor":20.0,"key":"PowerPotion"},{"floor":23.0,"key":"Explosive Potion"},{"floor":25.0,"key":"Swift Potion"},{"floor":28.0,"key":"SpeedPotion"},{"floor":31.0,"key":"Fire Potion"},{"floor":33.0,"key":"Fire Potion"},{"floor":35,"key":"Regen Potion"},{"floor":37,"key":"PowerPotion"}],"is_trial":false,"path_per_floor":["M","?","?","M","?","M","R","M","T","M","?","?","E","M","R","B",null,"M","?","M","?","$","E","M","M","T","$","M","$","?","M","R","B",null,"M","M","M","M","$","R","?","E"],"character_chosen":"THE_ANIMATOR","items_purchased":["Membership Card","animator:TanyaDegurechaff","animator:GuildGirl","animator:Geryuganshoop","MerchantsRug","animator:Kaijin","animator:Saitama","animator:Demiurge","animator:GazelDwargon","Happy Flower","animator:TanyaDegurechaff"],"campfire_rested":0,"item_purchase_floors":[22,22,22,22,27,27,27,29,39,39,39],"current_hp_per_floor":[72,77,77,79,79,78,78,74,88,75,68,75,70,72,72,65,111,104,77,76,76,76,50,39,42,42,42,39,39,39,41,41,24,117,116,84,79,56,56,56,56,55,55],"gold":47,"neow_bonus":"TEN_PERCENT_HP_BONUS","is_daily":false,"chose_seed":false,"campfire_upgraded":4,"win_rate":0.0,"timestamp":1613474657,"path_taken":["M","?","?","M","?","?","R","M","T","M","?","?","E","M","R","BOSS","M","?","M","?","$","E","M","M","T","$","?","?","?","?","R","BOSS","M","M","M","M","$","R","?","E"],"items_purchased_type":["Relic","Card","Card","Card","Relic","Card","Card","Card","Card","Relic","Card"],"build_version":"2020-12-22","purchased_purges":2,"victory":false,"max_hp_per_floor":[72,77,77,79,79,79,79,81,95,98,98,105,107,109,109,111,111,113,113,115,115,115,115,115,115,115,115,115,115,115,115,115,117,117,120,122,124,124,124,124,124,124,124],"card_choices":[{"not_picked":["animator:Vanir","animator:LizardPriest"],"picked":"animator:Entoma","floor":1.0},{"not_picked":["animator:Assassin","animator:PandorasActor"],"picked":"animator:Viivi","floor":4.0},{"not_picked":["animator:DolaCouronne","animator:Shalltear"],"picked":"animator:Berserker","floor":6.0},{"not_picked":["animator:Verdia","animator:Chris"],"picked":"animator:Mitsurugi","floor":8.0},{"not_picked":["animator:Illya","animator:Chris"],"picked":"animator:YunYun","floor":10.0},{"not_picked":["animator:SilverFang","animator:DolaCouronne"],"picked":"animator:Benimaru","floor":13.0},{"not_picked":["animator:ChaikaBohdan","animator:Berserker"],"picked":"animator:GazelDwargon","floor":14.0},{"not_picked":["animator:ChaikaTrabant","animator:Rimuru"],"picked":"animator:Ainz","floor":16.0},{"not_picked":["animator:Vanir","animator:YunYun"],"picked":"animator:Kazuma","floor":18.0},{"not_picked":["animator:Shalltear","animator:Illya"],"picked":"animator:Kaijin","floor":19.0},{"not_picked":["animator:Benimaru","animator:Tet+1"],"picked":"animator:Evileye","floor":20.0},{"not_picked":["animator:Chris","animator:Souei"],"picked":"animator:Aqua","floor":23.0},{"not_picked":["animator:Rider","animator:Genos"],"picked":"animator:Sloth","floor":24.0},{"not_picked":["animator:Aqua","animator:Mitsurugi"],"picked":"animator:Darkness","floor":25.0},{"not_picked":["animator:Cocytus","animator:Shuna"],"picked":"animator:ChlammyZell+1","floor":28.0},{"not_picked":["animator:CowGirl","animator:Benimaru"],"picked":"animator:Darkness","floor":31.0},{"not_picked":["animator:SwordMaiden","animator:Saitama"],"picked":"animator:GoblinSlayer","floor":33.0},{"not_picked":["animator:ElricAlphonse","animator:Demiurge+1"],"picked":"animator:Witch","floor":35},{"not_picked":["animator:Priestess","animator:CowGirl"],"picked":"animator:GuildGirl","floor":36},{"not_picked":["animator:Berserker+1","animator:Saber"],"picked":"animator:LizardPriest","floor":37},{"not_picked":["animator:Sonic","animator:HighElfArcher"],"picked":"animator:LizardPriest","floor":38},{"not_picked":["animator:Emilia","animator:Magilou"],"picked":"animator:Kira","floor":41},{"not_picked":["animator:Wiz","animator:Evileye"],"picked":"animator:Shuna+1","floor":42}],"player_experience":53012,"relics_obtained":[{"floor":9.0,"key":"Mango"},{"floor":13.0,"key":"White Beast Statue"},{"floor":19.0,"key":"Red Mask"},{"floor":23.0,"key":"Ancient Tea Set"},{"floor":42,"key":"Whetstone"}],"event_choices":[{"damage_healed":0.0,"max_hp_gain":5.0,"max_hp_loss":0.0,"gold_gain":0.0,"event_name":"Big Fish","player_choice":"Donut","floor":2.0,"gold_loss":0.0,"damage_taken":0.0},{"damage_healed":0.0,"max_hp_gain":0.0,"max_hp_loss":0.0,"gold_gain":0.0,"event_name":"Liars Game","player_choice":"Ignored","floor":3.0,"gold_loss":0.0,"damage_taken":0.0},{"damage_healed":0.0,"max_hp_gain":0.0,"max_hp_loss":0.0,"gold_gain":0.0,"event_name":"Lab","player_choice":"Got Potions","floor":5.0,"gold_loss":0.0,"damage_taken":0.0},{"cards_removed":["animator:Strike"],"damage_healed":0.0,"max_hp_gain":0.0,"max_hp_loss":0.0,"gold_gain":0.0,"event_name":"Golden Wing","player_choice":"Card Removal","floor":11.0,"gold_loss":0.0,"damage_taken":7.0},{"damage_healed":0.0,"max_hp_gain":0.0,"max_hp_loss":0.0,"gold_gain":0.0,"event_name":"Dead Adventurer","player_choice":"Searched \u00271\u0027 times","floor":12.0,"gold_loss":0.0,"damage_taken":0.0,"relics_obtained":["Strawberry"]},{"damage_healed":0.0,"max_hp_gain":0.0,"max_hp_loss":0.0,"gold_gain":0.0,"event_name":"Masked Bandits","player_choice":"Fought Bandits","floor":19.0,"gold_loss":0.0,"damage_taken":0.0},{"damage_healed":0.0,"max_hp_gain":0.0,"max_hp_loss":0.0,"gold_gain":0.0,"event_name":"The Woman in Blue","player_choice":"Bought 0 Potions","floor":21.0,"gold_loss":0.0,"damage_taken":0.0},{"cards_removed":["animator:Strike"],"damage_healed":0.0,"max_hp_gain":0.0,"max_hp_loss":0.0,"gold_gain":0.0,"event_name":"NoteForYourself","player_choice":"Took Card","floor":30.0,"gold_loss":0.0,"damage_taken":0.0,"cards_obtained":["Blur"]},{"damage_healed":0,"gold_gain":0,"player_choice":"Memory 1","damage_taken":0,"max_hp_gain":0,"max_hp_loss":0,"event_name":"SensoryStone","floor":41,"gold_loss":0}],"is_beta":false,"boss_relics":[{"not_picked":["Philosopher\u0027s Stone","Fusion Hammer"],"picked":"Cursed Key"},{"not_picked":["Calling Bell","Runic Dome"],"picked":"animator:RacePiece"}],"items_purged_floors":[22,39],"is_endless":false,"potions_floor_spawned":[1,10,14,16,18,19,20,23,24,25,28,31,33,35,36,37,38,42],"killed_by":"Giant Head","ascension_level":0}}