{"host":"gvmmh8a4dbuurnvz","time":1613479485,"event":{"mods":["AchievementEnabler","Aspiration","BaseMod","Better Vampires","BetterRewards","Colored Powertips","Highlight Path","Minty Spire (QoL Compilation)","MostiFishMod","Spicy Shops","StSLib","¡¾ÒÅÎï¿¨ÅÆ¡¿REMEMod"],"gold_per_floor":[117,117,267,267,267,295,295,322,322,357,369,369,394,414,414,486,486,1105,1124,924,939,957,957,989,989,1036,1065,815,865,876,896,896,974,974,987,987,987,1012,1029,1054,1054,1054,1081,1092,1105,1138,1138,1184,1184,1184,1184,1184,1184,1184,1218,1218],"floor_reached":57,"language":"ZHS","playtime":2630,"items_purged":["Bash","Strike_R","Defend_R","Doubt","MostiFishMod:MusicBox","Defend_R","Defend_R","Strike_R","Strike_R","Defend_R+1","Strike_R+1"],"score":4277,"play_id":"700d5aff-12e7-4a3d-9f67-cd30c0fccaaa","local_time":"20210216204445","is_ascension_mode":true,"campfire_choices":[{"floor":15.0,"key":"RECALL"},{"data":"MostiFishMod:RacingGame","floor":23.0,"key":"SMITH"},{"data":"Evolve","floor":25.0,"key":"SMITH"},{"data":"Rampage","floor":32.0,"key":"SMITH"},{"data":"Sword Boomerang","floor":42.0,"key":"SMITH"},{"data":"REME_Cut","floor":47.0,"key":"SMITH"},{"data":"Strike_R","floor":49.0,"key":"SMITH"},{"data":"Strike_R","floor":53.0,"key":"SMITH"}],"circlet_count":0,"master_deck":["AscendersBane","Strike_R+1","REME_Cut+1","Evolve+1","Rampage+1","MostiFishMod:RacingGame+1","Flame Barrier+1","Sword Boomerang+1","Fire Breathing+1"],"relics":["Burning Blood","DaveBox","REME_ComplimentaryCards","GreenFoldingFan","DiscerningMonocle","Blood Vial","Lantern","InkBottle","Thread and Needle","Bronze Scales","Tiny Chest","Mummified Hand","Juzu Bracelet","SynthV:TestCard","Ornamental Fan","Civilization","aspiration:Lifesprig","Vajra","Self Forming Clay","Nunchaku","aspiration:SeaSaltIceCream","DaveBox","xbg","Matryoshka","Blue Candle","Omamori","Mark of Pain","Bag of Preparation","Boot","Frozen Egg 2","Anchor","War Paint","SlaversCollar","TungstenRod","Mercury Hourglass","Brimstone","SynthV:C4","Bottled Tornado"],"acts_visited":["Exordium","TheCity","TheBeyond","TheEnding"],"potions_floor_usage":[56,56],"damage_taken":[{"damage":8.0,"enemies":"Small Slimes","floor":1.0,"turns":4.0},{"damage":14.0,"enemies":"Gremlin Nob","floor":6.0,"turns":4.0},{"damage":10.0,"enemies":"3 Sentries","floor":8.0,"turns":4.0},{"damage":13.0,"enemies":"Lagavulin","floor":10.0,"turns":4.0},{"damage":2.0,"enemies":"Jaw Worm","floor":11.0,"turns":1.0},{"damage":6.0,"enemies":"Gremlin Nob","floor":13.0,"turns":3.0},{"damage":2.0,"enemies":"2 Louse","floor":14.0,"turns":1.0},{"damage":21.0,"enemies":"The Guardian","floor":16.0,"turns":6.0},{"damage":22.0,"enemies":"2 Thieves","floor":18.0,"turns":2.0},{"damage":22.0,"enemies":"Chosen","floor":19.0,"turns":4.0},{"damage":4.0,"enemies":"Snecko","floor":21.0,"turns":2.0},{"damage":4.0,"enemies":"Cultist and Chosen","floor":22.0,"turns":2.0},{"damage":4.0,"enemies":"Slavers","floor":24.0,"turns":2.0},{"damage":4.0,"enemies":"Book of Stabbing","floor":27.0,"turns":2.0},{"damage":6.0,"enemies":"Shelled Parasite and Fungi","floor":30.0,"turns":3.0},{"damage":4.0,"enemies":"Snecko","floor":31.0,"turns":2.0},{"damage":4.0,"enemies":"Champ","floor":33.0,"turns":2.0},{"damage":4.0,"enemies":"3 Darklings","floor":35.0,"turns":2.0},{"damage":4.0,"enemies":"Mind Bloom Boss Battle","floor":38.0,"turns":2.0},{"damage":2.0,"enemies":"3 Shapes","floor":39.0,"turns":2.0},{"damage":2.0,"enemies":"Giant Head","floor":40.0,"turns":2.0},{"damage":2.0,"enemies":"Maw","floor":44.0,"turns":2.0},{"damage":1.0,"enemies":"3 Darklings","floor":45.0,"turns":1.0},{"damage":1.0,"enemies":"Reptomancer","floor":46.0,"turns":1.0},{"damage":2.0,"enemies":"Time Eater","floor":50.0,"turns":2.0},{"damage":3.0,"enemies":"Awakened One","floor":51.0,"turns":3.0},{"damage":2.0,"enemies":"Shield and Spear","floor":55.0,"turns":2.0},{"damage":77,"enemies":"The Heart","floor":56,"turns":4}],"seed_played":"6471091472977593275","potions_obtained":[{"floor":6.0,"key":"BloodPotion"},{"floor":10.0,"key":"Dexterity Potion"},{"floor":24.0,"key":"Strength Potion"},{"floor":55.0,"key":"EssenceOfSteel"}],"is_trial":false,"path_per_floor":["M","$","?","T","$","E","T","E","T","E","M","T","E","M","R","B",null,"M","M","$","M","M","R","E","R","T","E","$","?","M","M","R","B",null,"M","?","$","?","M","E","$","R","T","M","M","E","R","T","R","B","B",null,"R","$","E","B",null],"character_chosen":"IRONCLAD","items_purchased":["DiscerningMonocle","Blood Vial","Lantern","REME_GoldPotion","InkBottle","Block Potion","HeartOfIron","REME_Cut","Evolve","Bronze Scales","Tiny Chest","Mummified Hand","Juzu Bracelet","Rampage","Ornamental Fan","Civilization","aspiration:Lifesprig","Vajra","Self Forming Clay","Nunchaku","Bag of Preparation","Boot","Swift Potion","Flame Barrier","Anchor","War Paint","Sword Boomerang","Brimstone"],"campfire_rested":0,"item_purchase_floors":[0,0,0,0,0,0,0,0,0,0,0,0,0,0,2,2,2,5,5,5,20,20,20,20,28,28,37,41],"current_hp_per_floor":[75,75,75,75,75,76,76,80,80,85,90,90,95,100,100,100,104,104,105,105,120,125,125,130,130,130,135,135,135,140,145,145,150,150,155,155,155,160,165,170,170,170,170,175,180,185,185,185,185,190,195,195,195,195,200,144],"gold":1218,"neow_bonus":"","is_daily":false,"chose_seed":false,"campfire_upgraded":7,"win_rate":0.0,"timestamp":1613479485,"path_taken":["M","$","?","?","$","E","?","E","T","E","M","?","E","M","R","BOSS","M","M","$","M","M","R","E","R","T","E","$","?","M","M","R","BOSS","M","?","$","?","M","E","$","R","T","M","M","E","R","?","R","BOSS","BOSS","R","$","E","BOSS"],"items_purchased_type":["Relic","Relic","Relic","Potion","Relic","Potion","Potion","Card","Card","Relic","Relic","Relic","Relic","Card","Relic","Relic","Relic","Relic","Relic","Relic","Relic","Relic","Potion","Card","Relic","Relic","Card","Relic"],"build_version":"2020-12-22","purchased_purges":11,"victory":true,"max_hp_per_floor":[75,75,75,75,75,76,76,80,80,85,90,90,95,100,100,105,105,110,115,115,120,125,125,130,130,130,135,135,135,140,145,145,150,150,155,155,155,160,165,170,170,170,170,175,180,185,185,185,185,190,195,195,195,195,200,205],"card_choices":[{"not_picked":["Power Through","Twin Strike","Clash"],"picked":"SKIP","floor":1.0},{"not_picked":["Combust","Anger","MostiFishMod:BrandingRite","Evolve"],"picked":"MostiFishMod:RacingGame","floor":6.0},{"not_picked":["Body Slam","REME_FearOfPain","Anger","Thunderclap","Metallicize"],"picked":"SKIP","floor":8.0},{"not_picked":["Clash","Rampage","Fiend Fire","Armaments","Sword Boomerang"],"picked":"SKIP","floor":10.0},{"not_picked":["REME_Cut","Searing Blow","Cleave","Anger","Perfected Strike"],"picked":"SKIP","floor":11.0},{"not_picked":["Flame Barrier","Flex","Twin Strike","MostiFishMod:BrandingRite","MostiFishMod:404NotFound"],"picked":"SKIP","floor":13.0},{"not_picked":["Twin Strike","True Grit","Clash","Cleave","Thunderclap"],"picked":"SKIP","floor":14.0},{"not_picked":["Heavy Blade","Second Wind","Armaments","Uppercut","Metallicize"],"picked":"SKIP","floor":18.0},{"not_picked":["REME_Cut","Armaments+1","Havoc","Carnage+1","Twin Strike"],"picked":"SKIP","floor":19.0},{"not_picked":["Clothesline+1","Thunderclap","Infernal Blade","Combust","Wild Strike"],"picked":"SKIP","floor":21.0},{"not_picked":["Shrug It Off+1","Cleave","Second Wind","Blood for Blood","Ghostly Armor"],"picked":"SKIP","floor":22.0},{"not_picked":["Sentinel","Perfected Strike","Brutality+1","Feed","REME_Scribble"],"picked":"SKIP","floor":24.0},{"not_picked":["Headbutt","Clash","Cleave","Wild Strike","True Grit"],"picked":"SKIP","floor":27.0},{"not_picked":["Reckless Charge","Disarm","Ghostly Armor","Bloodletting","Inflame+1"],"picked":"SKIP","floor":30.0},{"not_picked":["Cleave","Shockwave","Pommel Strike","Thunderclap","Wild Strike"],"picked":"SKIP","floor":31.0},{"not_picked":["Flex","Body Slam","MostiFishMod:#F4004","Headbutt","Flame Barrier"],"picked":"SKIP","floor":35.0},{"not_picked":["Cleave","Headbutt","Carnage","Clash+1","Disarm"],"picked":"SKIP","floor":39.0},{"not_picked":["Offering","Warcry+1","Clash+1","Headbutt+1","Pommel Strike"],"picked":"SKIP","floor":40.0},{"not_picked":["Clothesline","Anger","Cleave","Wild Strike","Heavy Blade"],"picked":"SKIP","floor":44.0},{"not_picked":["Clothesline","Anger","Dropkick","Iron Wave","Havoc"],"picked":"SKIP","floor":45.0},{"not_picked":["REME_FearOfPain+1","Battle Trance","Sword Boomerang","Perfected Strike","Whirlwind"],"picked":"SKIP","floor":46.0},{"not_picked":["Clash","Body Slam+1","Evolve+1","Warcry"],"picked":"Fire Breathing+1","floor":55.0}],"player_experience":334290,"relics_obtained":[{"floor":1.0,"key":"SynthV:TestCard"},{"floor":7.0,"key":"aspiration:SeaSaltIceCream"},{"floor":8.0,"key":"Matryoshka"},{"floor":9.0,"key":"Blue Candle"},{"floor":13.0,"key":"Omamori"},{"floor":24.0,"key":"Frozen Egg 2"},{"floor":38.0,"key":"TungstenRod"},{"floor":40.0,"key":"Mercury Hourglass"},{"floor":48.0,"key":"SynthV:C4"},{"floor":55.0,"key":"Bottled Tornado"}],"event_choices":[{"damage_healed":0.0,"max_hp_gain":0.0,"max_hp_loss":0.0,"gold_gain":150.0,"event_name":"Liars Game","player_choice":"AGREE","floor":3.0,"gold_loss":0.0,"damage_taken":0.0,"cards_obtained":["Doubt"]},{"damage_healed":0.0,"max_hp_gain":0.0,"max_hp_loss":0.0,"gold_gain":50.0,"event_name":"Nest","player_choice":"Stole From Cult","floor":29.0,"gold_loss":0.0,"damage_taken":0.0},{"damage_healed":0.0,"max_hp_gain":0.0,"max_hp_loss":0.0,"gold_gain":0.0,"event_name":"SecretPortal","player_choice":"Ignored","floor":36.0,"gold_loss":0.0,"damage_taken":0.0},{"damage_healed":0.0,"max_hp_gain":0.0,"max_hp_loss":0.0,"gold_gain":0.0,"event_name":"MindBloom","player_choice":"Fight","floor":38.0,"gold_loss":0.0,"damage_taken":0.0}],"is_beta":false,"boss_relics":[{"not_picked":["aspiration:WatcherSkillbook","aspiration:RitualDagger"],"picked":"Mark of Pain"},{"not_picked":["EE1DDrone","aspiration:DefectSkillbook"],"picked":"SlaversCollar"}],"items_purged_floors":[0,0,2,5,20,20,28,28,37,41,54],"is_endless":false,"potions_floor_spawned":[6,10,13,14,16,21,22,24,30,45,46,55],"ascension_level":20}}