{"host":"za1qviwhp34x909e","time":1613470049,"event":{"mods":["Act Like it!","BaseMod","Colored Map","Colored Powertips","Downfall","Highlight Path","Hubris","Koishi","Marisa????????","Minty Spire (QoL Compilation)","Quick Restart","Reimu??????","Replay The Spire","StSLib","The Servant 0.9.4"],"gold_per_floor":[114,14,14,34,50,80,80,107,107,135,410,410,442,454,454,551,551,567,567,585,92,106,140,140,174,174,190,223,223,240,315,315,418,418,438,452,110,127,2,34,53,88,88,88,139,139,168,186,186,186,186],"floor_reached":50,"language":"ENG","playtime":4308,"items_purged":["Strike_S","Defend_S","Parasite"],"score":945,"play_id":"8ebf045b-ba07-4330-88f2-9304c31fc9df","local_time":"20210216040729","is_ascension_mode":true,"campfire_choices":[{"data":"ShatteredReality","floor":7,"key":"SMITH"},{"floor":12,"key":"REST"},{"floor":15,"key":"REST"},{"data":"Alleviate","floor":29,"key":"SMITH"},{"data":"Alleviate","floor":32,"key":"SMITH"},{"floor":49,"key":"RECALL"}],"circlet_count":0,"master_deck":["Defend_S","Defend_S","Defend_S","KidneyShot","Exchange","Defy","Potential+1","Replace","TheWorld+1","RealityMarble","Potential+1","Alleviate+1","InstantArmor","Foresight+1","BottledTime","MurderousAura","Sabotage+1","Advance","SoulSculpture","Revamp+1","Dilation","Alleviate+1","SilverBlades+1","Potential+1","Reset+1","hubris:DuctTapeCard+2","Replace+1","SpecialFormula","DualDimension+1"],"relics":["Uniform","WingedGreaves","CrazyTorch:ReiMu","Onion Ring","Replay:Mystery Machine","Replay:Bottled Eggs","Replay:Grab Bag","hubris:TerracottaHorce","Sozu","Black Star","Letter Opener","Replay:Multitool","Durian","Singing Bowl","Tea:ReiMu","hubris:CrystalStatue","Eternal Feather","Golden Egg","Astrolabe","hubris:DuctTape","Iron Hammer","Pear","Replay:Accelerometer","Ornamental Fan","CatCart","Art of War","Smiling Mask","Toxic Egg 2"],"acts_visited":["Exordium","TheCity","TheBeyond"],"potions_floor_usage":[6,8,8,8],"damage_taken":[{"damage":0,"enemies":"Small Slimes","floor":1,"turns":4},{"damage":0,"enemies":"Cultist","floor":4,"turns":3},{"damage":4,"enemies":"Jaw Worm","floor":5,"turns":3},{"damage":24,"enemies":"Gremlin Nob","floor":6,"turns":4},{"damage":10,"enemies":"Lagavulin","floor":8,"turns":4},{"damage":22,"enemies":"Gremlin Nob","floor":10,"turns":4},{"damage":11,"enemies":"Lagavulin","floor":13,"turns":6},{"damage":0,"enemies":"Gremlin Gang","floor":14,"turns":2},{"damage":0,"enemies":"Hexaghost","floor":16,"turns":8},{"damage":0,"enemies":"Spheric Guardian","floor":18,"turns":3},{"damage":0,"enemies":"3 Byrds","floor":20,"turns":4},{"damage":12,"enemies":"Centurion and Healer","floor":22,"turns":2},{"damage":15,"enemies":"Slavers","floor":23,"turns":3},{"damage":4,"enemies":"Gremlin Leader","floor":25,"turns":5},{"damage":0,"enemies":"Snake Plant","floor":27,"turns":2},{"damage":0,"enemies":"Book of Stabbing","floor":28,"turns":4},{"damage":0,"enemies":"Sentry and Sphere","floor":30,"turns":2},{"damage":0,"enemies":"Pondfish","floor":33,"turns":7},{"damage":16,"enemies":"3 Darklings","floor":35,"turns":3},{"damage":1,"enemies":"3 Shapes","floor":36,"turns":4},{"damage":3,"enemies":"Writhing Mass","floor":38,"turns":6},{"damage":32,"enemies":"Nemesis","floor":40,"turns":7},{"damage":25,"enemies":"Transient","floor":41,"turns":5},{"damage":0,"enemies":"Reptomancer","floor":42,"turns":5},{"damage":37,"enemies":"Orin","floor":45,"turns":7},{"damage":4,"enemies":"Giant Head","floor":47,"turns":6},{"damage":0,"enemies":"Spire Growth","floor":48,"turns":4},{"damage":108,"enemies":"Time Eater","floor":50,"turns":9}],"seed_played":"-3735430113184928390","potions_obtained":[{"floor":0,"key":"bronze:BurnAndBuffPotion"},{"floor":0,"key":"Explosive Potion"},{"floor":0,"key":"Milkshake"},{"floor":4,"key":"AttackPotion"},{"floor":6,"key":"Explosive Potion"}],"is_trial":false,"path_per_floor":["M","$","?","M","M","E","R","E","T","E","?","R","E","M","R","B",null,"M","?","M","$","M","E","R","E","T","M","E","R","M","?","R","B",null,"M","M","$","M","$","E","M","E","T","R","?","T","E","M","R","B"],"character_chosen":"THE_SERVANT","items_purchased":["Potential","Replace","Advance","SoulSculpture","Letter Opener","hubris:DuctTape"],"campfire_rested":2,"item_purchase_floors":[2,2,21,21,21,37],"current_hp_per_floor":[65,65,65,65,61,37,37,27,27,5,5,24,13,13,32,32,57,57,57,57,57,45,35,56,52,52,52,54,69,71,64,74,76,76,60,61,61,60,60,40,15,17,17,59,22,22,23,33,48,0,0],"gold":186,"neow_bonus":"THREE_SMALL_POTIONS","is_daily":false,"chose_seed":false,"campfire_upgraded":3,"win_rate":0.0,"timestamp":1613470049,"path_taken":["M","$","?","M","M","E","R","E","T","E","?","R","E","M","R","BOSS","M","?","M","$","?","E","R","E","T","M","E","R","M","?","R","BOSS","M","M","$","M","$","E","?","E","T","R","?","?","E","M","R","BOSS"],"items_purchased_type":["Card","Card","Card","Card","Relic","Relic"],"build_version":"2020-12-22","purchased_purges":3,"victory":false,"max_hp_per_floor":[65,65,65,65,65,65,65,65,65,65,65,65,65,65,65,65,65,65,65,65,65,65,70,70,70,70,70,72,72,74,74,74,76,76,76,78,78,80,77,89,89,91,91,91,91,91,91,93,93,93,93],"card_choices":[{"not_picked":["Spin","Reset"],"picked":"Defy","floor":1},{"not_picked":["BottledTime","Defy"],"picked":"TheWorld","floor":4},{"not_picked":["Rearm","Potential"],"picked":"RealityMarble","floor":5},{"not_picked":["MoonPhase","Sabotage"],"picked":"Potential","floor":6},{"not_picked":["FastForward","Reset"],"picked":"Alleviate","floor":8},{"not_picked":["Hightail","Defy"],"picked":"InstantArmor","floor":10},{"not_picked":["Foresight","Sunlight","Rewind"],"picked":"SKIP","floor":13},{"not_picked":["Sunlight","Rewind"],"picked":"Foresight","floor":13},{"not_picked":["Defy","Rearm"],"picked":"BottledTime","floor":14},{"not_picked":["ForgedInTime","Initiator"],"picked":"MurderousAura","floor":16},{"not_picked":["ShatteredReality","FastForward"],"picked":"Sabotage+1","floor":18},{"not_picked":["Starlight","FastForward","FanOfKnives"],"picked":"SKIP","floor":20},{"not_picked":["Desolation+1","DoubleEdge+1","Foresight"],"picked":"SKIP","floor":22},{"not_picked":["Desolation","Luminosity"],"picked":"Revamp+1","floor":23},{"not_picked":["Starlight+1","BottledTime"],"picked":"Dilation","floor":25},{"not_picked":["FastForward","Rearm"],"picked":"Alleviate","floor":27},{"not_picked":["SurpressingFire","Manipulate","Alleviate"],"picked":"Singing Bowl","floor":28},{"not_picked":["Manipulate","Rearm","TimeWarp+1"],"picked":"Singing Bowl","floor":30},{"not_picked":["Solidify","LightFlow","FlawlessForm"],"picked":"Singing Bowl","floor":33},{"not_picked":["DoubleEdge+1","Ricochet+1"],"picked":"ShatteredReality","floor":35},{"not_picked":["Ricochet","Alleviate+1","Spin"],"picked":"Singing Bowl","floor":36},{"not_picked":["Revamp","DoubleEdge+1","Potential+1"],"picked":"Singing Bowl","floor":38},{"not_picked":["WasteNot","Luminosity","ShatteredReality+1"],"picked":"Singing Bowl","floor":40},{"not_picked":["BottledTime","TimeWarp+1"],"picked":"Replace+1","floor":41},{"not_picked":["Luminosity+1","Sabotage","Rewind+1"],"picked":"Singing Bowl","floor":42},{"not_picked":["Starlight","Unruled"],"picked":"SpecialFormula","floor":45},{"not_picked":["Reset+1","Gouge"],"picked":"DualDimension+1","floor":47},{"not_picked":["DoubleEdge","Potential","Starlight"],"picked":"Singing Bowl","floor":48}],"player_experience":746547,"relics_obtained":[{"floor":6,"key":"WingedGreaves"},{"floor":8,"key":"CrazyTorch:ReiMu"},{"floor":9,"key":"Onion Ring"},{"floor":10,"key":"Replay:Mystery Machine"},{"floor":13,"key":"Replay:Bottled Eggs"},{"floor":23,"key":"Replay:Multitool"},{"floor":23,"key":"Durian"},{"floor":25,"key":"Singing Bowl"},{"floor":25,"key":"Tea:ReiMu"},{"floor":26,"key":"hubris:CrystalStatue"},{"floor":28,"key":"Eternal Feather"},{"floor":28,"key":"Golden Egg"},{"floor":40,"key":"Iron Hammer"},{"floor":40,"key":"Pear"},{"floor":42,"key":"Replay:Accelerometer"},{"floor":42,"key":"Ornamental Fan"},{"floor":45,"key":"CatCart"},{"floor":46,"key":"Art of War"},{"floor":47,"key":"Smiling Mask"},{"floor":47,"key":"Toxic Egg 2"}],"event_choices":[{"damage_healed":0,"gold_gain":275,"player_choice":"Desecrate","damage_taken":0,"max_hp_gain":0,"max_hp_loss":0,"event_name":"Golden Shrine","floor":11,"gold_loss":0,"cards_obtained":["Regret"]},{"cards_removed":["Regret"],"damage_healed":0,"gold_gain":0,"player_choice":"Purged","damage_taken":0,"max_hp_gain":0,"max_hp_loss":0,"event_name":"Purifier","floor":19,"gold_loss":0},{"damage_healed":0,"gold_gain":75,"player_choice":"Touch","damage_taken":7,"max_hp_gain":0,"max_hp_loss":0,"event_name":"FaceTrader","floor":31,"gold_loss":0},{"damage_healed":0,"gold_gain":0,"player_choice":"Fight","damage_taken":0,"max_hp_gain":0,"max_hp_loss":0,"event_name":"OrinTheCat","floor":45,"gold_loss":0}],"is_beta":false,"boss_relics":[{"not_picked":["Cursed Key","MysterySword"],"picked":"Replay:Grab Bag"},{"not_picked":["Runic Dome","Ectoplasm"],"picked":"hubris:TerracottaHorce"},{"not_picked":["Painkiller Herb","hubris:CrackedHourglass"],"picked":"Sozu"},{"not_picked":["hubris:BlackHole","Runic Pyramid"],"picked":"Black Star"},{"not_picked":["StoneMask","Snecko Eye"],"picked":"Astrolabe"}],"items_purged_floors":[21,37,39],"is_endless":false,"potions_floor_spawned":[4,6,22,23,28,33,36,38,40],"killed_by":"Time Eater","ascension_level":2}}