{"host":"gvmmh8a4dbuurnvz","time":1613453039,"event":{"mods":["AchievementEnabler","Aspiration","BaseMod","Better Vampires","BetterRewards","Colored Powertips","Highlight Path","Minty Spire (QoL Compilation)","MostiFishMod","Spicy Shops","StSLib","¡¾ÒÅÎï¿¨ÅÆ¡¿REMEMod"],"gold_per_floor":[125,144,163,163,2,2,15,40,40,84,107,157,182,198,198,326,326,350,366,465,1088,1088,1728,1728,1728,1728,1728,1753,1762,1762,1804,1804,1933,1996,2628,2628,2652,2652,2752,2788,2788,3407,3407,3430,3451,3451,3451,3297,3297,3297,3297,3297,3297,3331,3331],"floor_reached":56,"language":"ZHS","playtime":1957,"items_purged":["Doubt","Strike_B","Strike_B","Defend_B","Strike_B","Strike_B","Defend_B","Defend_B+1","Leap","MostiFishMod:DeathFromBelow+1","MostiFishMod:FrostNova+1"],"score":2305,"play_id":"494c3afd-e588-42a6-9abf-4837a2be0c85","local_time":"20210216132359","is_ascension_mode":true,"campfire_choices":[{"floor":6.0,"key":"RECALL"},{"data":"Heatsinks","floor":15.0,"key":"SMITH"},{"data":"MostiFishMod:ActiveDefenseSystem","floor":24,"key":"SMITH"},{"data":"Panache","floor":27,"key":"SMITH"},{"data":"REME_ShadowForm","floor":32,"key":"SMITH"},{"data":"Dualcast+1","floor":47,"key":"PURGE"},{"data":"Capacitor+1","floor":49,"key":"PURGE"},{"data":"MostiFishMod:WinterMarkForm+1","floor":52,"key":"PURGE"}],"circlet_count":0,"master_deck":["REME_ShadowForm+1","Panache+1","Storm+1","Storm+1","Storm+1","MostiFishMod:ActiveDefenseSystem+1","Heatsinks+1","Defragment+1","Capacitor+1","Electrodynamics+1","MostiFishMod:Prepare+1","MostiFishMod:Nova+1"],"relics":["Cracked Core","DaveBox","REME_ComplimentaryCards","FrostBlade","Mummified Hand","CeramicFish","SynthV:C4","Membership Card","Peace Pipe","Matryoshka","Lantern","SynthV:TestCard","Golden Idol","DiscerningMonocle","Bag of Marbles","Bottled Tornado","MetatronsCube","War Paint","Coffee Dripper","aspiration:EnhancedActuators","Omamori","Frozen Egg 2","BrkXgEgg","CombinedTypeHook","Runic Capacitor","Tiny House","Gremlin Horn","ImprovedEquipment","BirthdayGift-Icosahedron","OriginationStaff","Bag of Preparation","REME_CardOfGreed","Mark of the Bloom","HornCleat","Anchor","aspiration:HatOfInfinitePower","Blue Candle","ClockworkSouvenir","Art of War"],"acts_visited":["Exordium","TheCity","TheBeyond","TheEnding"],"potions_floor_usage":[],"damage_taken":[{"damage":5.0,"enemies":"Small Slimes","floor":1.0,"turns":2.0},{"damage":0.0,"enemies":"Jaw Worm","floor":2.0,"turns":1.0},{"damage":0.0,"enemies":"Cultist","floor":3.0,"turns":2.0},{"damage":0.0,"enemies":"Exordium Thugs","floor":7.0,"turns":2.0},{"damage":0.0,"enemies":"3 Louse","floor":8.0,"turns":1.0},{"damage":0.0,"enemies":"Lagavulin","floor":10.0,"turns":2.0},{"damage":0.0,"enemies":"Lots of Slimes","floor":11.0,"turns":1.0},{"damage":0.0,"enemies":"Gremlin Nob","floor":12.0,"turns":2.0},{"damage":0.0,"enemies":"Large Slime","floor":13.0,"turns":1.0},{"damage":0.0,"enemies":"3 Louse","floor":14.0,"turns":1.0},{"damage":0.0,"enemies":"The Guardian","floor":16.0,"turns":2.0},{"damage":0.0,"enemies":"Chosen","floor":18.0,"turns":2.0},{"damage":0.0,"enemies":"Spheric Guardian","floor":19.0,"turns":2.0},{"damage":0.0,"enemies":"Snecko","floor":21.0,"turns":1.0},{"damage":0,"enemies":"Book of Stabbing","floor":23,"turns":1},{"damage":0,"enemies":"Snake Plant","floor":28,"turns":1},{"damage":25,"enemies":"Slavers","floor":31,"turns":2},{"damage":0,"enemies":"Automaton","floor":33,"turns":2},{"damage":0,"enemies":"3 Darklings","floor":35,"turns":1},{"damage":2,"enemies":"Orb Walker","floor":37,"turns":2},{"damage":0,"enemies":"Reptomancer","floor":40,"turns":2},{"damage":0,"enemies":"Maw","floor":42,"turns":1},{"damage":0,"enemies":"4 Shapes","floor":44,"turns":1},{"damage":0,"enemies":"3 Darklings","floor":45,"turns":1},{"damage":0,"enemies":"Time Eater","floor":50,"turns":1},{"damage":0,"enemies":"Shield and Spear","floor":54,"turns":1},{"damage":0,"enemies":"The Heart","floor":55,"turns":3}],"seed_played":"-2339560487458322991","potions_obtained":[{"floor":1.0,"key":"Fire Potion"},{"floor":2.0,"key":"Energy Potion"},{"floor":12.0,"key":"GamblersBrew"},{"floor":16.0,"key":"Swift Potion"},{"floor":18.0,"key":"SkillPotion"},{"floor":19.0,"key":"Strength Potion"}],"is_trial":false,"path_per_floor":["M","M","M","?","$","R","M","M","T","E","M","E","M","M","R","B",null,"M","M","?","M","$","E","R","?","T","R","M","$","?","E","R","B",null,"M","?","M","$","?","E","$","M","T","M","M","?","R","$","R","B",null,"R","$","E","B",null],"character_chosen":"DEFECT","items_purchased":["Mummified Hand","CeramicFish","SynthV:C4","Panache","Membership Card","Peace Pipe","REME_GoldPotion","Matryoshka","Storm","Lantern","DiscerningMonocle","Bag of Marbles","Bottled Tornado","MetatronsCube","aspiration:EnhancedActuators","Frozen Egg 2","BrkXgEgg","CombinedTypeHook","Runic Capacitor","Capacitor+1","BlessingOfTheForge","Gremlin Horn","ImprovedEquipment","BirthdayGift-Icosahedron","OriginationStaff","Bag of Preparation","REME_CardOfGreed","HornCleat","MostiFishMod:Nova+1","Anchor","aspiration:HatOfInfinitePower","Blue Candle","ClockworkSouvenir","Art of War"],"campfire_rested":0,"item_purchase_floors":[0,0,0,0,0,0,0,0,0,0,5,5,5,5,22,29,29,29,29,29,29,38,38,41,41,41,41,48,48,53,53,53,53,53],"current_hp_per_floor":[70,70,70,52,52,52,52,52,52,52,52,52,52,52,52,52,69,69,69,69,69,69,69,69,69,69,69,69,69,69,44,44,44,72,72,72,70,70,70,70,70,71,71,72,73,73,73,73,73,73,73,73,73,73,73],"gold":3331,"neow_bonus":"","is_daily":false,"chose_seed":false,"campfire_upgraded":4,"win_rate":0.0,"timestamp":1613453039,"path_taken":["M","M","M","?","$","R","M","M","T","E","M","E","M","M","R","BOSS","M","M","?","M","$","E","R","?","T","R","M","$","?","E","R","BOSS","M","?","M","?","?","E","$","?","T","M","?","?","R","$","R","BOSS","R","$","E","BOSS"],"items_purchased_type":["Relic","Relic","Relic","Card","Relic","Relic","Potion","Relic","Card","Relic","Relic","Relic","Relic","Relic","Relic","Relic","Relic","Relic","Relic","Card","Potion","Relic","Relic","Relic","Relic","Relic","Relic","Relic","Card","Relic","Relic","Relic","Relic","Relic"],"build_version":"2020-12-22","purchased_purges":11,"victory":true,"max_hp_per_floor":[75,75,75,75,75,75,75,75,75,75,75,75,75,75,75,75,75,75,75,75,75,75,75,75,75,75,75,75,75,75,75,75,75,80,80,80,80,80,80,80,80,80,80,80,80,80,80,80,80,80,80,80,80,80,80],"card_choices":[{"not_picked":["Go for the Eyes","Steam"],"picked":"Storm","floor":1.0},{"not_picked":["Streamline","Doom and Gloom","Gash","Turbo"],"picked":"Leap","floor":2.0},{"not_picked":["Leap","Streamline","Undo","Tempest"],"picked":"Storm","floor":3.0},{"not_picked":["Redo","Sweeping Beam","Hologram","Steam","Turbo"],"picked":"SKIP","floor":7.0},{"not_picked":["Undo","Beam Cell","Turbo","Coolheaded"],"picked":"MostiFishMod:ActiveDefenseSystem","floor":8.0},{"not_picked":["Rebound","MostiFishMod:ATRI","MostiFishMod:ReprogramOld","Glacier","Beam Cell"],"picked":"SKIP","floor":10.0},{"not_picked":["Hello World","Glacier","Beam Cell","Leap","Auto Shields"],"picked":"SKIP","floor":11.0},{"not_picked":["Go for the Eyes","Rebound","Gash","Turbo"],"picked":"Heatsinks","floor":12.0},{"not_picked":["Beam Cell","Darkness","Chill","Cold Snap","Streamline"],"picked":"SKIP","floor":13.0},{"not_picked":["Rip and Tear","MostiFishMod:IceShield","Cold Snap","REME_SelfUpgrade","Core Surge"],"picked":"SKIP","floor":14.0},{"not_picked":["Machine Learning","Meteor Strike","MostiFishMod:Prepare","Hyperbeam"],"picked":"MostiFishMod:DeathFromBelow","floor":16.0},{"not_picked":["Leap","Storm","Hologram+1","Steam"],"picked":"Defragment","floor":18.0},{"not_picked":["Turbo+1","Leap+1","Ball Lightning+1","Compile Driver","Recycle"],"picked":"SKIP","floor":19.0},{"not_picked":["Beam Cell+1","MostiFishMod:Impulse","Streamline","Steam","Ball Lightning"],"picked":"SKIP","floor":21.0},{"not_picked":["Rip and Tear","REME_Compress","Genetic Algorithm","Turbo","Compile Driver"],"picked":"SKIP","floor":23},{"not_picked":["Hologram","BootSequence","Steam+1","Cold Snap"],"picked":"Capacitor","floor":28},{"not_picked":["Redo","MostiFishMod:Impulse","Beam Cell","Defragment+1"],"picked":"Electrodynamics+1","floor":31},{"not_picked":["Sweeping Beam","Redo+1","MostiFishMod:PushDownKick+1","Steam"],"picked":"MostiFishMod:Prepare+1","floor":35},{"not_picked":["Tempest+1","Turbo","MostiFishMod:PushDownKick+1","Coolheaded+1","Cold Snap"],"picked":"SKIP","floor":37},{"not_picked":["Go for the Eyes+1","Doom and Gloom+1","Hologram","Undo","Steam+1"],"picked":"SKIP","floor":40},{"not_picked":["Go for the Eyes","Sunder","Ball Lightning","MostiFishMod:Impulse+1","Steam Power"],"picked":"SKIP","floor":42},{"not_picked":["Amplify+1","MostiFishMod:PushDownKick","Compile Driver+1","Cold Snap","Beam Cell"],"picked":"SKIP","floor":44},{"not_picked":["Coolheaded+1","Force Field","Ball Lightning","Leap","Turbo"],"picked":"SKIP","floor":45},{"not_picked":["Core Surge+1","Genetic Algorithm+1","Barrage+1","Compile Driver","Turbo"],"picked":"SKIP","floor":54}],"player_experience":329744,"relics_obtained":[{"floor":1.0,"key":"SynthV:TestCard"},{"floor":9.0,"key":"War Paint"},{"floor":26,"key":"Omamori"}],"event_choices":[{"damage_healed":0.0,"max_hp_gain":0.0,"max_hp_loss":0.0,"gold_gain":0.0,"event_name":"Golden Idol","player_choice":"Take Damage","floor":4.0,"gold_loss":0.0,"damage_taken":18.0,"relics_obtained":["Golden Idol"]},{"damage_healed":0.0,"max_hp_gain":0.0,"max_hp_loss":0.0,"gold_gain":99.0,"event_name":"Nest","player_choice":"Stole From Cult","floor":20.0,"gold_loss":0.0,"damage_taken":0.0},{"cards_removed":["Defend_B"],"damage_healed":0,"gold_gain":0,"player_choice":"Elegance","damage_taken":0,"max_hp_gain":0,"max_hp_loss":0,"event_name":"Back to Basics","floor":25,"gold_loss":0},{"cards_removed":["Zap"],"damage_healed":0,"gold_gain":0,"player_choice":"Offered Basic","damage_taken":0,"max_hp_gain":0,"max_hp_loss":0,"event_name":"Bonfire Elementals","floor":30,"gold_loss":0},{"damage_healed":0,"gold_gain":0,"player_choice":"Upgraded","damage_taken":0,"max_hp_gain":0,"max_hp_loss":0,"event_name":"Upgrade Shrine","floor":36,"gold_loss":0,"cards_upgraded":["MostiFishMod:WinterMarkForm"]},{"damage_healed":0,"gold_gain":100,"player_choice":"Pray","damage_taken":0,"max_hp_gain":0,"max_hp_loss":0,"event_name":"Golden Shrine","floor":39,"gold_loss":0},{"damage_healed":0,"gold_gain":0,"player_choice":"Upgrade","damage_taken":0,"relics_obtained":["Mark of the Bloom"],"max_hp_gain":0,"max_hp_loss":0,"event_name":"MindBloom","floor":46,"gold_loss":0,"cards_upgraded":["MostiFishMod:FrostNova","Storm","Storm","MostiFishMod:DeathFromBelow","Defragment","Capacitor"]}],"is_beta":false,"boss_relics":[{"not_picked":["Runic Dome","aspiration:RunicSpoon"],"picked":"Coffee Dripper"},{"not_picked":["Inserter","NightmareShop"],"picked":"Tiny House"}],"items_purged_floors":[0,0,0,5,5,22,29,38,41,48,48],"is_endless":false,"potions_floor_spawned":[1,2,12,16,18,19,23,31,35,42,44,45],"ascension_level":5}}