{"host":"0z6l31g9ps0v9zzp","time":1613486066,"event":{"mods":["Act Like it!","BaseMod","CapriCore","Minty Spire (QoL Compilation)","MostiFishMod","StSLib"],"gold_per_floor":[112,131,149,159,159,186,202,217,242,242,261,261,280,115,115,189,189,205,221,221,221,221],"floor_reached":21,"language":"ZHS","playtime":575,"items_purged":["Strike_B"],"score":361,"play_id":"c6e83f1d-da8c-42ae-bb41-47cc6114bfe9","local_time":"20210216223426","is_ascension_mode":true,"campfire_choices":[{"data":"MostiFishMod:LinkProtocol","floor":10.0,"key":"SMITH"},{"floor":12.0,"key":"REST"},{"data":"Defragment","floor":15.0,"key":"SMITH"}],"circlet_count":0,"master_deck":["AscendersBane","Strike_B","Strike_B","Defend_B","Defend_B","Defend_B","Defend_B","Zap","Dualcast","Recycle","Coolheaded","MostiFishMod:ReadyAimFire","MostiFishMod:LinkProtocol+1","Skim","Defragment+1","MostiFishMod:StrandedSiren"],"relics":["Cracked Core","DaveBox","NeowsBlessing","RhineCircuit","SynthV:TestCard","DataDisk","Bag of Preparation"],"acts_visited":["Exordium","TheCity"],"potions_floor_usage":[],"damage_taken":[{"damage":0.0,"enemies":"Small Slimes","floor":1.0,"turns":1.0},{"damage":0.0,"enemies":"Jaw Worm","floor":2.0,"turns":1.0},{"damage":0.0,"enemies":"2 Louse","floor":3.0,"turns":1.0},{"damage":7.0,"enemies":"2 Fungi Beasts","floor":4.0,"turns":4.0},{"damage":42.0,"enemies":"Lagavulin","floor":6.0,"turns":10.0},{"damage":0.0,"enemies":"Red Slaver","floor":7.0,"turns":1.0},{"damage":0.0,"enemies":"Large Slime","floor":8.0,"turns":2.0},{"damage":1.0,"enemies":"3 Louse","floor":11.0,"turns":2.0},{"damage":0.0,"enemies":"Blue Slaver","floor":13.0,"turns":2.0},{"damage":6.0,"enemies":"Hexaghost","floor":16.0,"turns":12.0},{"damage":14,"enemies":"Shell Parasite","floor":18,"turns":3},{"damage":35,"enemies":"3 Byrds","floor":19,"turns":3},{"damage":26,"enemies":"Shelled Parasite and Fungi","floor":21,"turns":3}],"seed_played":"-4525279951122809686","potions_obtained":[{"floor":2.0,"key":"DuplicationPotion"},{"floor":6.0,"key":"AttackPotion"}],"is_trial":false,"path_per_floor":["M","M","M","M","?","E","M","M","T","R","M","R","M","$","R","B",null,"M","M","?","M"],"character_chosen":"DEFECT","items_purchased":["Defragment"],"campfire_rested":1,"item_purchase_floors":[14],"current_hp_per_floor":[64,64,64,57,50,8,8,8,8,8,7,28,28,28,28,22,59,45,10,24,0,0],"gold":221,"neow_bonus":"THREE_ENEMY_KILL","is_daily":false,"chose_seed":false,"campfire_upgraded":2,"win_rate":0.0,"timestamp":1613486066,"path_taken":["M","M","M","M","?","E","M","M","T","R","M","R","M","$","R","BOSS","M","M","?","M"],"items_purchased_type":["Card"],"build_version":"2020-12-22","purchased_purges":1,"victory":false,"max_hp_per_floor":[71,71,71,71,71,71,71,71,71,71,71,71,71,71,71,71,71,71,71,71,71,71],"card_choices":[{"not_picked":["Compile Driver","Conserve Battery","Barrage"],"picked":"SKIP","floor":1.0},{"not_picked":["Auto Shields","Barrage","MostiFishMod:PushDownKick","Chaos","Rebound"],"picked":"SKIP","floor":2.0},{"not_picked":["Conserve Battery","Go for the Eyes","Sweeping Beam","Hologram"],"picked":"Recycle","floor":3.0},{"not_picked":["Ball Lightning","Stack","Chaos","Force Field"],"picked":"Coolheaded","floor":4.0},{"not_picked":["BootSequence","MostiFishMod:LinkProtocol","Streamline","MostiFishMod:PushDownKick"],"picked":"MostiFishMod:ReadyAimFire","floor":6.0},{"not_picked":["MostiFishMod:Impulse","Coolheaded","Streamline","Undo","MostiFishMod:PushDownKick"],"picked":"SKIP","floor":7.0},{"not_picked":["Coolheaded","MostiFishMod:TalkingToTheRain","Chill","Gash"],"picked":"MostiFishMod:LinkProtocol","floor":8.0},{"not_picked":["Streamline","Stack","Steam","Turbo","Core Surge"],"picked":"SKIP","floor":11.0},{"not_picked":["Go for the Eyes","Compile Driver","Cold Snap","Chill"],"picked":"Skim","floor":13.0},{"not_picked":["MostiFishMod:TalkingToTheRain","MostiFishMod:DawningShadow","Seek","Fission"],"picked":"MostiFishMod:StrandedSiren","floor":16.0},{"not_picked":["Barrage","Redo","MostiFishMod:PushDownKick+1","Compile Driver","Streamline+1"],"picked":"SKIP","floor":18},{"not_picked":["Thunder Strike","Recycle","Hologram","Sweeping Beam","Rip and Tear"],"picked":"SKIP","floor":19}],"player_experience":281710,"relics_obtained":[{"floor":1.0,"key":"SynthV:TestCard"},{"floor":6.0,"key":"DataDisk"},{"floor":9.0,"key":"Bag of Preparation"}],"event_choices":[{"cards_removed":["Strike_B"],"damage_healed":0.0,"max_hp_gain":0.0,"max_hp_loss":0.0,"gold_gain":0.0,"event_name":"Golden Wing","player_choice":"Card Removal","floor":5.0,"gold_loss":0.0,"damage_taken":7.0},{"damage_healed":14,"gold_gain":0,"player_choice":"Heal","damage_taken":0,"max_hp_gain":0,"max_hp_loss":0,"event_name":"The Library","floor":20,"gold_loss":0}],"is_beta":false,"boss_relics":[{"not_picked":["NightmareShop","Runic Dome","Calling Bell"]}],"items_purged_floors":[14],"is_endless":false,"potions_floor_spawned":[2,6,7],"killed_by":"Shelled Parasite and Fungi","ascension_level":19}}