{"host":"ne5hixkhdtkevwwo","time":1613490827,"event":{"mods":["BaseMod","Downfall","Minty Spire (QoL Compilation)","Relic Stats","StSLib"],"gold_per_floor":[0,11,0,19,4,24,24,59,59,88,104,123,123,123,137,137,137,137],"floor_reached":16,"language":"ENG","playtime":834,"items_purged":[],"score":157,"play_id":"abf44142-8057-4fe8-8af4-cdbe46420c12","local_time":"20210216165347","is_ascension_mode":true,"campfire_choices":[{"data":"bronze:Goto","floor":1,"key":"SMITH"},{"data":"bronze:MaxOutput","floor":9,"key":"SMITH"},{"data":"bronze:BugBarrage","floor":13,"key":"SMITH"}],"circlet_count":0,"master_deck":["bronze:Strike","bronze:Strike","bronze:Strike","bronze:Defend","bronze:Defend","bronze:Defend","bronze:Defend","bronze:Replicate","bronze:Goto+1","bronze:BugBarrage+1","bronze:Shield","bronze:MaxOutput+1","bronze:Shield","bronze:ChosenStrike","bronze:Separator","bronze:BitShift","bronze:FineTuning","bronze:BuggyMess","bronze:BronzeArmor"],"relics":["bronze:BronzeCore","CaptainsWheel","Potion Belt"],"acts_visited":["Exordium"],"potions_floor_usage":[5,8,16,16,16],"damage_taken":[{"damage":0,"enemies":"Small Slimes","floor":2,"turns":3},{"damage":10,"enemies":"downfall:FleeingMerchant","floor":3,"turns":4},{"damage":2,"enemies":"Jaw Worm","floor":4,"turns":4},{"damage":7,"enemies":"downfall:FleeingMerchant","floor":5,"turns":4},{"damage":0,"enemies":"Cultist","floor":6,"turns":4},{"damage":7,"enemies":"3 Sentries","floor":8,"turns":9},{"damage":7,"enemies":"Gremlin Nob","floor":10,"turns":3},{"damage":0,"enemies":"Blue Slaver","floor":11,"turns":3},{"damage":8,"enemies":"3 Louse","floor":12,"turns":3},{"damage":0,"enemies":"downfall:LooterAlt","floor":15,"turns":2},{"damage":36,"enemies":"WA_ARCHETYPE_RETAIN","floor":16,"turns":8}],"seed_played":"-2274352206337963761","potions_obtained":[{"floor":4,"key":"Guardian:BlockOnCardUsePotion"},{"floor":6,"key":"SkillPotion"},{"floor":8,"key":"Guardian:BlockOnCardUsePotion"},{"floor":11,"key":"DuplicationPotion"},{"floor":15,"key":"bronze:BurnAndBuffPotion"}],"is_trial":false,"path_per_floor":["R","M","$","M","$","M","T","E","R","E","M","M","R","?","M","B"],"character_chosen":"THE_AUTOMATON","items_purchased":[],"campfire_rested":0,"item_purchase_floors":[],"current_hp_per_floor":[77,77,67,65,58,58,58,51,51,44,44,36,36,36,36,0,0,0],"gold":137,"neow_bonus":"TWENTY_PERCENT_HP_BONUS","is_daily":false,"chose_seed":false,"campfire_upgraded":3,"win_rate":0.0,"timestamp":1613490827,"path_taken":["R","M","$","M","$","M","T","E","R","E","M","M","R","?","M","BOSS"],"items_purchased_type":[],"build_version":"2020-12-22","purchased_purges":0,"victory":false,"max_hp_per_floor":[84,84,84,84,84,84,84,84,84,84,84,84,84,84,84,84,84,84],"relic_stats":{"counters":[11,47],"obtain_stats":[{"Potion Belt":8,"CaptainsWheel":7,"bronze:BronzeCore":0},{"Potion Belt":6,"CaptainsWheel":5,"bronze:BronzeCore":0},{"Potion Belt":28,"CaptainsWheel":19,"bronze:BronzeCore":0}]},"card_choices":[{"not_picked":["bronze:DelayedGuard","bronze:Deprecate"],"picked":"bronze:BugBarrage","floor":2},{"not_picked":["bronze:FineTuning","bronze:Fortify"],"picked":"bronze:Shield","floor":3},{"not_picked":["bronze:Invalidate","bronze:Return"],"picked":"bronze:MaxOutput","floor":4},{"not_picked":["bronze:InfiniteBeams","bronze:Frontload"],"picked":"bronze:Shield","floor":5},{"not_picked":["bronze:FollowUp","bronze:ThunderWave"],"picked":"bronze:ChosenStrike","floor":6},{"not_picked":["bronze:DelayedSlice","bronze:BitShift"],"picked":"bronze:Separator","floor":8},{"not_picked":["bronze:FollowUp","bronze:Frontload","bronze:DelayedGuard"],"picked":"SKIP","floor":10},{"not_picked":["bronze:Frontload","bronze:Overheat"],"picked":"bronze:BitShift","floor":11},{"not_picked":["bronze:Invalidate","bronze:Format"],"picked":"bronze:FineTuning","floor":12},{"not_picked":["bronze:OilSpill","bronze:DelayedGuard"],"picked":"bronze:BronzeArmor","floor":15}],"player_experience":1085239,"relics_obtained":[{"floor":7,"key":"CaptainsWheel"},{"floor":8,"key":"Potion Belt"}],"event_choices":[],"is_beta":false,"boss_relics":[],"items_purged_floors":[],"is_endless":false,"potions_floor_spawned":[4,6,8,11,15],"killed_by":"WA_ARCHETYPE_RETAIN","ascension_level":8}}