{"host":"2fgwwnzqc97k7iys","time":1613512583,"event":{"mods":["BaseMod","Colored Map","Minty Spire (QoL Compilation)","Quick Restart","Relic Stats"],"gold_per_floor":[109,128,138,149,169,169,183,183,183,211,221,240,240,240,240,240,240],"floor_reached":16,"language":"ENG","playtime":586,"items_purged":[],"score":159,"play_id":"be99f3bf-32c7-4891-8749-3526a70c1b00","local_time":"20210216155623","is_ascension_mode":true,"campfire_choices":[{"data":"Coolheaded","floor":6,"key":"SMITH"},{"data":"Hologram","floor":8,"key":"SMITH"},{"data":"Steam Power","floor":13,"key":"SMITH"},{"data":"Skim","floor":15,"key":"SMITH"}],"circlet_count":0,"master_deck":["AscendersBane","Strike_B","Strike_B","Strike_B","Strike_B","Defend_B","Defend_B","Defend_B","Zap","Dualcast","Gash","Skim+1","Gash","Steam","Hologram+1","Coolheaded+1","Capacitor","All For One","Steam Power+1","Steam Power+1"],"relics":["Cracked Core","Letter Opener","Strawberry"],"acts_visited":["Exordium"],"potions_floor_usage":[10,10,10],"damage_taken":[{"damage":12,"enemies":"Jaw Worm","floor":1,"turns":3},{"damage":1,"enemies":"Cultist","floor":2,"turns":4},{"damage":9,"enemies":"2 Louse","floor":3,"turns":3},{"damage":1,"enemies":"Looter","floor":4,"turns":4},{"damage":23,"enemies":"Large Slime","floor":5,"turns":5},{"damage":8,"enemies":"Exordium Wildlife","floor":7,"turns":4},{"damage":13,"enemies":"Lagavulin","floor":10,"turns":7},{"damage":2,"enemies":"Looter","floor":11,"turns":3},{"damage":0,"enemies":"2 Fungi Beasts","floor":12,"turns":3},{"damage":40,"enemies":"Slime Boss","floor":16,"turns":3}],"seed_played":"4532415536842032182","potions_obtained":[{"floor":1,"key":"EntropicBrew"},{"floor":10,"key":"EssenceOfSteel"},{"floor":11,"key":"Strength Potion"},{"floor":12,"key":"LiquidMemories"}],"is_trial":false,"path_per_floor":["M","M","M","M","M","R","M","R","T","E","M","M","R","?","R","B"],"character_chosen":"DEFECT","items_purchased":[],"campfire_rested":0,"item_purchase_floors":[],"current_hp_per_floor":[56,55,46,45,22,22,14,14,14,8,6,6,6,6,6,0,0],"gold":240,"neow_bonus":"TRANSFORM_CARD","is_daily":false,"chose_seed":false,"campfire_upgraded":4,"win_rate":0.0,"timestamp":1613512583,"path_taken":["M","M","M","M","M","R","M","R","T","E","M","M","R","?","R","BOSS"],"items_purchased_type":[],"build_version":"2020-12-22","purchased_purges":0,"victory":false,"max_hp_per_floor":[75,75,75,75,75,75,75,75,75,82,82,82,82,82,82,82,82],"relic_stats":{"counters":[10,39],"Letter Opener":[27],"obtain_stats":[{"Strawberry":10,"Letter Opener":9,"Cracked Core":0},{"Strawberry":7,"Letter Opener":6,"Cracked Core":0},{"Strawberry":30,"Letter Opener":23,"Cracked Core":0}]},"card_choices":[{"not_picked":["Consume","Sunder"],"picked":"Skim","floor":1},{"not_picked":["Ball Lightning","Force Field"],"picked":"Gash","floor":2},{"not_picked":["Leap","Hologram"],"picked":"Steam","floor":3},{"not_picked":["White Noise","Heatsinks"],"picked":"Hologram","floor":4},{"not_picked":["Hologram","Barrage"],"picked":"Coolheaded","floor":5},{"not_picked":["Reprogram","Doom and Gloom"],"picked":"Capacitor","floor":7},{"not_picked":["Consume","Go for the Eyes"],"picked":"All For One","floor":10},{"not_picked":["Consume","Blizzard"],"picked":"Steam Power","floor":11},{"not_picked":["Capacitor","Fusion"],"picked":"Steam Power","floor":12}],"player_experience":584795,"relics_obtained":[{"floor":9,"key":"Letter Opener"},{"floor":10,"key":"Strawberry"}],"event_choices":[{"damage_healed":0,"gold_gain":0,"player_choice":"Upgraded","damage_taken":0,"max_hp_gain":0,"max_hp_loss":0,"event_name":"Upgrade Shrine","floor":14,"gold_loss":0,"cards_upgraded":["Steam Power"]}],"is_beta":false,"boss_relics":[],"items_purged_floors":[],"is_endless":false,"potions_floor_spawned":[1,10,11,12],"killed_by":"Slime Boss","ascension_level":10}}