{"host":"xg4r5pv6chpuampg","time":1613459592,"event":{"mods":["AchievementEnabler","BaseMod","Googly Eyes","Minty Spire (QoL Compilation)","StSLib","Together in Spire"],"gold_per_floor":[114,125,140,156,156,156,231,231,231,231,247,260,273,306,306,407,407,423,423,423,434,1,27,44,44,44,44,93,108,148,108,108,209,209,229,229,229,229,249,249,268,268,268,117,198,216,216,234,234,234,234,234,13,39,39,39],"floor_reached":55,"language":"ENG","playtime":2397,"items_purged":["Judgement"],"score":691,"play_id":"13824f59-5997-407c-bdbc-3abf65d08cea","local_time":"20210216101312","is_ascension_mode":false,"campfire_choices":[{"data":"Tantrum","floor":6,"key":"SMITH"},{"data":"LessonLearned","floor":8,"key":"SMITH"},{"data":"Evaluate","floor":15,"key":"SMITH"},{"floor":25,"key":"REST"},{"floor":27,"key":"REST"},{"floor":32,"key":"REST"},{"floor":40,"key":"RECALL"},{"floor":42,"key":"REST"},{"floor":47,"key":"REST"},{"data":"Establishment","floor":49,"key":"SMITH"},{"data":"SandsOfTime","floor":52,"key":"SMITH"}],"circlet_count":0,"master_deck":["Strike_P","Strike_P+1","Defend_P+1","Defend_P+1","Defend_P","Eruption+1","Vigilance+1","WheelKick","Halt","Tantrum+1","LessonLearned+1","Evaluate+1","SandsOfTime","CarveReality+1","FlurryOfBlows","Evaluate+1","Wish+1","WheelKick+1","Wallop+1","Devotion","DeceiveReality","SashWhip+1","ForeignInfluence+1","SandsOfTime+1","Establishment+1","Halt+1","CarveReality+1","Parasite","Protect+1","CarveReality+1","SandsOfTime+1"],"relics":["PureWater","Ancient Tea Set","Mercury Hourglass","GremlinMask","Ginger","Nloth\u0027s Gift","Tiny Chest","Turnip","Question Card","StoneCalendar","Busted Crown","Gremlin Horn","Molten Egg 2","Nunchaku","Kunai","Cauldron","Bag of Preparation"],"acts_visited":["Exordium","TheCity","TheBeyond","TheEnding"],"potions_floor_usage":[4,23,29,33,33,41,50,50,54,54,54,55],"damage_taken":[{"damage":0,"enemies":"Cultist","floor":1,"turns":2},{"damage":8,"enemies":"Jaw Worm","floor":2,"turns":4},{"damage":0,"enemies":"Small Slimes","floor":3,"turns":2},{"damage":0,"enemies":"2 Fungi Beasts","floor":4,"turns":2},{"damage":0,"enemies":"Red Slaver","floor":11,"turns":1},{"damage":3,"enemies":"Looter","floor":12,"turns":2},{"damage":7,"enemies":"2 Fungi Beasts","floor":13,"turns":3},{"damage":0,"enemies":"Lagavulin","floor":14,"turns":3},{"damage":34,"enemies":"The Guardian","floor":16,"turns":10},{"damage":0,"enemies":"Chosen","floor":18,"turns":4},{"damage":17,"enemies":"2 Thieves","floor":21,"turns":3},{"damage":26,"enemies":"Slavers","floor":23,"turns":4},{"damage":16,"enemies":"Snake Plant","floor":24,"turns":2},{"damage":2,"enemies":"Shelled Parasite and Fungi","floor":28,"turns":2},{"damage":22,"enemies":"Chosen and Byrds","floor":29,"turns":2},{"damage":24,"enemies":"Centurion and Healer","floor":30,"turns":3},{"damage":12,"enemies":"Champ","floor":33,"turns":7},{"damage":0,"enemies":"3 Shapes","floor":35,"turns":5},{"damage":0,"enemies":"3 Darklings","floor":39,"turns":3},{"damage":43,"enemies":"Writhing Mass","floor":41,"turns":4},{"damage":4,"enemies":"Transient","floor":46,"turns":5},{"damage":0,"enemies":"Maw","floor":48,"turns":4},{"damage":73,"enemies":"Donu and Deca","floor":50,"turns":8},{"damage":27,"enemies":"Shield and Spear","floor":54,"turns":6},{"damage":59,"enemies":"The Heart","floor":55,"turns":5}],"seed_played":"3258024964638018723","potions_obtained":[{"floor":2,"key":"Explosive Potion"},{"floor":3,"key":"SneckoOil"},{"floor":12,"key":"Ancient Potion"},{"floor":13,"key":"Ambrosia"},{"floor":14,"key":"StancePotion"},{"floor":16,"key":"BottledMiracle"},{"floor":28,"key":"AttackPotion"},{"floor":33,"key":"Dexterity Potion"},{"floor":35,"key":"Fire Potion"},{"floor":46,"key":"EssenceOfSteel"},{"floor":53,"key":"DistilledChaos"},{"floor":53,"key":"Fire Potion"},{"floor":53,"key":"EssenceOfSteel"},{"floor":54,"key":"Fruit Juice"}],"is_trial":false,"path_per_floor":["M","M","M","M","?","R","?","R","T","?","M","M","M","E","R","B",null,"M","?","?","M","$","E","M","R","T","R","M","M","M","$","R","B",null,"M","?","T","?","M","R","M","R","T","$","T","M","R","M","R","B",null,"R","$","E","B"],"character_chosen":"WATCHER","items_purchased":["Tiny Chest","Turnip","SandsOfTime","Nunchaku","Cauldron"],"campfire_rested":5,"item_purchase_floors":[22,22,31,44,53],"current_hp_per_floor":[72,64,64,64,69,69,69,69,69,69,69,66,59,59,59,25,77,77,77,77,60,60,34,18,41,41,64,62,40,16,16,39,27,77,77,77,77,77,77,77,34,57,57,57,57,53,76,76,76,3,77,77,77,55,0,0],"gold":39,"neow_bonus":"RANDOM_COMMON_RELIC","is_daily":false,"chose_seed":false,"campfire_upgraded":5,"win_rate":0.0,"timestamp":1613459592,"path_taken":["M","?","M","M","?","R","?","R","T","?","?","M","M","E","R","BOSS","M","?","?","?","$","E","?","R","T","R","M","M","M","?","R","BOSS","M","?","?","?","M","R","?","R","T","?","?","M","R","?","R","BOSS","R","$","E","BOSS"],"items_purchased_type":["Relic","Relic","Card","Relic","Relic"],"build_version":"2020-12-22","purchased_purges":1,"victory":false,"max_hp_per_floor":[72,72,72,72,77,77,77,77,77,77,77,77,77,77,77,77,77,77,77,77,77,77,77,77,77,77,77,77,77,77,77,77,77,77,77,77,77,77,77,77,77,77,77,77,77,77,77,77,77,77,77,77,77,82,82,82],"card_choices":[{"not_picked":["Evaluate","Conclude"],"picked":"WheelKick","floor":1},{"not_picked":["Consecrate","Protect"],"picked":"Halt","floor":2},{"not_picked":["Wireheading","CrushJoints"],"picked":"Tantrum","floor":3},{"not_picked":["Adaptation","Protect"],"picked":"LessonLearned","floor":4},{"not_picked":["Study","Prostrate"],"picked":"Evaluate","floor":11},{"not_picked":["FlyingSleeves","PathToVictory"],"picked":"SandsOfTime","floor":12},{"not_picked":["Crescendo","WreathOfFlame"],"picked":"CarveReality","floor":13},{"not_picked":["Prostrate","Nirvana"],"picked":"FlurryOfBlows","floor":14},{"not_picked":["Omniscience","SpiritShield"],"picked":"Judgement","floor":16},{"not_picked":["BowlingBash","Consecrate+1"],"picked":"Wallop+1","floor":18},{"not_picked":["CrushJoints","JustLucky"],"picked":"Devotion","floor":21},{"not_picked":["Fasting2","ThirdEye+1"],"picked":"FollowUp","floor":23},{"not_picked":["Prostrate","Swivel","CarveReality+1"],"picked":"DeceiveReality","floor":24},{"not_picked":["ClearTheMind","Brilliance","Consecrate+1"],"picked":"SashWhip+1","floor":28},{"not_picked":["Meditate","Consecrate","Prostrate"],"picked":"ForeignInfluence+1","floor":29},{"not_picked":["Swivel","EmptyMind","EmptyFist","Prostrate"],"picked":"SKIP","floor":30},{"not_picked":["DeusExMachina","Omniscience","Ragnarok"],"picked":"Establishment","floor":33},{"not_picked":["Weave"],"picked":"Halt+1","floor":35},{"not_picked":["EmptyFist"],"picked":"CarveReality+1","floor":39},{"not_picked":["Fasting2+1"],"picked":"Protect+1","floor":41},{"not_picked":["EmptyFist+1"],"picked":"CarveReality+1","floor":46},{"not_picked":["PathToVictory"],"picked":"SandsOfTime+1","floor":48},{"not_picked":["TalkToTheHand+1","FlyingSleeves+1"],"picked":"SKIP","floor":54}],"player_experience":133170,"relics_obtained":[{"floor":9,"key":"Mercury Hourglass"},{"floor":14,"key":"Ginger"},{"floor":23,"key":"Question Card"},{"floor":26,"key":"StoneCalendar"},{"floor":43,"key":"Molten Egg 2"},{"floor":45,"key":"Kunai"},{"floor":54,"key":"Bag of Preparation"}],"event_choices":[{"damage_healed":0,"gold_gain":0,"player_choice":"Donut","damage_taken":0,"max_hp_gain":5,"max_hp_loss":0,"event_name":"Big Fish","floor":5,"gold_loss":0},{"damage_healed":0,"gold_gain":75,"player_choice":"Gained Gold","damage_taken":0,"max_hp_gain":0,"max_hp_loss":0,"event_name":"Golden Wing","floor":7,"gold_loss":0},{"damage_healed":0,"gold_gain":0,"player_choice":"Trade","damage_taken":0,"relics_obtained":["GremlinMask"],"max_hp_gain":0,"max_hp_loss":0,"event_name":"FaceTrader","floor":10,"gold_loss":0},{"damage_healed":0,"gold_gain":0,"player_choice":"Ignored","damage_taken":0,"max_hp_gain":0,"max_hp_loss":0,"event_name":"Beggar","floor":19,"gold_loss":0},{"damage_healed":0,"gold_gain":0,"player_choice":"Traded Relic","damage_taken":0,"relics_obtained":["Nloth\u0027s Gift"],"max_hp_gain":0,"max_hp_loss":0,"event_name":"N\u0027loth","floor":20,"relics_lost":["Astrolabe"],"gold_loss":0},{"damage_healed":0,"gold_gain":0,"player_choice":"Ignored","damage_taken":0,"max_hp_gain":0,"max_hp_loss":0,"event_name":"Purifier","floor":36,"gold_loss":0},{"cards_removed":["FollowUp"],"damage_healed":0,"gold_gain":0,"player_choice":"Gave Card","damage_taken":0,"relics_obtained":["Gremlin Horn"],"max_hp_gain":0,"max_hp_loss":0,"event_name":"WeMeetAgain","floor":38,"gold_loss":0}],"is_beta":false,"boss_relics":[{"not_picked":["Cursed Key","Coffee Dripper"],"picked":"Astrolabe"},{"not_picked":["SlaversCollar","Pandora\u0027s Box"],"picked":"Busted Crown"}],"items_purged_floors":[53],"is_endless":false,"potions_floor_spawned":[2,3,12,13,14,16,18,28,33,35,46,54],"killed_by":"The Heart","ascension_level":0}}