{"host":"syfsfjmzue8y1a6l","time":1613453827,"event":{"mods":["AchievementEnabler","BaseMod","Colored Map","DeckTracker","Minty Spire (QoL Compilation)","SuperFastMode"],"gold_per_floor":[217,234,249,260,113,113,148,159,159,173,187,187,90,123,123,226,226,241,67,82,94,110,139,139,67,117,117,129,129,129,164,164,261,311,324,324,337,337,337],"floor_reached":38,"language":"KOR","playtime":3879,"items_purged":["Defend_P"],"score":503,"play_id":"1fd68dd0-186c-46d3-9784-e8179b2e0951","local_time":"20210216143707","is_ascension_mode":false,"campfire_choices":[{"data":"Eruption","floor":6,"key":"SMITH"},{"data":"JustLucky","floor":12,"key":"SMITH"},{"data":"Study","floor":15,"key":"SMITH"},{"data":"Thinking Ahead","floor":24,"key":"SMITH"},{"data":"Vault","floor":29,"key":"SMITH"},{"data":"ClearTheMind","floor":32,"key":"SMITH"}],"circlet_count":0,"master_deck":["Strike_P","Strike_P","Strike_P","Strike_P","Defend_P","Defend_P","Defend_P","Eruption+1","Vigilance","EmptyFist","JustLucky+1","FlurryOfBlows","Evaluate","Judgement","Adaptation","JustLucky+1","ClearTheMind+1","Crescendo","Study+1","Scrawl","Tantrum","Thinking Ahead+1","FearNoEvil","EmptyFist","EmptyMind","Vault+1","ClearTheMind","DeusExMachina","InnerPeace+1","Halt","Parasite"],"relics":["PureWater","HornCleat","Oddly Smooth Stone","Juzu Bracelet","SacredBark","Frozen Egg 2","Bronze Scales","Prayer Wheel","Tiny House"],"acts_visited":["Exordium","TheCity","TheBeyond"],"potions_floor_usage":[16,21,28,33,33,37],"damage_taken":[{"damage":0,"enemies":"Cultist","floor":1,"turns":3},{"damage":0,"enemies":"2 Louse","floor":2,"turns":2},{"damage":4,"enemies":"Jaw Worm","floor":3,"turns":3},{"damage":13,"enemies":"Exordium Wildlife","floor":4,"turns":5},{"damage":0,"enemies":"Lagavulin","floor":7,"turns":5},{"damage":0,"enemies":"Looter","floor":8,"turns":2},{"damage":0,"enemies":"Exordium Thugs","floor":10,"turns":2},{"damage":0,"enemies":"Lots of Slimes","floor":11,"turns":3},{"damage":0,"enemies":"3 Sentries","floor":14,"turns":6},{"damage":19,"enemies":"Slime Boss","floor":16,"turns":7},{"damage":0,"enemies":"Spheric Guardian","floor":18,"turns":2},{"damage":0,"enemies":"Shell Parasite","floor":20,"turns":3},{"damage":0,"enemies":"Shelled Parasite and Fungi","floor":21,"turns":4},{"damage":3,"enemies":"Centurion and Healer","floor":22,"turns":5},{"damage":14,"enemies":"Book of Stabbing","floor":23,"turns":4},{"damage":0,"enemies":"3 Cultists","floor":28,"turns":4},{"damage":2,"enemies":"Slavers","floor":31,"turns":4},{"damage":38,"enemies":"Collector","floor":33,"turns":7},{"damage":0,"enemies":"Orb Walker","floor":35,"turns":2},{"damage":10,"enemies":"3 Darklings","floor":37,"turns":3},{"damage":74,"enemies":"Writhing Mass","floor":38,"turns":8}],"seed_played":"9141678081295941213","potions_obtained":[{"floor":2,"key":"EssenceOfSteel"},{"floor":7,"key":"BlessingOfTheForge"},{"floor":8,"key":"DistilledChaos"},{"floor":16,"key":"SpeedPotion"},{"floor":22,"key":"Ancient Potion"},{"floor":28,"key":"Block Potion"},{"floor":31,"key":"BottledMiracle"},{"floor":34,"key":"DistilledChaos"}],"is_trial":false,"path_per_floor":["M","M","M","M","$","R","E","M","T","M","M","R","$","E","R","B",null,"M","$","M","M","M","E","R","$","T","?","M","R","?","E","R","B",null,"M","?","M","M"],"character_chosen":"WATCHER","items_purchased":["Judgement","ClearTheMind","Crescendo","Thinking Ahead","EmptyMind"],"campfire_rested":0,"item_purchase_floors":[5,13,13,19,25],"current_hp_per_floor":[72,72,68,55,55,55,55,55,55,55,55,55,55,55,55,36,72,72,72,72,72,69,55,55,55,55,55,55,55,55,53,53,15,77,77,77,67,0,0],"gold":337,"neow_bonus":"HUNDRED_GOLD","is_daily":false,"chose_seed":false,"campfire_upgraded":6,"win_rate":0.0,"timestamp":1613453827,"path_taken":["M","M","M","M","$","R","E","M","T","M","?","R","$","E","R","BOSS","M","$","M","M","M","E","R","$","T","?","M","R","?","E","R","BOSS","M","?","M","M"],"items_purchased_type":["Card","Card","Card","Card","Card"],"build_version":"2020-12-22","purchased_purges":1,"victory":false,"max_hp_per_floor":[72,72,72,72,72,72,72,72,72,72,72,72,72,72,72,72,72,72,72,72,72,72,72,72,72,72,72,72,72,72,72,72,72,77,77,77,77,77,77],"card_choices":[{"not_picked":["BowlingBash","Evaluate"],"picked":"EmptyFist","floor":1},{"not_picked":["SashWhip","Crescendo"],"picked":"JustLucky","floor":2},{"not_picked":["Evaluate","SashWhip"],"picked":"FlurryOfBlows","floor":3},{"not_picked":["Worship","CrushJoints"],"picked":"Evaluate","floor":4},{"not_picked":["Brilliance","CrushJoints"],"picked":"Adaptation","floor":7},{"not_picked":["CrushJoints","FlyingSleeves","Consecrate"],"picked":"SKIP","floor":8},{"not_picked":["Wallop","Evaluate","Protect"],"picked":"SKIP","floor":10},{"not_picked":["SignatureMove","CrushJoints"],"picked":"JustLucky","floor":11},{"not_picked":["Wallop","CutThroughFate"],"picked":"Study","floor":14},{"not_picked":["Brilliance","MasterReality"],"picked":"Scrawl","floor":16},{"not_picked":["Protect","Crescendo+1"],"picked":"Tantrum","floor":18},{"not_picked":["PathToVictory","Halt+1"],"picked":"FearNoEvil","floor":20},{"not_picked":["FlyingSleeves+1","Sanctity+1"],"picked":"EmptyFist","floor":21},{"not_picked":["ThirdEye","Study","Indignation"],"picked":"SKIP","floor":22},{"not_picked":["Fasting2+1","FlurryOfBlows+1","CarveReality+1"],"picked":"SKIP","floor":23},{"not_picked":["BowlingBash+1","Pray"],"picked":"Vault","floor":28},{"not_picked":["FollowUp","JustLucky+1"],"picked":"ClearTheMind","floor":31},{"not_picked":["MasterReality+1","Omniscience"],"picked":"DeusExMachina","floor":33},{"not_picked":["WaveOfTheHand","ClearTheMind"],"picked":"InnerPeace+1","floor":35},{"not_picked":["SashWhip+1","CrushJoints","Crescendo+1"],"picked":"SKIP","floor":35},{"not_picked":["Protect","MasterReality+1"],"picked":"Halt","floor":37},{"not_picked":["Crescendo+1","Perseverance+1","WaveOfTheHand"],"picked":"SKIP","floor":37}],"player_experience":77638,"relics_obtained":[{"floor":7,"key":"HornCleat"},{"floor":9,"key":"Oddly Smooth Stone"},{"floor":14,"key":"Juzu Bracelet"},{"floor":23,"key":"Frozen Egg 2"},{"floor":26,"key":"Bronze Scales"},{"floor":31,"key":"Prayer Wheel"}],"event_choices":[{"damage_healed":0,"gold_gain":0,"player_choice":"Ignored","damage_taken":0,"max_hp_gain":0,"max_hp_loss":0,"event_name":"Ghosts","floor":27,"gold_loss":0},{"damage_healed":0,"gold_gain":0,"player_choice":"Ignored","damage_taken":0,"max_hp_gain":0,"max_hp_loss":0,"event_name":"Vampires","floor":30,"gold_loss":0},{"damage_healed":0,"gold_gain":0,"player_choice":"Ignored","damage_taken":0,"max_hp_gain":0,"max_hp_loss":0,"event_name":"Tomb of Lord Red Mask","floor":36,"gold_loss":0}],"is_beta":false,"boss_relics":[{"not_picked":["Coffee Dripper","Fusion Hammer"],"picked":"SacredBark"},{"not_picked":["Snecko Eye","Cursed Key"],"picked":"Tiny House"}],"items_purged_floors":[5],"is_endless":false,"potions_floor_spawned":[2,7,8,16,18,22,28,31],"killed_by":"Writhing Mass","ascension_level":0}}