{"host":"cjhtzh7tp54jdfyv","time":1613516590,"event":{"mods":["AchievementEnabler","BaseMod","Colored Map","Colored Powertips","Curses Come First","DeckTracker","Filter the Spire","Minty Spire (QoL Compilation)","RNG Fix","Relic Sorter","Relic Stats","StSLib","UnlockEverythingMod","ojb\u0027s Better Paths Mod","ojb\u0027s Info Mod"],"gold_per_floor":[115,115,125,136,147,178,178,212,212,239,2,2,14,30,30,102,102,116,116,16,26,76,107,127,52,52,65,65,96,120,151,163,250,262,284,90,106,123,123,134,134,166,166,180,190,210,210,237,237,237,237,237,237,48,81,81],"floor_reached":57,"language":"ENG","playtime":4877,"items_purged":["Strike_P","Strike_P","WheelKick","FollowUp+1"],"score":3106,"play_id":"1bcaf39d-2f50-47f6-8d14-956a2cea84a6","local_time":"20210216180310","is_ascension_mode":true,"campfire_choices":[{"data":"Eruption","floor":7.0,"key":"SMITH"},{"data":"CrushJoints","floor":12,"key":"SMITH"},{"data":"FlurryOfBlows","floor":15,"key":"SMITH"},{"data":"Vault","floor":28,"key":"SMITH"},{"data":"Scrawl","floor":32,"key":"SMITH"},{"data":"Adaptation","floor":41,"key":"SMITH"},{"floor":47,"key":"RECALL"},{"data":"TalkToTheHand","floor":49,"key":"SMITH"},{"data":"Tantrum","floor":53,"key":"SMITH"}],"circlet_count":0,"master_deck":["AscendersBane","Eruption+1","Vigilance","Adaptation+1","Prostrate+1","TalkToTheHand+1","CrushJoints+1","FlurryOfBlows+1","Vault+1","Adaptation+1","Scrawl+1","Tantrum+1","ClearTheMind+1","Thinking Ahead","Sanctity+1"],"relics":["Astrolabe","Toy Ornithopter","Damaru","Akabeko","Medical Kit","Cursed Key","Potion Belt","MawBank","Pandora\u0027s Box","Juzu Bracelet","Smiling Mask","Anchor"],"acts_visited":["Exordium","TheCity","TheBeyond","TheEnding"],"potions_floor_usage":[10,10,14,30,31,56,56,56],"damage_taken":[{"damage":0.0,"enemies":"Small Slimes","floor":1.0,"turns":2.0},{"damage":7.0,"enemies":"Jaw Worm","floor":3.0,"turns":3.0},{"damage":0.0,"enemies":"Cultist","floor":4.0,"turns":2.0},{"damage":0.0,"enemies":"2 Fungi Beasts","floor":5.0,"turns":2.0},{"damage":8.0,"enemies":"3 Sentries","floor":6.0,"turns":4.0},{"damage":10.0,"enemies":"Gremlin Nob","floor":8.0,"turns":3.0},{"damage":8,"enemies":"3 Sentries","floor":10,"turns":4},{"damage":9,"enemies":"Blue Slaver","floor":13,"turns":3},{"damage":6,"enemies":"Red Slaver","floor":14,"turns":2},{"damage":6,"enemies":"Hexaghost","floor":16,"turns":6},{"damage":12,"enemies":"Shell Parasite","floor":18,"turns":4},{"damage":6,"enemies":"3 Byrds","floor":21,"turns":4},{"damage":19,"enemies":"Slavers","floor":23,"turns":3},{"damage":0,"enemies":"Sentry and Sphere","floor":24,"turns":3},{"damage":0,"enemies":"Centurion and Healer","floor":27,"turns":4},{"damage":9,"enemies":"Book of Stabbing","floor":29,"turns":4},{"damage":0,"enemies":"Snecko","floor":30,"turns":3},{"damage":0,"enemies":"Chosen and Byrds","floor":31,"turns":3},{"damage":0,"enemies":"Automaton","floor":33,"turns":3},{"damage":0,"enemies":"3 Shapes","floor":35,"turns":2},{"damage":0,"enemies":"3 Darklings","floor":37,"turns":2},{"damage":0,"enemies":"Spire Growth","floor":38,"turns":2},{"damage":0,"enemies":"Transient","floor":40,"turns":5},{"damage":0,"enemies":"Giant Head","floor":42,"turns":2},{"damage":0,"enemies":"Jaw Worm Horde","floor":44,"turns":2},{"damage":0,"enemies":"Spire Growth","floor":45,"turns":2},{"damage":0,"enemies":"Sphere and 2 Shapes","floor":46,"turns":2},{"damage":0,"enemies":"Nemesis","floor":48,"turns":2},{"damage":14,"enemies":"Awakened One","floor":50,"turns":4},{"damage":24,"enemies":"Donu and Deca","floor":51,"turns":3},{"damage":0,"enemies":"Shield and Spear","floor":55,"turns":2},{"damage":0,"enemies":"The Heart","floor":56,"turns":6}],"seed_played":"297375009678795909","potions_obtained":[{"floor":4.0,"key":"SkillPotion"},{"floor":5.0,"key":"ColorlessPotion"},{"floor":8.0,"key":"AttackPotion"},{"floor":10,"key":"Weak Potion"},{"floor":13,"key":"SteroidPotion"},{"floor":21,"key":"GamblersBrew"},{"floor":23,"key":"Ancient Potion"},{"floor":30,"key":"Ambrosia"},{"floor":38,"key":"PowerPotion"},{"floor":48,"key":"LiquidMemories"}],"is_trial":false,"path_per_floor":["M","?","M","M","M","E","R","E","T","E","$","R","M","M","R","B",null,"M","$","$","M","?","E","M","?","T","M","R","E","M","M","R","B",null,"M","$","M","M","?","M","R","E","T","M","M","M","R","E","R","B","B",null,"R","$","E","B",null],"character_chosen":"WATCHER","items_purchased":["Medical Kit","GamblersBrew","DuplicationPotion","Swift Potion"],"campfire_rested":0,"item_purchase_floors":[11,36,54,54],"current_hp_per_floor":[61,54,47,47,47,39,39,29,29,31,31,31,22,21,21,15,55,43,43,43,37,37,18,18,18,18,18,18,9,14,19,19,19,56,56,56,56,56,46,46,46,46,46,46,46,46,46,46,46,32,8,53,53,53,53,68],"gold":81,"neow_bonus":"BOSS_RELIC","is_daily":false,"chose_seed":false,"campfire_upgraded":8,"win_rate":0.0,"timestamp":1613516590,"path_taken":["M","?","M","M","M","E","R","E","T","E","$","R","M","M","R","BOSS","M","?","$","M","?","E","M","?","T","?","R","E","M","M","R","BOSS","M","$","M","M","?","M","R","E","T","M","M","M","R","E","R","BOSS","BOSS","R","$","E","BOSS"],"items_purchased_type":["Relic","Potion","Potion","Potion"],"build_version":"2020-12-22","purchased_purges":4,"victory":true,"max_hp_per_floor":[68,68,68,68,68,68,68,68,68,68,68,68,68,68,68,68,68,68,68,68,68,68,68,68,68,68,68,68,68,68,68,68,68,68,68,68,68,68,68,68,68,68,68,68,68,68,68,68,68,68,68,68,68,68,68,68],"relic_stats":{"counters":[32,98],"Astrolabe":["Adaptation","Prostrate","FollowUp"],"Pandora\u0027s Box":["WheelKick"],"Juzu Bracelet":0,"Medical Kit":[9],"Cursed Key":0,"MawBank":84,"Smiling Mask":100,"obtain_stats":[{"Potion Belt":23,"Astrolabe":0,"Damaru":8,"Juzu Bracelet":42,"Medical Kit":11,"Cursed Key":17,"MawBank":29,"Smiling Mask":48,"Akabeko":10,"Anchor":55,"Pandora\u0027s Box":34,"PureWater":0,"Toy Ornithopter":6},{"Potion Belt":13,"Astrolabe":0,"Damaru":6,"Juzu Bracelet":24,"Medical Kit":7,"Cursed Key":10,"MawBank":16,"Smiling Mask":28,"Akabeko":7,"Anchor":31,"Pandora\u0027s Box":19,"PureWater":0,"Toy Ornithopter":5},{"Potion Belt":42,"Astrolabe":0,"Damaru":16,"Juzu Bracelet":75,"Medical Kit":20,"Cursed Key":31,"MawBank":53,"Smiling Mask":83,"Akabeko":20,"Anchor":92,"Pandora\u0027s Box":62,"PureWater":0,"Toy Ornithopter":13}],"Toy Ornithopter":40},"card_choices":[{"not_picked":["Wireheading","SashWhip","SandsOfTime"],"picked":"SKIP","floor":1.0},{"not_picked":["EmptyFist","Weave","WreathOfFlame"],"picked":"SKIP","floor":3.0},{"not_picked":["EmptyFist","Weave","WreathOfFlame"],"picked":"SKIP","floor":3.0},{"not_picked":["FlyingSleeves","Collect","ReachHeaven"],"picked":"SKIP","floor":4.0},{"not_picked":["CutThroughFate","Evaluate","SashWhip"],"picked":"SKIP","floor":5.0},{"not_picked":["Weave","Conclude"],"picked":"TalkToTheHand","floor":6.0},{"not_picked":["FollowUp","CutThroughFate"],"picked":"CrushJoints","floor":8.0},{"not_picked":["Evaluate","Protect","FollowUp"],"picked":"SKIP","floor":10},{"not_picked":["Establishment","Nirvana"],"picked":"FlurryOfBlows","floor":13},{"not_picked":["SashWhip","Perseverance","FlyingSleeves"],"picked":"SKIP","floor":14},{"not_picked":["MasterReality","Judgement"],"picked":"Vault","floor":16},{"not_picked":["Evaluate","ReachHeaven","PathToVictory"],"picked":"SKIP","floor":18},{"not_picked":["ClearTheMind","Consecrate","Crescendo"],"picked":"SKIP","floor":21},{"not_picked":["ClearTheMind","FlyingSleeves","JustLucky"],"picked":"SKIP","floor":23},{"not_picked":["ClearTheMind","JustLucky","Crescendo"],"picked":"SKIP","floor":24},{"not_picked":["SashWhip","Pray","FlyingSleeves"],"picked":"SKIP","floor":27},{"not_picked":["JustLucky","BowlingBash"],"picked":"Adaptation","floor":29},{"not_picked":["Crescendo","FlyingSleeves"],"picked":"Scrawl","floor":30},{"not_picked":["CutThroughFate","Halt"],"picked":"Tantrum","floor":31},{"not_picked":["Halt","Consecrate","Protect+1"],"picked":"SKIP","floor":35},{"not_picked":["Halt","Consecrate","Protect+1"],"picked":"SKIP","floor":35},{"not_picked":["EmptyMind+1","EmptyFist"],"picked":"ClearTheMind+1","floor":37},{"not_picked":["EmptyBody","Perseverance","Halt"],"picked":"SKIP","floor":38},{"not_picked":["Magnetism","Apotheosis"],"picked":"Thinking Ahead","floor":39},{"not_picked":["JustLucky+1","Nirvana+1","Consecrate+1"],"picked":"SKIP","floor":40},{"not_picked":["BowlingBash+1","Collect","Meditate+1"],"picked":"SKIP","floor":42},{"not_picked":["ThirdEye+1","Vengeance+1","Protect+1"],"picked":"SKIP","floor":44},{"not_picked":["ThirdEye","ReachHeaven"],"picked":"Sanctity+1","floor":45},{"not_picked":["CutThroughFate+1","LikeWater+1","Evaluate+1"],"picked":"SKIP","floor":46},{"not_picked":["CarveReality","EmptyFist+1","Consecrate+1"],"picked":"SKIP","floor":48},{"not_picked":["EmptyBody+1","CrushJoints","Pray"],"picked":"SKIP","floor":55}],"player_experience":4936344,"relics_obtained":[{"floor":6.0,"key":"Toy Ornithopter"},{"floor":8.0,"key":"Damaru"},{"floor":10,"key":"Akabeko"},{"floor":23,"key":"Potion Belt"},{"floor":29,"key":"MawBank"},{"floor":42,"key":"Juzu Bracelet"},{"floor":48,"key":"Smiling Mask"},{"floor":55,"key":"Anchor"}],"event_choices":[{"cards_removed":["Defend_P"],"damage_healed":0.0,"max_hp_gain":0.0,"max_hp_loss":0.0,"gold_gain":0.0,"event_name":"Golden Wing","player_choice":"Card Removal","floor":2.0,"gold_loss":0.0,"damage_taken":7.0},{"damage_healed":0,"gold_gain":50,"player_choice":"Stole From Cult","damage_taken":0,"max_hp_gain":0,"max_hp_loss":0,"event_name":"Nest","floor":22,"gold_loss":0},{"cards_removed":["Strike_P"],"damage_healed":0,"gold_gain":0,"player_choice":"Gave Gold","damage_taken":0,"max_hp_gain":0,"max_hp_loss":0,"event_name":"Beggar","floor":25,"gold_loss":75},{"damage_healed":0,"gold_gain":0,"player_choice":"Memory 3","damage_taken":10,"max_hp_gain":0,"max_hp_loss":0,"event_name":"SensoryStone","floor":39,"gold_loss":0}],"is_beta":false,"boss_relics":[{"not_picked":["Busted Crown","SacredBark"],"picked":"Cursed Key"},{"not_picked":["Velvet Choker","Calling Bell"],"picked":"Pandora\u0027s Box"}],"items_purged_floors":[11,20,36,54],"is_endless":false,"potions_floor_spawned":[4,5,8,10,13,21,23,30,38,40,46,48],"ascension_level":20}}