{"host":"smn2tb46ysgs1sad","time":1613458940,"event":{"mods":["AchievementEnabler","Aspiration","BaseMod","Colored Powertips","Downfall","Hermit","Minty Spire (QoL Compilation)","Replay The Spire","StSLib","The Cursed","The Disciple","The Hierophant"],"gold_per_floor":[109,109,109,70,90,90,115,126,150,161,189,209,229,329,329,329,329],"floor_reached":16,"language":"ENG","playtime":1322,"items_purged":[],"score":137,"play_id":"71d18673-76b5-49d0-b323-40e9570472ee","local_time":"20210215230220","is_ascension_mode":false,"campfire_choices":[{"data":"hermit:Dive","floor":6,"key":"SMITH"},{"floor":15,"key":"RECALL"}],"circlet_count":0,"master_deck":["hermit:Strike_Hermit","hermit:Strike_Hermit","hermit:Strike_Hermit","hermit:Strike_Hermit","hermit:Defend_Hermit","hermit:Defend_Hermit","hermit:Defend_Hermit","hermit:Defend_Hermit","hermit:Snapshot","hermit:Covet","hermit:Enervate","hermit:Dive+1","hermit:Quickdraw","hermit:Glare","hermit:Purgatory","hermit:Combo","hermit:Snipe","hermit:Ricochet"],"relics":["hermit:Momento","NeowsBlessing","Replay:Towering Pillar of Hats","Pantograph","Replay:Bottled Flurry"],"acts_visited":["Exordium"],"potions_floor_usage":[11,16,16],"damage_taken":[{"damage":0,"enemies":"Jaw Worm","floor":1,"turns":1},{"damage":0,"enemies":"Small Slimes","floor":5,"turns":1},{"damage":0,"enemies":"Gremlin Nob","floor":7,"turns":1},{"damage":0,"enemies":"Cultist","floor":8,"turns":3},{"damage":2,"enemies":"Looter","floor":10,"turns":3},{"damage":14,"enemies":"Lagavulin","floor":11,"turns":8},{"damage":7,"enemies":"Exordium Thugs","floor":12,"turns":2},{"damage":0,"enemies":"Blue Slaver","floor":13,"turns":3},{"damage":86,"enemies":"The Guardian","floor":16,"turns":12}],"seed_played":"-6222187485097753647","potions_obtained":[{"floor":5,"key":"BlessingOfTheForge"},{"floor":8,"key":"PowerPotion"},{"floor":11,"key":"bronze:BurnAndBuffPotion"}],"is_trial":false,"path_per_floor":["M","?","?","$","M","R","E","M","T","M","E","M","M","?","R","B"],"character_chosen":"HERMIT","items_purchased":["hermit:Enervate"],"campfire_rested":0,"item_purchase_floors":[4],"current_hp_per_floor":[75,80,80,80,80,80,80,80,80,78,64,57,57,57,57,0,0],"gold":329,"neow_bonus":"THREE_ENEMY_KILL","is_daily":false,"chose_seed":false,"campfire_upgraded":1,"win_rate":0.0,"timestamp":1613458940,"path_taken":["M","?","?","$","M","R","E","?","T","M","E","M","M","?","R","BOSS"],"items_purchased_type":["Card"],"build_version":"2020-12-22","purchased_purges":0,"victory":false,"max_hp_per_floor":[75,80,80,80,80,80,80,80,80,80,80,80,80,80,80,80,80],"card_choices":[{"not_picked":["hermit:Desperado","hermit:Misfire"],"picked":"hermit:Shortfuse","floor":1},{"not_picked":["hermit:Feint","hermit:FlashPowder"],"picked":"hermit:Dive","floor":5},{"not_picked":["hermit:Scavenge","hermit:TakeCover"],"picked":"hermit:Quickdraw","floor":7},{"not_picked":["hermit:SprayPray","hermit:Manifest"],"picked":"hermit:Glare","floor":8},{"not_picked":["hermit:Feint","hermit:TrackingShot"],"picked":"hermit:Purgatory","floor":10},{"not_picked":["hermit:Horror","hermit:Shortfuse"],"picked":"hermit:Combo","floor":11},{"not_picked":["hermit:Horror","hermit:Midnight"],"picked":"hermit:Snipe","floor":12},{"not_picked":["hermit:SprayPray","hermit:HoleUp"],"picked":"hermit:Ricochet","floor":13}],"player_experience":193071,"relics_obtained":[{"floor":7,"key":"Pantograph"},{"floor":11,"key":"Replay:Bottled Flurry"}],"event_choices":[{"damage_healed":0,"gold_gain":0,"player_choice":"Donut","damage_taken":0,"max_hp_gain":5,"max_hp_loss":0,"event_name":"Big Fish","floor":2,"gold_loss":0},{"cards_removed":["hermit:Shortfuse"],"damage_healed":0,"gold_gain":0,"player_choice":"Gave Card","damage_taken":0,"relics_obtained":["Replay:Towering Pillar of Hats"],"max_hp_gain":0,"max_hp_loss":0,"event_name":"WeMeetAgain","floor":3,"gold_loss":0},{"damage_healed":0,"gold_gain":100,"player_choice":"Pray","damage_taken":0,"max_hp_gain":0,"max_hp_loss":0,"event_name":"Golden Shrine","floor":14,"gold_loss":0}],"is_beta":false,"boss_relics":[],"items_purged_floors":[],"is_endless":false,"potions_floor_spawned":[5,8,11],"killed_by":"The Guardian","ascension_level":0}}