{"host":"0ucmu30xnqs1j0i5","time":1613482420,"event":{"mods":["AchievementEnabler","BaseMod","Colored Map","Colored Powertips","Minty Spire (QoL Compilation)","Quick Restart"],"gold_per_floor":[111,125,125,135,153,179,196,214,214,60,60,60],"floor_reached":11,"language":"ZHS","playtime":760,"items_purged":[],"score":77,"play_id":"e4a2ad44-d573-40ea-b805-50bd311c58db","local_time":"20210216213340","is_ascension_mode":false,"campfire_choices":[],"circlet_count":0,"master_deck":["Strike_R","Strike_R","Strike_R","Strike_R","Strike_R","Defend_R","Defend_R","Defend_R","Defend_R","Bash","Bludgeon","Uppercut","Flex","Shrug It Off","Flame Barrier","Body Slam","Limit Break","Bloodletting","Brutality+1"],"relics":["Burning Blood","Frozen Egg 2","Kunai"],"acts_visited":["Exordium"],"potions_floor_usage":[11],"damage_taken":[{"damage":5,"enemies":"Small Slimes","floor":1,"turns":3},{"damage":3,"enemies":"Jaw Worm","floor":2,"turns":2},{"damage":6,"enemies":"Cultist","floor":4,"turns":3},{"damage":16,"enemies":"Large Slime","floor":5,"turns":3},{"damage":33,"enemies":"Gremlin Nob","floor":6,"turns":6},{"damage":7,"enemies":"Blue Slaver","floor":7,"turns":3},{"damage":0,"enemies":"3 Louse","floor":8,"turns":4},{"damage":20,"enemies":"Lagavulin","floor":11,"turns":5}],"seed_played":"3815167317928131830","potions_obtained":[{"floor":1,"key":"BloodPotion"},{"floor":6,"key":"FearPotion"},{"floor":8,"key":"Strength Potion"}],"is_trial":false,"path_per_floor":["M","M","?","M","M","E","M","M","T","$","E"],"character_chosen":"IRONCLAD","items_purchased":["Brutality+1"],"campfire_rested":0,"item_purchase_floors":[10],"current_hp_per_floor":[80,80,85,85,75,48,47,53,53,53,50,50],"gold":60,"neow_bonus":"ONE_RANDOM_RARE_CARD","is_daily":false,"chose_seed":false,"campfire_upgraded":0,"win_rate":0.0,"timestamp":1613482420,"path_taken":["M","M","?","M","M","E","M","M","T","?","E"],"items_purchased_type":["Card"],"build_version":"2020-12-22","purchased_purges":0,"victory":false,"max_hp_per_floor":[80,80,85,85,85,85,85,85,85,85,85,85],"card_choices":[{"not_picked":["Rupture","Armaments"],"picked":"Uppercut","floor":1},{"not_picked":["Clothesline","Twin Strike"],"picked":"Flex","floor":2},{"not_picked":["Perfected Strike","Fire Breathing"],"picked":"Shrug It Off","floor":4},{"not_picked":["Sever Soul","Clash"],"picked":"Flame Barrier","floor":5},{"not_picked":["Armaments","Clash"],"picked":"Body Slam","floor":6},{"not_picked":["Dark Embrace+1","Shrug It Off"],"picked":"Limit Break","floor":7},{"not_picked":["Thunderclap","Pommel Strike"],"picked":"Bloodletting","floor":8}],"player_experience":20673,"relics_obtained":[{"floor":6,"key":"Frozen Egg 2"},{"floor":9,"key":"Kunai"}],"event_choices":[{"damage_healed":0,"gold_gain":0,"player_choice":"Donut","damage_taken":0,"max_hp_gain":5,"max_hp_loss":0,"event_name":"Big Fish","floor":3,"gold_loss":0}],"is_beta":false,"boss_relics":[],"items_purged_floors":[],"is_endless":false,"potions_floor_spawned":[1,6,8],"killed_by":"Lagavulin","ascension_level":0}}