{"host":"ilhhjx796p2x2wmd","time":1613477546,"event":{"mods":["AchievementEnabler","BaseMod","BetterRewards","Colored Map","Colored Powertips","DeckTracker","Highlight Path","Minty Spire (QoL Compilation)","Permanent Neow","Rare Cards Sparkle","Shop Mod"],"gold_per_floor":[110,128,139,60,71,99,117,117,117,135,135,150,169,169,169,265,265,284,284,110,124,135,135,135,135],"floor_reached":24,"language":"KOR","playtime":982,"items_purged":["Strike_R"],"score":283,"play_id":"55ff85ad-fb4f-4373-843e-7ed2adb148dc","local_time":"20210216211226","is_ascension_mode":true,"campfire_choices":[{"data":"Berserk","floor":8,"key":"SMITH"},{"data":"Strike_R","floor":11,"key":"PURGE"},{"floor":15,"key":"REST"},{"floor":23,"key":"REST"}],"circlet_count":0,"master_deck":["Strike_R","Strike_R","Strike_R","Defend_R","Defend_R","Defend_R","Defend_R","Bash+1","Iron Wave","Sword Boomerang","Rampage","Berserk+1","Pommel Strike","Shrug It Off","Fire Breathing","Twin Strike","Power Through","Reaper","True Grit","Fire Breathing","True Grit","Evolve","Armaments"],"relics":["Burning Blood","Peace Pipe","Calipers","Bottled Lightning","SlaversCollar","FaceOfCleric"],"acts_visited":["Exordium","TheCity"],"potions_floor_usage":[6,16,22],"damage_taken":[{"damage":9.0,"enemies":"Small Slimes","floor":1.0,"turns":6.0},{"damage":1.0,"enemies":"Cultist","floor":2.0,"turns":3.0},{"damage":9.0,"enemies":"2 Louse","floor":3.0,"turns":4.0},{"damage":1,"enemies":"2 Fungi Beasts","floor":5,"turns":4},{"damage":15,"enemies":"Gremlin Nob","floor":6,"turns":4},{"damage":31,"enemies":"Exordium Wildlife","floor":7,"turns":5},{"damage":19,"enemies":"Gremlin Gang","floor":10,"turns":8},{"damage":13,"enemies":"3 Louse","floor":12,"turns":5},{"damage":11,"enemies":"Looter","floor":13,"turns":3},{"damage":19,"enemies":"Hexaghost","floor":16,"turns":9},{"damage":8,"enemies":"Chosen","floor":18,"turns":6},{"damage":37,"enemies":"Shell Parasite","floor":21,"turns":8},{"damage":26,"enemies":"Cultist and Chosen","floor":22,"turns":6},{"damage":31,"enemies":"Chosen and Byrds","floor":24,"turns":4}],"seed_played":"-7135327486342812716","potions_obtained":[{"floor":3.0,"key":"Ancient Potion"},{"floor":5,"key":"Block Potion"},{"floor":10,"key":"PowerPotion"},{"floor":13,"key":"FearPotion"},{"floor":21,"key":"Energy Potion"},{"floor":22,"key":"Fruit Juice"}],"is_trial":false,"path_per_floor":["M","M","M","$","M","E","M","R","T","M","R","M","M","?","R","B",null,"M","?","$","M","M","R","M"],"character_chosen":"IRONCLAD","items_purchased":["Rampage","Fire Breathing","True Grit"],"campfire_rested":2,"item_purchase_floors":[4,20,20],"current_hp_per_floor":[69,72,69,69,72,63,38,38,38,25,25,18,13,13,34,21,59,61,61,61,31,17,40,9,9],"gold":135,"neow_bonus":"ONE_RARE_RELIC","is_daily":false,"chose_seed":false,"campfire_upgraded":1,"win_rate":0.0,"timestamp":1613477546,"path_taken":["M","M","M","$","M","E","M","R","T","M","R","M","M","?","R","BOSS","M","?","$","M","?","R","M"],"items_purchased_type":["Card","Card","Card"],"build_version":"2020-12-22","purchased_purges":1,"victory":false,"max_hp_per_floor":[72,72,72,72,72,72,72,72,72,72,72,72,72,72,72,72,72,72,72,72,73,79,79,79,79],"card_choices":[{"not_picked":["Anger","Sever Soul"],"picked":"Iron Wave","floor":1.0},{"not_picked":["Heavy Blade","Iron Wave"],"picked":"Sword Boomerang","floor":2.0},{"not_picked":["Rage","Sever Soul","Infernal Blade"],"picked":"SKIP","floor":3.0},{"not_picked":["Heavy Blade","Twin Strike"],"picked":"Berserk","floor":5},{"not_picked":["Rupture","Dropkick"],"picked":"Pommel Strike","floor":6},{"not_picked":["Whirlwind","Warcry"],"picked":"Shrug It Off","floor":7},{"not_picked":["Disarm","Iron Wave"],"picked":"Fire Breathing","floor":10},{"not_picked":["Thunderclap","Heavy Blade"],"picked":"Twin Strike","floor":12},{"not_picked":["Sentinel","Combust"],"picked":"Power Through","floor":13},{"not_picked":["Limit Break","Demon Form"],"picked":"Reaper","floor":16},{"not_picked":["Dropkick","Anger"],"picked":"True Grit","floor":18},{"not_picked":["Shrug It Off","Perfected Strike+1"],"picked":"Evolve","floor":21},{"not_picked":["Clothesline","Perfected Strike"],"picked":"Armaments","floor":22}],"player_experience":337896,"relics_obtained":[{"floor":6,"key":"Calipers"},{"floor":9,"key":"Bottled Lightning"}],"event_choices":[{"damage_healed":0,"gold_gain":0,"player_choice":"Upgraded","damage_taken":0,"max_hp_gain":0,"max_hp_loss":0,"event_name":"Upgrade Shrine","floor":14,"gold_loss":0,"cards_upgraded":["Bash"]},{"damage_healed":0,"gold_gain":0,"player_choice":"Trade","damage_taken":0,"relics_obtained":["FaceOfCleric"],"max_hp_gain":0,"max_hp_loss":0,"event_name":"FaceTrader","floor":19,"gold_loss":0}],"is_beta":false,"boss_relics":[{"not_picked":["Runic Pyramid","Sozu"],"picked":"SlaversCollar"}],"items_purged_floors":[20],"is_endless":false,"potions_floor_spawned":[3,5,10,13,21,22],"killed_by":"Chosen and Byrds","ascension_level":8}}