{"host":"08yfhu6uhosdn245","time":1613518021,"event":{"mods":["2.2 Compatiblity","AchievementEnabler","BaseMod","Bestiary","Colored Map","Colored Powertips","Curses Come First","Highlight Path","Minty Spire (QoL Compilation)","Quick Restart","Relic Stats","StSLib"],"gold_per_floor":[109,124,124,139,67,67,81,113,159,434,449,41,41,41,41,137,137,152,152,172,184,544,544,577,589,627,654,676,715,138,53,53,158,158,177,177,189,203,216,241,241,272,298,79,99,132,132,132,132,132,132,132,24,56,56],"floor_reached":56,"language":"ENG","playtime":3150,"items_purged":["Regret","Strike_R"],"score":1401,"play_id":"10a5c26f-e845-4715-b04d-041b1bc13d04","local_time":"20210216182701","is_ascension_mode":true,"campfire_choices":[{"data":"Pummel","floor":6.0,"key":"SMITH"},{"data":"Inflame","floor":13.0,"key":"SMITH"},{"data":"Sword Boomerang","floor":15.0,"key":"SMITH"},{"data":"Dual Wield","floor":23.0,"key":"SMITH"},{"data":"Fiend Fire","floor":25.0,"key":"SMITH"},{"data":"Burning Pact","floor":32.0,"key":"SMITH"},{"data":"Whirlwind","floor":41,"key":"SMITH"},{"floor":47,"key":"RECALL"},{"floor":49,"key":"REST"},{"data":"Feel No Pain","floor":52,"key":"SMITH"}],"circlet_count":0,"master_deck":["Strike_R","Defend_R","Defend_R+1","Defend_R","Defend_R+1","Bash","Clothesline","Inflame+1","Pummel+1","Whirlwind+1","Sword Boomerang+1","Burning Pact+1","Warcry","Parasite","Fiend Fire+1","True Grit+1","Reckless Charge","Feel No Pain+1","Dual Wield+1","Sword Boomerang+1","Pummel+1","Corruption","Sentinel","Master of Strategy","Metallicize+1","Parasite","Dark Embrace+1","Feel No Pain+1","Feel No Pain+1","Evolve","Disarm"],"relics":["Burning Blood","Letter Opener","Bag of Marbles","War Paint","Singing Bowl","Chemical X","Snecko Eye","MawBank","Oddly Smooth Stone","Dream Catcher","Molten Egg 2","Question Card","Mango","SlaversCollar","Kunai","Juzu Bracelet","Membership Card","Mummified Hand","Akabeko","Cauldron","Blood Vial"],"acts_visited":["Exordium","TheCity","TheBeyond","TheEnding"],"potions_floor_usage":[40,40,46,54,55,55],"damage_taken":[{"damage":6.0,"enemies":"Jaw Worm","floor":1.0,"turns":3.0},{"damage":2.0,"enemies":"Small Slimes","floor":2.0,"turns":5.0},{"damage":4.0,"enemies":"Cultist","floor":4.0,"turns":4.0},{"damage":29.0,"enemies":"Exordium Wildlife","floor":7.0,"turns":6.0},{"damage":21.0,"enemies":"Lagavulin","floor":8.0,"turns":7.0},{"damage":1.0,"enemies":"2 Fungi Beasts","floor":11.0,"turns":4.0},{"damage":30.0,"enemies":"Hexaghost","floor":16.0,"turns":9.0},{"damage":10.0,"enemies":"2 Thieves","floor":18.0,"turns":2.0},{"damage":4.0,"enemies":"3 Byrds","floor":20.0,"turns":3.0},{"damage":6.0,"enemies":"Cultist and Chosen","floor":21.0,"turns":4.0},{"damage":11.0,"enemies":"Book of Stabbing","floor":24.0,"turns":4.0},{"damage":6.0,"enemies":"Snake Plant","floor":27.0,"turns":2.0},{"damage":4.0,"enemies":"Chosen and Byrds","floor":28.0,"turns":3.0},{"damage":0.0,"enemies":"Gremlin Leader","floor":29.0,"turns":4.0},{"damage":47.0,"enemies":"Collector","floor":33.0,"turns":7.0},{"damage":21.0,"enemies":"3 Darklings","floor":35.0,"turns":4.0},{"damage":11.0,"enemies":"3 Shapes","floor":37.0,"turns":3.0},{"damage":14.0,"enemies":"Sphere and 2 Shapes","floor":38.0,"turns":2.0},{"damage":22.0,"enemies":"Writhing Mass","floor":39.0,"turns":7.0},{"damage":0,"enemies":"Reptomancer","floor":40,"turns":4},{"damage":18,"enemies":"Nemesis","floor":42,"turns":5},{"damage":0,"enemies":"Spire Growth","floor":45,"turns":3},{"damage":23,"enemies":"Reptomancer","floor":46,"turns":3},{"damage":13,"enemies":"Donu and Deca","floor":50,"turns":7},{"damage":0,"enemies":"Shield and Spear","floor":54,"turns":2},{"damage":57,"enemies":"The Heart","floor":55,"turns":7}],"seed_played":"-2038039744136500569","potions_obtained":[{"floor":8.0,"key":"SpeedPotion"},{"floor":11.0,"key":"ColorlessPotion"},{"floor":18.0,"key":"DuplicationPotion"},{"floor":20.0,"key":"Fire Potion"},{"floor":28.0,"key":"LiquidBronze"},{"floor":29.0,"key":"EssenceOfSteel"},{"floor":35.0,"key":"SteroidPotion"},{"floor":37.0,"key":"ColorlessPotion"},{"floor":46,"key":"BlessingOfTheForge"},{"floor":53,"key":"DistilledChaos"},{"floor":53,"key":"SkillPotion"},{"floor":54,"key":"FearPotion"}],"is_trial":false,"path_per_floor":["M","M","?","M","$","R","M","E","T","?","M","$","R","?","R","B",null,"M","?","M","M","?","R","E","R","T","M","M","E","$","?","R","B",null,"M","?","M","M","M","E","R","E","T","$","M","E","R","T","R","B",null,"R","$","E","B",null],"character_chosen":"IRONCLAD","items_purchased":["Whirlwind","Singing Bowl","Chemical X","Molten Egg 2","Question Card","Pummel+1","Membership Card","Swift Potion","Evolve","Cauldron"],"campfire_rested":1,"item_purchase_floors":[5,12,12,30,30,30,44,44,53,53],"current_hp_per_floor":[56,60,48,50,50,50,27,12,12,12,17,17,17,37,37,13,80,76,76,78,78,42,42,39,39,39,41,45,51,51,65,65,24,100,85,85,82,74,60,66,66,56,56,56,62,45,45,45,78,71,108,108,108,108,57],"gold":56,"neow_bonus":"REMOVE_TWO","is_daily":false,"chose_seed":false,"campfire_upgraded":8,"win_rate":0.0,"timestamp":1613518021,"path_taken":["M","M","?","M","$","R","M","E","T","?","?","$","R","?","R","BOSS","M","?","M","?","?","R","E","R","T","M","?","E","$","?","R","BOSS","M","?","M","M","M","E","R","E","T","$","M","E","R","?","R","BOSS","R","$","E","BOSS"],"items_purchased_type":["Card","Relic","Relic","Relic","Relic","Card","Relic","Potion","Card","Relic"],"build_version":"2020-12-22","purchased_purges":2,"victory":true,"max_hp_per_floor":[80,80,80,80,80,80,80,80,80,80,80,80,80,80,80,80,80,80,80,80,80,80,80,82,82,82,84,86,86,86,100,100,100,100,100,100,102,102,104,104,104,106,106,106,106,106,106,106,108,108,108,108,108,108,108],"relic_stats":{"Singing Bowl":14,"counters":[26,114],"Juzu Bracelet":0,"Letter Opener":[149],"War Paint":["Defend_R","Defend_R"],"MawBank":72,"Question Card":13,"Burning Blood":150,"Blood Vial":0,"Dream Catcher":1,"Mummified Hand":[43],"Snecko Eye":[167,144,131,129],"Chemical X":[30],"Kunai":[13],"obtain_stats":[{"Singing Bowl":12,"Oddly Smooth Stone":26,"Mango":31,"Juzu Bracelet":42,"Letter Opener":3,"War Paint":9,"MawBank":24,"Question Card":30,"Burning Blood":0,"Akabeko":48,"Blood Vial":54,"SlaversCollar":34,"Cauldron":53,"Dream Catcher":29,"Mummified Hand":46,"Snecko Eye":17,"Molten Egg 2":30,"Bag of Marbles":8,"Chemical X":12,"Kunai":40,"Membership Card":44},{"Singing Bowl":6,"Oddly Smooth Stone":11,"Mango":14,"Juzu Bracelet":21,"Letter Opener":2,"War Paint":5,"MawBank":11,"Question Card":14,"Burning Blood":0,"Akabeko":23,"Blood Vial":25,"SlaversCollar":15,"Cauldron":24,"Dream Catcher":14,"Mummified Hand":23,"Snecko Eye":7,"Molten Egg 2":14,"Bag of Marbles":5,"Chemical X":6,"Kunai":20,"Membership Card":21},{"Singing Bowl":29,"Oddly Smooth Stone":51,"Mango":60,"Juzu Bracelet":92,"Letter Opener":8,"War Paint":25,"MawBank":51,"Question Card":60,"Burning Blood":0,"Akabeko":98,"Blood Vial":107,"SlaversCollar":67,"Cauldron":105,"Dream Catcher":60,"Mummified Hand":98,"Snecko Eye":38,"Molten Egg 2":60,"Bag of Marbles":25,"Chemical X":29,"Kunai":87,"Membership Card":92}]},"card_choices":[{"not_picked":["Body Slam","Infernal Blade"],"picked":"Clothesline","floor":1.0},{"not_picked":["Clothesline","Sentinel"],"picked":"Inflame","floor":2.0},{"not_picked":["Heavy Blade","Rupture"],"picked":"Pummel","floor":4.0},{"not_picked":["Shockwave","Ghostly Armor"],"picked":"Sword Boomerang","floor":7.0},{"not_picked":["Havoc","Carnage"],"picked":"Burning Pact","floor":8.0},{"not_picked":["Clothesline","Body Slam"],"picked":"Warcry","floor":11.0},{"not_picked":["Bludgeon","Immolate"],"picked":"Fiend Fire","floor":16.0},{"not_picked":["Shockwave","Cleave+1"],"picked":"True Grit+1","floor":18.0},{"not_picked":["Headbutt","Sever Soul"],"picked":"Feel No Pain+1","floor":20.0},{"not_picked":["Shrug It Off","True Grit"],"picked":"Dual Wield","floor":21.0},{"not_picked":["Clash","Dual Wield","Entrench"],"picked":"Singing Bowl","floor":24.0},{"not_picked":["Spot Weakness","Headbutt","Perfected Strike"],"picked":"Singing Bowl","floor":27.0},{"not_picked":["Clothesline","Armaments","Double Tap"],"picked":"Singing Bowl","floor":28.0},{"not_picked":["Twin Strike","Combust"],"picked":"Sword Boomerang+1","floor":29.0},{"not_picked":["Juggernaut","Limit Break","Immolate+1"],"picked":"Corruption","floor":33.0},{"not_picked":["Flex","Sword Boomerang+1","Warcry+1"],"picked":"Sentinel","floor":35.0},{"not_picked":["Impatience","Swift Strike+1","Dark Shackles"],"picked":"Master of Strategy","floor":36.0},{"not_picked":["Body Slam+1","Rage+1","Sword Boomerang+1","Entrench+1"],"picked":"Singing Bowl","floor":37.0},{"not_picked":["Entrench","Pommel Strike+1","Dual Wield"],"picked":"Metallicize+1","floor":38.0},{"not_picked":["Sword Boomerang+1","Hemokinesis+1","Clash+1","Anger+1"],"picked":"Singing Bowl","floor":39.0},{"not_picked":["Fire Breathing+1","Headbutt+1","Flex+1"],"picked":"Dark Embrace+1","floor":40},{"not_picked":["Burning Pact+1","True Grit","Shrug It Off","Blood for Blood+1"],"picked":"Singing Bowl","floor":42},{"not_picked":["Warcry+1","Cleave+1","Clash+1"],"picked":"Feel No Pain","floor":45},{"not_picked":["Inflame+1","Whirlwind+1","Wild Strike+1"],"picked":"Feel No Pain+1","floor":46},{"not_picked":["Clash+1","Armaments","Iron Wave+1","True Grit"],"picked":"Singing Bowl","floor":49},{"not_picked":["Clothesline+1","True Grit+1","Warcry"],"picked":"Disarm","floor":54}],"player_experience":394754,"relics_obtained":[{"floor":8.0,"key":"Bag of Marbles"},{"floor":9.0,"key":"War Paint"},{"floor":24.0,"key":"MawBank"},{"floor":26.0,"key":"Oddly Smooth Stone"},{"floor":29.0,"key":"Dream Catcher"},{"floor":40,"key":"Kunai"},{"floor":42,"key":"Juzu Bracelet"},{"floor":46,"key":"Mummified Hand"},{"floor":48,"key":"Akabeko"},{"floor":54,"key":"Blood Vial"}],"event_choices":[{"damage_healed":0.0,"max_hp_gain":0.0,"max_hp_loss":0.0,"gold_gain":0.0,"event_name":"Scrap Ooze","player_choice":"Success","floor":3.0,"gold_loss":0.0,"damage_taken":12.0,"relics_obtained":["Letter Opener"]},{"damage_healed":0.0,"max_hp_gain":0.0,"max_hp_loss":0.0,"gold_gain":275.0,"event_name":"Golden Shrine","player_choice":"Desecrate","floor":10.0,"gold_loss":0.0,"damage_taken":0.0,"cards_obtained":["Regret"]},{"damage_healed":20.0,"max_hp_gain":0.0,"max_hp_loss":0.0,"gold_gain":0.0,"event_name":"Mushrooms","player_choice":"Healed and dodged fight","floor":14.0,"gold_loss":0.0,"damage_taken":0.0,"cards_obtained":["Parasite"]},{"damage_healed":0.0,"max_hp_gain":0.0,"max_hp_loss":0.0,"gold_gain":0.0,"cards_transformed":["Strike_R"],"event_name":"Transmorgrifier","player_choice":"Transformed","floor":19.0,"gold_loss":0.0,"damage_taken":0.0,"cards_obtained":["Reckless Charge"]},{"damage_healed":0.0,"max_hp_gain":0.0,"max_hp_loss":0.0,"gold_gain":360.0,"event_name":"Knowing Skull","player_choice":"GOLD GOLD GOLD GOLD ","floor":22.0,"potions_obtained":[],"gold_loss":0.0,"damage_taken":36.0,"cards_obtained":[]},{"damage_healed":0.0,"max_hp_gain":0.0,"max_hp_loss":0.0,"gold_gain":0.0,"event_name":"Addict","player_choice":"Obtained Relic","floor":31.0,"gold_loss":85.0,"damage_taken":0.0,"relics_obtained":["Mango"]},{"damage_healed":0.0,"max_hp_gain":0.0,"max_hp_loss":0.0,"gold_gain":0.0,"event_name":"SensoryStone","player_choice":"Memory 1","floor":36.0,"gold_loss":0.0,"damage_taken":0.0}],"is_beta":false,"boss_relics":[{"not_picked":["Velvet Choker","Black Star"],"picked":"Snecko Eye"},{"not_picked":["Empty Cage","Runic Dome"],"picked":"SlaversCollar"}],"items_purged_floors":[30,44],"is_endless":false,"potions_floor_spawned":[8,11,18,20,28,29,35,37,46,54],"ascension_level":1}}