{"host":"nsc6ozq3atyrdr3m","time":1613501867,"event":{"mods":["BaseMod","Colored Map","Minty Spire (QoL Compilation)"],"gold_per_floor":[110,121,121,136,148,148,163,163,163,163,18,44,44,58,58,58,58],"floor_reached":16,"language":"FRA","playtime":350,"items_purged":["Strike_B"],"score":159,"play_id":"2747c04e-c773-4ed7-9131-aa7de7906183","local_time":"20210216195747","is_ascension_mode":true,"campfire_choices":[{"data":"Hyperbeam","floor":6,"key":"SMITH"},{"data":"Steam Power","floor":10,"key":"SMITH"},{"data":"Genetic Algorithm","floor":13,"key":"SMITH"},{"data":"Skim","floor":15,"key":"SMITH"}],"circlet_count":0,"master_deck":["Strike_B","Strike_B","Defend_B","Defend_B","Defend_B","Defend_B","Zap","Dualcast","Leap","Conserve Battery","Hyperbeam+1","Genetic Algorithm+1","Steam Power+1","Melter","Sweeping Beam","Skim+1"],"relics":["Cracked Core","Bag of Preparation","Toy Ornithopter","Regal Pillow"],"acts_visited":["Exordium"],"potions_floor_usage":[16,16],"damage_taken":[{"damage":1,"enemies":"Cultist","floor":1,"turns":3},{"damage":1,"enemies":"2 Louse","floor":2,"turns":3},{"damage":0,"enemies":"Small Slimes","floor":4,"turns":4},{"damage":0,"enemies":"3 Louse","floor":5,"turns":1},{"damage":6,"enemies":"Blue Slaver","floor":7,"turns":2},{"damage":0,"enemies":"3 Sentries","floor":12,"turns":2},{"damage":7,"enemies":"Exordium Wildlife","floor":14,"turns":3},{"damage":70,"enemies":"Hexaghost","floor":16,"turns":12}],"seed_played":"3900780047480671172","potions_obtained":[{"floor":2,"key":"Energy Potion"},{"floor":7,"key":"SkillPotion"},{"floor":8,"key":"BlessingOfTheForge"}],"is_trial":false,"path_per_floor":["M","M","?","M","M","R","M","?","T","R","$","E","R","M","R","B"],"character_chosen":"DEFECT","items_purchased":["Melter"],"campfire_rested":0,"item_purchase_floors":[11],"current_hp_per_floor":[74,73,73,73,73,73,67,67,67,67,67,67,67,60,60,0,0],"gold":58,"neow_bonus":"RANDOM_COMMON_RELIC","is_daily":false,"chose_seed":false,"campfire_upgraded":4,"win_rate":0.0,"timestamp":1613501867,"path_taken":["M","?","?","M","?","R","?","?","T","R","$","E","R","?","R","BOSS"],"items_purchased_type":["Card"],"build_version":"2020-12-22","purchased_purges":1,"victory":false,"max_hp_per_floor":[75,75,75,75,75,75,75,75,75,75,75,75,75,75,75,75,75],"card_choices":[{"not_picked":["Steam","Rebound"],"picked":"Leap","floor":1},{"not_picked":["White Noise","Cold Snap"],"picked":"Conserve Battery","floor":2},{"not_picked":["Turbo","Steam"],"picked":"Hyperbeam","floor":4},{"not_picked":["Compile Driver","Leap"],"picked":"Genetic Algorithm","floor":5},{"not_picked":["Stack","Coolheaded"],"picked":"Steam Power","floor":7},{"not_picked":["Hello World","Self Repair"],"picked":"Sweeping Beam","floor":12},{"not_picked":["Go for the Eyes","Static Discharge"],"picked":"Skim","floor":14}],"player_experience":420540,"relics_obtained":[{"floor":9,"key":"Toy Ornithopter"},{"floor":12,"key":"Regal Pillow"}],"event_choices":[{"cards_removed":["Strike_B"],"damage_healed":0,"gold_gain":0,"player_choice":"Purged","damage_taken":0,"max_hp_gain":0,"max_hp_loss":0,"event_name":"Purifier","floor":3,"gold_loss":0},{"damage_healed":0,"gold_gain":0,"player_choice":"Got Potions","damage_taken":0,"max_hp_gain":0,"max_hp_loss":0,"event_name":"Lab","floor":8,"gold_loss":0}],"is_beta":false,"boss_relics":[],"items_purged_floors":[11],"is_endless":false,"potions_floor_spawned":[2,7],"killed_by":"Hexaghost","ascension_level":5}}