{"host":"w14xfy17z3c5mpoi","time":1613505314,"event":{"mods":["AchievementEnabler","BaseMod","Minty Spire (QoL Compilation)","Relic Stats"],"gold_per_floor":[118,193,211,86,105,130,149,183,183,183,143,163,163,163,163,163,163],"floor_reached":16,"language":"ENG","playtime":1055,"items_purged":["Defend_P"],"score":149,"play_id":"95f82442-66ad-487e-90c9-f391cb5f79a7","local_time":"20210216145514","is_ascension_mode":true,"campfire_choices":[{"data":"Blasphemy","floor":10,"key":"SMITH"},{"data":"Vigilance","floor":13,"key":"SMITH"},{"data":"JustLucky","floor":15,"key":"SMITH"}],"circlet_count":0,"master_deck":["Strike_P","Strike_P","Strike_P","Strike_P","Defend_P","Defend_P","Defend_P","Eruption","Vigilance+1","FollowUp","JustLucky+1","CutThroughFate","Blasphemy+1","Tantrum","Consecrate","CutThroughFate"],"relics":["Coffee Dripper","Oddly Smooth Stone","Centennial Puzzle","PreservedInsect"],"acts_visited":["Exordium"],"potions_floor_usage":[6,6,12,16,16],"damage_taken":[{"damage":0,"enemies":"Small Slimes","floor":1,"turns":5},{"damage":0,"enemies":"Cultist","floor":3,"turns":2},{"damage":0,"enemies":"2 Louse","floor":5,"turns":3},{"damage":5,"enemies":"Lagavulin","floor":6,"turns":5},{"damage":15,"enemies":"Lots of Slimes","floor":7,"turns":4},{"damage":19,"enemies":"Gremlin Nob","floor":8,"turns":4},{"damage":0,"enemies":"Exordium Wildlife","floor":12,"turns":2},{"damage":13,"enemies":"The Guardian","floor":16,"turns":6}],"seed_played":"1939326216314809737","potions_obtained":[{"floor":1,"key":"DistilledChaos"},{"floor":5,"key":"CultistPotion"},{"floor":8,"key":"BlessingOfTheForge"},{"floor":11,"key":"EntropicBrew"},{"floor":11,"key":"DistilledChaos"},{"floor":12,"key":"Weak Potion"}],"is_trial":false,"path_per_floor":["M","?","M","$","M","E","M","E","T","R","?","M","R","?","R","B"],"character_chosen":"WATCHER","items_purchased":["FearPotion"],"campfire_rested":0,"item_purchase_floors":[4],"current_hp_per_floor":[65,54,54,54,54,49,34,15,15,15,15,15,15,12,12,0,0],"gold":163,"neow_bonus":"BOSS_RELIC","is_daily":false,"chose_seed":false,"campfire_upgraded":3,"win_rate":0.0,"timestamp":1613505314,"path_taken":["M","?","M","$","M","E","M","E","T","R","?","?","R","?","R","BOSS"],"items_purchased_type":["Potion"],"build_version":"2020-12-22","purchased_purges":1,"victory":false,"max_hp_per_floor":[72,72,72,72,72,72,72,72,72,72,72,72,72,72,72,72,72],"relic_stats":{"Centennial Puzzle":[0],"counters":[8,31],"PreservedInsect":0,"obtain_stats":[{"Centennial Puzzle":8,"Oddly Smooth Stone":6,"PreservedInsect":9,"Coffee Dripper":0,"PureWater":0},{"Centennial Puzzle":6,"Oddly Smooth Stone":4,"PreservedInsect":6,"Coffee Dripper":0,"PureWater":0},{"Centennial Puzzle":23,"Oddly Smooth Stone":15,"PreservedInsect":23,"Coffee Dripper":0,"PureWater":0}]},"card_choices":[{"not_picked":["Worship","Protect"],"picked":"FollowUp","floor":1},{"not_picked":["FollowUp","ThirdEye"],"picked":"JustLucky","floor":3},{"not_picked":["Sanctity","ThirdEye"],"picked":"CutThroughFate","floor":5},{"not_picked":["SashWhip","Evaluate"],"picked":"Blasphemy","floor":6},{"not_picked":["Halt","EmptyBody"],"picked":"Tantrum","floor":7},{"not_picked":["WindmillStrike","CutThroughFate"],"picked":"Consecrate","floor":8},{"not_picked":["CarveReality","Consecrate"],"picked":"CutThroughFate","floor":12}],"player_experience":667724,"relics_obtained":[{"floor":6,"key":"Oddly Smooth Stone"},{"floor":8,"key":"Centennial Puzzle"},{"floor":9,"key":"PreservedInsect"}],"event_choices":[{"damage_healed":0,"gold_gain":75,"player_choice":"Gather Gold","damage_taken":11,"max_hp_gain":0,"max_hp_loss":0,"event_name":"World of Goop","floor":2,"gold_loss":0},{"damage_healed":0,"gold_gain":0,"player_choice":"Bought 3 Potions","damage_taken":0,"max_hp_gain":0,"max_hp_loss":0,"event_name":"The Woman in Blue","floor":11,"gold_loss":0},{"damage_healed":0,"gold_gain":0,"player_choice":"Fled","damage_taken":3,"max_hp_gain":0,"max_hp_loss":0,"event_name":"Scrap Ooze","floor":14,"gold_loss":0}],"is_beta":false,"boss_relics":[],"items_purged_floors":[4],"is_endless":false,"potions_floor_spawned":[1,5,8,12],"killed_by":"The Guardian","ascension_level":7}}