{"host":"cw5mrddkw4tq3s8v","time":1613500297,"event":{"mods":["BaseMod","Block Reminder","Colored Map","Colored Powertips","DeckTracker","Highlight Path","Hubris","Infinite Spire","Minty Spire (QoL Compilation)","Permanent Neow","Quick Restart","Random Character Button","Relic Sorter","Relic Stats","Replay The Spire","StSLib","SuperFastMode","The Blue Laboratory","The Jungle"],"gold_per_floor":[114,125,142,162,172,172,160,190,214,233,233,245,260,289,289,289,289],"floor_reached":16,"language":"ENG","playtime":1358,"items_purged":[],"score":118,"play_id":"e9f961b0-e9bc-4001-92d4-e62bb34b0ce9","local_time":"20210216203137","is_ascension_mode":false,"campfire_choices":[{"data":"Tactician","floor":6,"key":"SMITH"},{"data":"Quick Slash","floor":11,"key":"SMITH"},{"floor":15,"key":"REST"}],"circlet_count":0,"master_deck":["Strike_G","Strike_G","Strike_G","Strike_G","Defend_G","Defend_G","Defend_G+1","Defend_G","Defend_G","Survivor","Neutralize","Finisher","Blade Dance","ReplayTheSpireMod:Scrap Shanks","Tactician+1","Hidden Blade","Deflect","Outmaneuver","Quick Slash+1","Prepared","Acrobatics","Underhanded Strike"],"relics":["Ring of the Snake","Ancient Tea Set","Gremlin Food","Tiny Chest"],"acts_visited":["Exordium"],"potions_floor_usage":[],"damage_taken":[{"damage":0,"enemies":"Cultist","floor":1,"turns":4},{"damage":0,"enemies":"2 Louse","floor":2,"turns":2},{"damage":0,"enemies":"Jaw Worm","floor":3,"turns":4},{"damage":2,"enemies":"Blue Slaver","floor":4,"turns":5},{"damage":3,"enemies":"Red Slaver","floor":5,"turns":4},{"damage":1,"enemies":"Exordium Thugs","floor":7,"turns":4},{"damage":41,"enemies":"3 Sentries","floor":8,"turns":13},{"damage":0,"enemies":"Blue Slaver","floor":10,"turns":2},{"damage":0,"enemies":"Large Slime","floor":12,"turns":3},{"damage":1,"enemies":"Exordium Thugs","floor":13,"turns":3},{"damage":4,"enemies":"Lagavulin","floor":14,"turns":5},{"damage":42,"enemies":"The Guardian","floor":16,"turns":7}],"seed_played":"8428877140492711367","potions_obtained":[{"floor":1,"key":"Regen Potion"},{"floor":2,"key":"Energy Potion"},{"floor":10,"key":"Poison Potion"}],"is_trial":false,"path_per_floor":["M","M","M","M","M","R","M","E","T","M","R","M","M","E","R","B"],"character_chosen":"THE_SILENT","items_purchased":[],"campfire_rested":1,"item_purchase_floors":[],"current_hp_per_floor":[70,70,70,68,65,65,64,23,23,23,23,23,22,18,39,0,0],"gold":289,"neow_bonus":"TRANSFORM_CARD","is_daily":false,"chose_seed":false,"campfire_upgraded":2,"win_rate":0.0,"timestamp":1613500297,"path_taken":["M","M","M","M","M","R","M","E","T","M","R","M","M","E","R","BOSS"],"items_purchased_type":[],"build_version":"2020-12-13","purchased_purges":0,"victory":false,"max_hp_per_floor":[70,70,70,70,70,70,70,70,70,70,70,70,70,70,70,70,70],"relic_stats":{"counters":[12,56],"Tiny Chest":0,"obtain_stats":[{"Gremlin Food":9,"Tiny Chest":14,"Ancient Tea Set":8,"Ring of the Snake":0},{"Gremlin Food":7,"Tiny Chest":11,"Ancient Tea Set":7,"Ring of the Snake":0},{"Gremlin Food":36,"Tiny Chest":49,"Ancient Tea Set":36,"Ring of the Snake":0}],"Ring of the Snake":[24]},"card_choices":[{"not_picked":["PiercingWail","Flying Knee"],"picked":"Blade Dance","floor":1},{"not_picked":["Endless Agony","Calculated Gamble"],"picked":"ReplayTheSpireMod:Scrap Shanks","floor":2},{"not_picked":["Deadly Poison","Deflect"],"picked":"Tactician","floor":3},{"not_picked":["Dagger Spray","Outmaneuver"],"picked":"Hidden Blade","floor":4},{"not_picked":["Underhanded Strike","ReplayTheSpireMod:Necrosis"],"picked":"Deflect","floor":5},{"not_picked":["PiercingWail","Bouncing Flask"],"picked":"Outmaneuver","floor":7},{"not_picked":["Deflect","Heel Hook"],"picked":"Quick Slash","floor":8},{"not_picked":["Endless Agony","Dagger Throw"],"picked":"Prepared","floor":10},{"not_picked":["Footwork","Outmaneuver"],"picked":"Acrobatics","floor":12},{"not_picked":["Heel Hook","Backflip"],"picked":"Underhanded Strike","floor":13},{"not_picked":["Poisoned Stab","Catalyst","Quick Slash"],"picked":"SKIP","floor":14}],"player_experience":67056,"relics_obtained":[{"floor":8,"key":"Ancient Tea Set"},{"floor":9,"key":"Gremlin Food"},{"floor":14,"key":"Tiny Chest"}],"event_choices":[],"is_beta":false,"boss_relics":[],"items_purged_floors":[],"is_endless":false,"potions_floor_spawned":[1,2,10,12],"killed_by":"The Guardian","ascension_level":0}}