{"host":"6hzrz31j95f2y1pa","time":1613518308,"event":{"mods":["BaseMod","Colored Map","Downfall","Minty Spire (QoL Compilation)","StSLib"],"gold_per_floor":[99,113,129,146,158,185,185,201,231,258,158,45,45,61,74,172,172,172,6,25,41,41,55,81,98,130,130,130,163,163,193,212,314,314,214,232,92,92,108,124,124,136,73,73,73,105,5,15,35,35,35,61,61,61,61,61],"floor_reached":57,"language":"ENG","playtime":3915,"items_purged":["Slimebound:Defend_Slimebound","Slimebound:SlimeBrawl","Slimebound:SlimeBrawl","Normality"],"score":1568,"play_id":"60f5e16b-7df7-4683-b825-a3ba75cc83d0","local_time":"20210216183148","is_ascension_mode":true,"campfire_choices":[{"data":"Slimebound:CorrosiveSpit","floor":1.0,"key":"SMITH"},{"data":"Slimebound:TagTeam","floor":11,"key":"SMITH"},{"data":"Slimebound:Repurpose","floor":13,"key":"SMITH"},{"data":"Slimebound:Dissolve","floor":18,"key":"SMITH"},{"floor":28,"key":"RECALL"},{"floor":35,"key":"REST"},{"floor":44,"key":"REST"},{"floor":47,"key":"REST"},{"floor":54,"key":"REST"}],"circlet_count":0,"master_deck":["Slimebound:CorrosiveSpit+1","Slimebound:LeechingTouch","Slimebound:SplitBruiser","Slimebound:TagTeam+1","Slimebound:LivingWall","Slimebound:Repurpose+1","Slimebound:Schlurp","Slimebound:MinionMaster","Slimebound:SplitMire+1","Slimebound:RainOfGoop+1","Slimebound:LeadByExample","Slimebound:Recycling","Slimebound:RainOfGoop","Slimebound:Dissolve+1","Slimebound:ComboTackle","Slimebound:SplitAcid","Slimebound:LeechingTouch","Slimebound:SamplingLick","Slimebound:Prepare","Slimebound:LeechingTouch","Slimebound:ItLooksTasty","Slimebound:RejuvenatingLick+1","Slimebound:SplitSpecialist+1","Slimebound:MassFeed","Slimebound:GoopSpray+1","Slimebound:FormOfPuddle+1","Slimebound:LeechEnergy+1","Slimebound:LeechEnergy","Slimebound:PressTheAttack+1"],"relics":["Slimebound:AbsorbEndCombat","FossilizedHelix","Mango","Slimebound:SlimedSkullRelic","Question Card","Bird Faced Urn","downfall:HeartBlessingGreen","Pandora\u0027s Box","Anchor","Thread and Needle","Slimebound:AggressiveSlimeRelic","Strawberry","Fusion Hammer","downfall:HeartBlessingRed","Pantograph","War Paint","downfall:HeartBlessingBlue","HornCleat"],"acts_visited":["Exordium","TheCity","TheBeyond","TheEnding"],"potions_floor_usage":[19,23,26,29,31,37,52,55,56],"damage_taken":[{"damage":1.0,"enemies":"Cultist","floor":2.0,"turns":3.0},{"damage":0.0,"enemies":"Jaw Worm","floor":3.0,"turns":4.0},{"damage":0.0,"enemies":"Small Slimes","floor":4.0,"turns":3.0},{"damage":0,"enemies":"downfall:LooterAlt","floor":5,"turns":2},{"damage":8,"enemies":"Gremlin Nob","floor":6,"turns":3},{"damage":12,"enemies":"Lots of Slimes","floor":8,"turns":3},{"damage":12,"enemies":"Lagavulin","floor":10,"turns":5},{"damage":6,"enemies":"downfall:FleeingMerchant","floor":12,"turns":4},{"damage":0,"enemies":"Exordium Wildlife","floor":14,"turns":2},{"damage":0,"enemies":"Blue Slaver","floor":15,"turns":2},{"damage":27,"enemies":"DF_ARCHETYPE_STREAMLINE","floor":16,"turns":7},{"damage":0,"enemies":"downfall:FleeingMerchant","floor":19,"turns":4},{"damage":19,"enemies":"Shell Parasite","floor":20,"turns":4},{"damage":18,"enemies":"downfall:LooterAlt2","floor":21,"turns":3},{"damage":39,"enemies":"Sentry and Sphere","floor":23,"turns":6},{"damage":0,"enemies":"Centurion and Healer","floor":25,"turns":6},{"damage":14,"enemies":"Book of Stabbing","floor":26,"turns":4},{"damage":23,"enemies":"Gremlin Leader","floor":29,"turns":7},{"damage":11,"enemies":"Slavers","floor":31,"turns":5},{"damage":12,"enemies":"3 Cultists","floor":32,"turns":4},{"damage":11,"enemies":"WA_ARCHETYPE_CALM","floor":33,"turns":10},{"damage":0,"enemies":"3 Darklings","floor":36,"turns":8},{"damage":4,"enemies":"downfall:FleeingMerchant","floor":37,"turns":4},{"damage":0,"enemies":"Orb Walker","floor":39,"turns":3},{"damage":0,"enemies":"4 Shapes","floor":40,"turns":5},{"damage":0,"enemies":"Jaw Worm Horde","floor":42,"turns":5},{"damage":0,"enemies":"downfall:FleeingMerchant","floor":43,"turns":1},{"damage":18,"enemies":"downfall:FleeingMerchant","floor":45,"turns":5},{"damage":0,"enemies":"Reptomancer","floor":46,"turns":7},{"damage":0,"enemies":"3 Darklings","floor":48,"turns":4},{"damage":0,"enemies":"Spire Growth","floor":49,"turns":4},{"damage":26,"enemies":"IC_BLOCK_ARCHETYPE","floor":50,"turns":11},{"damage":47,"enemies":"downfall:CharBossMerchant","floor":52,"turns":9},{"damage":74,"enemies":"downfall:NeowBoss","floor":55,"turns":17},{"damage":60,"enemies":"downfall:NeowBossFinal","floor":56,"turns":15}],"seed_played":"-6874736827203659464","potions_obtained":[{"floor":2.0,"key":"SpeedPotion"},{"floor":3.0,"key":"sneckomod:MuddlingPotion"},{"floor":8,"key":"ColorlessPotion"},{"floor":16,"key":"Block Potion"},{"floor":23,"key":"Weak Potion"},{"floor":25,"key":"SkillPotion"},{"floor":32,"key":"DistilledChaos"},{"floor":33,"key":"GamblersBrew"},{"floor":39,"key":"GamblersBrew"},{"floor":42,"key":"Dexterity Potion"},{"floor":52,"key":"SteroidPotion"}],"is_trial":false,"path_per_floor":["R","M","M","M","M","E","T","M","?","E","R","$","R","M","M","B",null,"R","$","M","M","?","M","T","M","E","?","R","E","?","E","M","B",null,"R","M","$","?","M","M","T","M","$","R","?","E","R","M","M","B",null,"E","$","R","B","B",null],"character_chosen":"SLIMEBOUND","items_purchased":["Slimebound:SplitMire","Slimebound:SamplingLick","Pantograph"],"campfire_rested":4,"item_purchase_floors":[12,19,43],"current_hp_per_floor":[44,47,51,53,57,65,65,61,61,57,57,57,57,63,65,48,71,71,77,66,58,58,27,27,41,37,37,37,28,28,38,38,43,75,86,89,89,89,89,92,92,95,95,95,77,94,108,111,111,85,105,64,64,97,43,22],"gold":61,"neow_bonus":"ONE_RARE_RELIC","is_daily":false,"chose_seed":false,"campfire_upgraded":4,"win_rate":0.0,"timestamp":1613518308,"path_taken":["R","M","M","M","M","E","T","?","?","E","R","$","R","M","M","BOSS","R","$","M","M","?","M","T","?","E","?","R","E","?","E","M","BOSS","R","M","$","?","M","?","T","M","$","R","?","E","R","M","M","BOSS","E","$","R","BOSS","BOSS"],"items_purchased_type":["Card","Card","Relic"],"build_version":"2020-12-22","purchased_purges":4,"victory":true,"max_hp_per_floor":[65,65,65,65,65,79,79,79,79,79,79,79,79,79,79,79,79,79,79,79,79,79,79,79,79,79,79,79,79,79,86,86,86,86,86,89,89,89,89,92,92,95,95,95,95,98,108,111,111,111,111,111,111,111,111,111],"card_choices":[{"not_picked":["Slimebound:Equalize","Slimebound:Prepare"],"picked":"Slimebound:LeechingTouch","floor":2.0},{"not_picked":["Slimebound:PressTheAttack","Slimebound:SplitAcid"],"picked":"Slimebound:SplitBruiser","floor":3.0},{"not_picked":["Slimebound:LeadByExample","Slimebound:SamplingLick"],"picked":"Slimebound:TagTeam","floor":4},{"not_picked":["Slimebound:FlameTackle","Slimebound:GoopTackle"],"picked":"Slimebound:LivingWall","floor":5},{"not_picked":["Slimebound:Gluttony","Slimebound:HauntingLick"],"picked":"Slimebound:SelfFormingGoo","floor":6},{"not_picked":["Slimebound:SlimeBrawl","Slimebound:FinishingTackle"],"picked":"Slimebound:Repurpose","floor":8},{"not_picked":["Slimebound:LivingWall","Slimebound:Prepare","Slimebound:PressTheAttack"],"picked":"Slimebound:Schlurp","floor":10},{"not_picked":["Slimebound:SpikyOuterGoop","Slimebound:Repurpose","Slimebound:LeechEnergy"],"picked":"Slimebound:MinionMaster","floor":12},{"not_picked":["Slimebound:PressTheAttack","Slimebound:RollThrough","Slimebound:ComboTackle"],"picked":"Slimebound:RainOfGoop","floor":14},{"not_picked":["Slimebound:Schlurp","Slimebound:SplitAcid","Slimebound:Gluttony"],"picked":"Slimebound:LeadByExample","floor":15},{"not_picked":["Slimebound:LeechLife","Slimebound:Overexert","Slimebound:DouseInSlime"],"picked":"Slimebound:Recycling","floor":16},{"not_picked":["Slimebound:ItLooksTasty","Slimebound:PressTheAttack","Slimebound:MegaLick"],"picked":"Slimebound:LeechingTouch","floor":19},{"not_picked":["Slimebound:ItLooksTasty","Slimebound:FlameTackle+1","Slimebound:PressTheAttack"],"picked":"Slimebound:Prepare","floor":20},{"not_picked":["Slimebound:ComboTackle+1","Slimebound:GoopTackle","Slimebound:BestDefense"],"picked":"Slimebound:LeechingTouch","floor":21},{"not_picked":["Slimebound:ComboTackle","Slimebound:MegaLick","Slimebound:SplitAcid+1"],"picked":"Slimebound:ItLooksTasty","floor":23},{"not_picked":["Slimebound:ForwardTackle+1","Slimebound:SlimeBrawl","Slimebound:BestDefense+1","Slimebound:ViciousTackle"],"picked":"SKIP","floor":25},{"not_picked":["Slimebound:SamplingLick","Slimebound:Darklings","Slimebound:HungryTackle+1","Slimebound:Grow"],"picked":"SKIP","floor":26},{"not_picked":["Slimebound:BestDefense","Slimebound:RollThrough","Slimebound:ViciousTackle","Slimebound:FinishingTackle"],"picked":"SKIP","floor":29},{"not_picked":["Slimebound:BestDefense+1","Slimebound:ForwardTackle+1","Slimebound:PressTheAttack+1"],"picked":"Slimebound:RejuvenatingLick+1","floor":31},{"not_picked":["Slimebound:LivingWall+1","Slimebound:LeechingTouch+1","Slimebound:Repurpose+1"],"picked":"Slimebound:SplitSpecialist+1","floor":32},{"not_picked":["Slimebound:SelfFormingGoo","Slimebound:PrepareCrush","Slimebound:DuplicatedForm"],"picked":"Slimebound:MassFeed","floor":33},{"not_picked":["Slimebound:SpikyOuterGoop+1","Slimebound:Equalize","Slimebound:SplitLeeching","Slimebound:GoopTackle+1"],"picked":"SKIP","floor":36},{"not_picked":["Slimebound:Prepare+1","Slimebound:SlimeSpikes","Slimebound:RollThrough"],"picked":"Slimebound:GoopSpray+1","floor":37},{"not_picked":["Slimebound:SplitAcid","Slimebound:SplitSpecialist","Slimebound:ProtectTheBoss","Slimebound:ItLooksTasty+1"],"picked":"SKIP","floor":39},{"not_picked":["Slimebound:HauntingLick+1","Slimebound:PressTheAttack+1","Slimebound:ComboTackle"],"picked":"Slimebound:FormOfPuddle+1","floor":40},{"not_picked":["Slimebound:SplitLeeching","Slimebound:SlimeSlap","Slimebound:SplitBruiser+1"],"picked":"Slimebound:LeechEnergy+1","floor":42},{"not_picked":["Slimebound:SplitSpecialist+1","Slimebound:Schlurp","Slimebound:Chomp+1","Slimebound:ItLooksTasty"],"picked":"SKIP","floor":43},{"not_picked":["Slimebound:OneTwoCombo","Slimebound:SplitLeeching+1","Slimebound:SlimeSpikes","Slimebound:Prepare+1"],"picked":"SKIP","floor":46},{"not_picked":["Slimebound:HauntingLick","Slimebound:Prepare","Slimebound:AcidTongue","Slimebound:GoopTackle"],"picked":"SKIP","floor":48},{"not_picked":["Slimebound:GoopTackle","Slimebound:RollThrough","Slimebound:Recycling"],"picked":"Slimebound:LeechEnergy","floor":49},{"not_picked":["Slimebound:Nibble","Slimebound:ComboTackle+1","Slimebound:LivingWall+1"],"picked":"Slimebound:PressTheAttack+1","floor":52}],"player_experience":1454593,"relics_obtained":[{"floor":6,"key":"Mango"},{"floor":7,"key":"Slimebound:SlimedSkullRelic"},{"floor":10,"key":"Bird Faced Urn"},{"floor":24,"key":"Anchor"},{"floor":26,"key":"Thread and Needle"},{"floor":29,"key":"Slimebound:AggressiveSlimeRelic"},{"floor":31,"key":"Strawberry"},{"floor":46,"key":"War Paint"},{"floor":52,"key":"HornCleat"}],"event_choices":[{"damage_healed":0,"gold_gain":0,"player_choice":"Ignored","damage_taken":0,"max_hp_gain":0,"max_hp_loss":0,"event_name":"Ghosts","floor":30,"gold_loss":0}],"is_beta":false,"boss_relics":[{"not_picked":["Tiny House","expansioncontent:StudyCardRelic"],"picked":"Pandora\u0027s Box"},{"not_picked":["Black Star","Empty Cage"],"picked":"Fusion Hammer"}],"items_purged_floors":[12,19,37,43],"is_endless":false,"potions_floor_spawned":[2,3,8,15,16,23,25,32,33,39,42,48,49,52],"ascension_level":6}}