{"host":"dg9ago0zd82drrsw","time":1613475406,"event":{"mods":["BaseMod","Bestiary","Downfall","GifTheSpireLib","Minty Spire (QoL Compilation)","Relic Stats","StSLib"],"gold_per_floor":[99,119,132,145,155,190,190,202,234,245,245,245,145,159,177,177,177,177],"floor_reached":16,"language":"ENG","playtime":651,"items_purged":[],"score":190,"play_id":"0b729ba0-3b2c-4ff9-a6be-9cc55c914d02","local_time":"20210216143646","is_ascension_mode":true,"campfire_choices":[{"data":"Guardian:ChargeUp","floor":1.0,"key":"SMITH"},{"floor":13,"key":"REST"}],"circlet_count":0,"master_deck":["Guardian:Strike_Guardian","Guardian:Strike_Guardian","Guardian:Strike_Guardian","Guardian:Strike_Guardian","Guardian:Defend_Guardian","Guardian:Defend_Guardian","Guardian:Defend_Guardian","Guardian:Defend_Guardian","Guardian:CurlUp","Guardian:TwinSlam","Guardian:ChargeUp+1","Guardian:Clone+1","Guardian:DecasProtection","Guardian:ChargeUp","Guardian:Gem_Yellow","Guardian:Gem_Orange","Guardian:ArmoredProtocol","Decay","Guardian:Gem_Purple","Guardian:Recover"],"relics":["Guardian:ModeShifter","White Beast Statue","Pear","Bottled Lightning","downfall:HeartBlessingGreen"],"acts_visited":["Exordium"],"potions_floor_usage":[],"damage_taken":[{"damage":1.0,"enemies":"Cultist","floor":2.0,"turns":4.0},{"damage":9.0,"enemies":"Small Slimes","floor":3.0,"turns":5.0},{"damage":6.0,"enemies":"2 Louse","floor":4.0,"turns":4.0},{"damage":12.0,"enemies":"Exordium Thugs","floor":5.0,"turns":6.0},{"damage":0.0,"enemies":"Lagavulin","floor":6.0,"turns":6.0},{"damage":7.0,"enemies":"Blue Slaver","floor":8.0,"turns":5.0},{"damage":32.0,"enemies":"3 Sentries","floor":9.0,"turns":10.0},{"damage":0.0,"enemies":"Large Slime","floor":10.0,"turns":6.0},{"damage":17,"enemies":"3 Louse","floor":14,"turns":6},{"damage":2,"enemies":"Exordium Wildlife","floor":15,"turns":7},{"damage":24,"enemies":"DF_ARCHETYPE_STREAMLINE","floor":16,"turns":3}],"seed_played":"8850067594236076205","potions_obtained":[{"floor":3.0,"key":"Guardian:StasisDiscoveryPotion"},{"floor":4.0,"key":"DuplicationPotion"},{"floor":5.0,"key":"SpeedPotion"},{"floor":8.0,"key":"hexamod:SoulburnPotion"},{"floor":9.0,"key":"GamblersBrew"},{"floor":10.0,"key":"Swift Potion"},{"floor":15,"key":"Guardian:StasisDiscoveryPotion"}],"is_trial":false,"path_per_floor":["R","M","M","M","M","E","T","M","E","M","?","?","R","M","M","B"],"character_chosen":"GUARDIAN","items_purchased":[],"campfire_rested":1,"item_purchase_floors":[],"current_hp_per_floor":[72,71,62,56,44,44,54,47,15,15,15,15,42,25,23,0,0,0],"gold":177,"neow_bonus":"THREE_CARDS","is_daily":false,"chose_seed":false,"campfire_upgraded":1,"win_rate":0.0,"timestamp":1613475406,"path_taken":["R","M","?","M","M","E","T","M","E","M","?","?","R","?","M","BOSS"],"items_purchased_type":[],"build_version":"2020-12-22","purchased_purges":0,"victory":false,"max_hp_per_floor":[80,80,80,80,80,80,90,90,90,90,90,90,90,90,90,90,90,90],"relic_stats":{"counters":[11,62],"obtain_stats":[{"Pear":7,"Guardian:ModeShifter":0,"downfall:HeartBlessingGreen":13,"Bottled Lightning":9,"White Beast Statue":6},{"Pear":5,"Guardian:ModeShifter":0,"downfall:HeartBlessingGreen":8,"Bottled Lightning":7,"White Beast Statue":5},{"Pear":25,"Guardian:ModeShifter":0,"downfall:HeartBlessingGreen":46,"Bottled Lightning":40,"White Beast Statue":25}]},"card_choices":[{"not_picked":["Guardian:PrimingBeam","Guardian:WalkerClaw"],"picked":"Guardian:ChargeUp","floor":0.0},{"not_picked":["Guardian:RollAttack","Guardian:Suspension"],"picked":"Guardian:Clone","floor":2.0},{"not_picked":["Guardian:BronzeArmor","Guardian:SentryBeam"],"picked":"Guardian:DecasProtection","floor":3.0},{"not_picked":["Guardian:Gem_Red","Guardian:TimeCapacitor"],"picked":"Guardian:ChargeUp","floor":4.0},{"not_picked":["Guardian:Gem_Cyan","Guardian:VentSteam"],"picked":"Guardian:Gem_Yellow","floor":5.0},{"not_picked":["Guardian:Gem_Fragmented","Guardian:ShieldSpikes"],"picked":"Guardian:Gem_Green","floor":6.0},{"not_picked":["Guardian:Gem_Red","Guardian:RefractedBeam"],"picked":"Guardian:Gem_Synthetic","floor":8.0},{"not_picked":["Guardian:PiercingHide","Guardian:PrimingBeam"],"picked":"Guardian:Gem_Orange","floor":9.0},{"not_picked":["Guardian:TimeCapacitor","Guardian:ChargeUp"],"picked":"Guardian:ArmoredProtocol","floor":10.0},{"not_picked":["Guardian:PrimingBeam","Guardian:TemporalStrike"],"picked":"Guardian:Gem_Purple","floor":14},{"not_picked":["Guardian:MultiBeam","Guardian:FastForward"],"picked":"Guardian:Recover","floor":15}],"player_experience":757894,"relics_obtained":[{"floor":6.0,"key":"White Beast Statue"},{"floor":7.0,"key":"Pear"},{"floor":9.0,"key":"Bottled Lightning"}],"event_choices":[{"damage_healed":0.0,"max_hp_gain":0.0,"max_hp_loss":0.0,"gold_gain":0.0,"event_name":"Living Wall","player_choice":"Grow","floor":11.0,"gold_loss":0.0,"damage_taken":0.0,"cards_upgraded":["Guardian:Clone"]},{"damage_healed":0,"gold_gain":0,"player_choice":"Cursed","damage_taken":0,"max_hp_gain":0,"max_hp_loss":0,"event_name":"Wheel of Change","floor":12,"gold_loss":0,"cards_obtained":["Decay"]}],"is_beta":false,"boss_relics":[],"items_purged_floors":[],"is_endless":false,"potions_floor_spawned":[3,4,5,8,9,10,14,15],"killed_by":"DF_ARCHETYPE_STREAMLINE","ascension_level":7}}