{"host":"uzp1tn8qxn9571p9","time":1613437361,"event":{"mods":["Aspiration","BaseMod","Bossed Relics","Colored Map","Colored Powertips","Curses Come First","Hermit","Marisa£®ÏF”Í°°ƒß¿Ì…≥£©","Mimic Mod","Minty Spire (QoL Compilation)","StSLib","The Jungle","The Marked","The Runesmith"],"gold_per_floor":[111,129,143,143,157,157,10,10,10,41,59,88,105,123,123,220,220,237,251,251,270,17,17,42,58,58,82,101,101,39,48,48,48,48],"floor_reached":33,"language":"ZHS","playtime":1595,"items_purged":[],"score":293,"play_id":"3e4e5421-ef0b-498d-a0a1-f5d75caf4d73","local_time":"20210216090241","is_ascension_mode":true,"campfire_choices":[{"data":"Runesmith:CraftFirestone","floor":6.0,"key":"SMITH"},{"data":"Runesmith:ChargedHammer","floor":8.0,"key":"SMITH"},{"data":"Runesmith:UnlimitedPower","floor":15.0,"key":"SMITH"},{"data":"Runesmith:HammerTime","floor":23.0,"key":"SMITH"},{"data":"1","floor":29.0,"key":"LIFT"},{"data":"RitualDagger","floor":32.0,"key":"SMITH"}],"circlet_count":0,"master_deck":["Runesmith:Defend_RS","Runesmith:Defend_RS","Runesmith:Defend_RS","Runesmith:CraftFirestone+1","Runesmith:Fortify","Runesmith:RuneHurl","Runesmith:CreatorForm","Masterful Stab","aspiration:Lunge","Cloak And Dagger","Runesmith:ChargedHammer+1","Runesmith:HammerThrow","Runesmith:UnstableHammer","Runesmith:UnlimitedPower+1","Runesmith:HeatExchange","Runesmith:FissionHammer","Runesmith:StaticCage+1","Runesmith:HammerAndChisel","Runesmith:HammerTime+1","Runesmith:PoweredAnvil","Runesmith:Overpower","Runesmith:RuneHurl","Runesmith:RuneHurl","Runesmith:FissionHammer","Runesmith:ChaoticBlast","RitualDagger+1"],"relics":["Runesmith:BrokenRuby","aspiration:AnachronicSnailShell","Runesmith:EmergencyProvisions","InkBottle","aspiration:Nostalgia","PureWater","Tiny Chest","Empty Cage","Strawberry","Matryoshka","CeramicFish","Girya","Anchor","Centennial Puzzle"],"acts_visited":["Exordium","TheCity"],"potions_floor_usage":[],"damage_taken":[{"damage":4.0,"enemies":"Jaw Worm","floor":1.0,"turns":5.0},{"damage":1.0,"enemies":"Cultist","floor":2.0,"turns":3.0},{"damage":0.0,"enemies":"2 Louse","floor":3.0,"turns":2.0},{"damage":6.0,"enemies":"Exordium Thugs","floor":5.0,"turns":3.0},{"damage":3.0,"enemies":"3 Sentries","floor":10.0,"turns":4.0},{"damage":0.0,"enemies":"Blue Slaver","floor":11.0,"turns":1.0},{"damage":3.0,"enemies":"Gremlin Nob","floor":12.0,"turns":3.0},{"damage":0.0,"enemies":"Large Slime","floor":13.0,"turns":3.0},{"damage":4.0,"enemies":"Exordium Thugs","floor":14.0,"turns":3.0},{"damage":24.0,"enemies":"The Guardian","floor":16.0,"turns":8.0},{"damage":0.0,"enemies":"Spheric Guardian","floor":18.0,"turns":3.0},{"damage":5.0,"enemies":"3 Byrds","floor":19.0,"turns":3.0},{"damage":9.0,"enemies":"Cultist and Chosen","floor":21.0,"turns":4.0},{"damage":24.0,"enemies":"Gremlin Leader","floor":24.0,"turns":5.0},{"damage":5.0,"enemies":"Sentry and Sphere","floor":25.0,"turns":4.0},{"damage":1.0,"enemies":"3 Cultists","floor":28.0,"turns":4.0},{"damage":34,"enemies":"Automaton","floor":33,"turns":6}],"seed_played":"7745470236078717053","potions_obtained":[{"floor":2.0,"key":"SmokeBomb"},{"floor":5.0,"key":"Block Potion"},{"floor":12.0,"key":"LiquidBronze"},{"floor":13.0,"key":"Energy Potion"},{"floor":16.0,"key":"AttackPotion"},{"floor":19.0,"key":"SkillPotion"},{"floor":28.0,"key":"CultistPotion"}],"is_trial":false,"path_per_floor":["M","M","M","?","M","R","$","R","T","E","M","E","M","M","R","B",null,"M","M","?","M","$","R","E","M","T","T","M","R","$","?","R","B"],"character_chosen":"RUNESMITH_CLASS","items_purchased":["Runesmith:EmergencyProvisions","Strawberry","Runesmith:PoweredAnvil","Runesmith:Overpower","Runesmith:ChaoticBlast"],"campfire_rested":0,"item_purchase_floors":[7,22,22,22,30],"current_hp_per_floor":[59,58,58,58,52,52,52,52,52,49,49,46,46,42,42,18,63,63,58,58,49,56,56,32,27,27,27,26,26,26,20,20,0,0],"gold":48,"neow_bonus":"ONE_RARE_RELIC","is_daily":false,"chose_seed":false,"campfire_upgraded":5,"win_rate":0.0,"timestamp":1613437361,"path_taken":["M","M","M","?","?","R","?","R","T","E","M","E","?","?","R","BOSS","M","M","?","M","$","R","E","M","T","?","?","R","$","?","R","BOSS"],"items_purchased_type":["Relic","Relic","Card","Card","Card"],"build_version":"2020-12-22","purchased_purges":0,"victory":false,"max_hp_per_floor":[63,63,63,63,63,63,63,63,63,63,63,63,63,63,63,63,63,63,63,63,63,70,70,70,70,70,70,70,70,70,70,70,70,70],"card_choices":[{"not_picked":["Runesmith:Repurpose","Runesmith:CraftProtectio"],"picked":"Runesmith:RuneHurl","floor":1.0},{"not_picked":["Runesmith:CraftMagma","Runesmith:RuneHurl"],"picked":"Runesmith:CreatorForm","floor":2.0},{"not_picked":["Runesmith:Firewall","Runesmith:StaticCage","Runesmith:MakeshiftArmor"],"picked":"SKIP","floor":3.0},{"not_picked":["Runesmith:BackupBattery","Runesmith:FieryHammer"],"picked":"Runesmith:ChargedHammer","floor":5.0},{"not_picked":["Runesmith:EnergizedChisel","Runesmith:Accelerate"],"picked":"Runesmith:HammerThrow","floor":10.0},{"not_picked":["Runesmith:HammerThrow","Runesmith:EarthShield"],"picked":"Runesmith:UnstableHammer","floor":11.0},{"not_picked":["Runesmith:HeatExchange","Runesmith:Overpower"],"picked":"Runesmith:UnlimitedPower","floor":12.0},{"not_picked":["Runesmith:GoWithTheFlow","Runesmith:EnergizedChisel"],"picked":"Runesmith:HeatExchange","floor":13.0},{"not_picked":["Runesmith:CraftProtectio","Runesmith:Refine","Runesmith:NanitesCloud"],"picked":"SKIP","floor":14.0},{"not_picked":["Runesmith:Supernova","Runesmith:LastStand"],"picked":"Runesmith:FissionHammer","floor":16.0},{"not_picked":["Runesmith:EarthShield","Runesmith:ShiftingStrike","Runesmith:HeatExchange"],"picked":"SKIP","floor":18.0},{"not_picked":["Runesmith:ChiselStab","Runesmith:BackupBattery"],"picked":"Runesmith:StaticCage+1","floor":19.0},{"not_picked":["Runesmith:Malloc","aspiration:UnbridledHammer+1"],"picked":"Runesmith:HammerTime","floor":21.0},{"not_picked":["Runesmith:Repurpose","Runesmith:DuctTape"],"picked":"Runesmith:RuneHurl","floor":24.0},{"not_picked":["Runesmith:Overpower","Runesmith:EnergizedChisel"],"picked":"Runesmith:RuneHurl","floor":25.0},{"not_picked":["Runesmith:Discharge","Runesmith:LithiumIon"],"picked":"Runesmith:FissionHammer","floor":28.0}],"player_experience":427984,"relics_obtained":[{"floor":9.0,"key":"InkBottle"},{"floor":10.0,"key":"aspiration:Nostalgia"},{"floor":12.0,"key":"Tiny Chest"},{"floor":24.0,"key":"Matryoshka"},{"floor":26.0,"key":"CeramicFish"},{"floor":26.0,"key":"Girya"},{"floor":27.0,"key":"Anchor"},{"floor":27.0,"key":"Centennial Puzzle"}],"event_choices":[{"damage_healed":0.0,"max_hp_gain":0.0,"max_hp_loss":0.0,"gold_gain":0.0,"event_name":"The Library","player_choice":"Read","floor":20.0,"gold_loss":0.0,"damage_taken":0.0,"cards_obtained":["Runesmith:HammerAndChisel"]},{"damage_healed":0.0,"max_hp_gain":0.0,"max_hp_loss":0.0,"gold_gain":0.0,"event_name":"Nest","player_choice":"Joined the Cult","floor":31.0,"gold_loss":0.0,"damage_taken":6.0,"cards_obtained":["RitualDagger"]}],"is_beta":false,"boss_relics":[{"not_picked":["Pandora\u0027s Box","Ectoplasm"],"picked":"Empty Cage"}],"items_purged_floors":[],"is_endless":false,"potions_floor_spawned":[2,5,12,13,14,16,19,28],"killed_by":"Automaton","ascension_level":1}}