{"host":"7qdnj56gqvs5vt6s","time":1613469498,"event":{"mods":["BaseMod","Colored Map","Hermit","Hubris","Infinite Spire","Minty Spire (QoL Compilation)","Replay The Spire","StSLib","The Construct","The Disciple"],"gold_per_floor":[112,25,25,42,53,53,88,106,106,126,139,156,172,19,19,114,114,134,134,134,145,160,160,160,188,188,200,50,60,60,60],"floor_reached":30,"language":"ENG","playtime":1766,"items_purged":[],"score":256,"play_id":"45c63271-e34e-444a-988f-26ba9f71a8b2","local_time":"20210216015818","is_ascension_mode":false,"campfire_choices":[{"data":"WindUp","floor":6,"key":"SMITH"},{"floor":15,"key":"REST"},{"floor":23,"key":"REST"}],"circlet_count":0,"master_deck":["Strike_Br+1","Strike_Br+1","Strike_Br+1","Strike_Br+1","Defend_Br+1","Defend_Br+1","Defend_Br+1","Defend_Br+1","SecondHand","PatternShift","HandsUpC","LockedScales","LockedScales","Allegro+1","HandsUpC","WindUp+1","LockedWarPaint","Keepsakes","Parity","LockedBlood","PrimeTime","HandsUpC","LockedCalendar","CrunchTime","WindUp","LockedWhetstone","LockedScales"],"relics":["Chronometer","NeowsBlessing","Blood Vial","hubris:MysteriousPyramids","Vajra","Metronome","SpringShield","SlipperyGoo","hubris:EmptyBottle"],"acts_visited":["Exordium","TheCity"],"potions_floor_usage":[7,7],"damage_taken":[{"damage":0,"enemies":"Cultist","floor":1,"turns":1},{"damage":0,"enemies":"Small Slimes","floor":4,"turns":1},{"damage":0,"enemies":"Jaw Worm","floor":5,"turns":1},{"damage":24,"enemies":"Lagavulin","floor":7,"turns":6},{"damage":11,"enemies":"Large Slime","floor":8,"turns":6},{"damage":10,"enemies":"Looter","floor":10,"turns":3},{"damage":0,"enemies":"Blue Slaver","floor":11,"turns":2},{"damage":3,"enemies":"2 Fungi Beasts","floor":12,"turns":4},{"damage":16,"enemies":"Exordium Wildlife","floor":13,"turns":3},{"damage":38,"enemies":"Fading Forest","floor":16,"turns":11},{"damage":18,"enemies":"Shell Parasite","floor":18,"turns":5},{"damage":10,"enemies":"Chosen","floor":21,"turns":4},{"damage":21,"enemies":"Snake Plant","floor":22,"turns":3},{"damage":31,"enemies":"Nightmare","floor":25,"turns":6},{"damage":0,"enemies":"Snecko","floor":27,"turns":4},{"damage":21,"enemies":"3 Cultists","floor":29,"turns":6},{"damage":18,"enemies":"Shelled Parasite and Fungi","floor":30,"turns":1}],"seed_played":"8155477671189158727","potions_obtained":[{"floor":1,"key":"SteroidPotion"},{"floor":5,"key":"BlessingOfTheForge"},{"floor":7,"key":"Dexterity Potion"},{"floor":10,"key":"SteroidPotion"},{"floor":11,"key":"Strength Potion"}],"is_trial":false,"path_per_floor":["M","$","?","M","M","R","E","M","T","M","M","M","M","$","R","B",null,"M","?","$","M","M","R","?","NM","T","M","$","M","M"],"character_chosen":"CHRONO_CLASS","items_purchased":["LockedScales","Tempo","Vajra","hubris:EmptyBottle"],"campfire_rested":2,"item_purchase_floors":[2,2,14,28],"current_hp_per_floor":[65,65,65,65,65,65,41,32,32,24,26,29,15,15,34,14,65,47,47,47,39,24,43,43,20,20,26,26,13,0,0],"gold":60,"neow_bonus":"THREE_ENEMY_KILL","is_daily":false,"chose_seed":false,"campfire_upgraded":1,"win_rate":0.0,"timestamp":1613469498,"path_taken":["M","?","?","M","M","R","E","M","T","M","M","M","?","$","R","BOSS","M","?","$","M","M","R","?","NM","T","M","?","?","M"],"items_purchased_type":["Card","Card","Relic","Relic"],"build_version":"2020-12-22","purchased_purges":0,"victory":false,"max_hp_per_floor":[65,65,65,65,65,65,65,65,65,65,65,65,65,65,65,65,65,65,65,65,65,65,65,65,65,65,65,65,65,65,65],"card_choices":[{"not_picked":["Engulf","ResonantCall"],"picked":"HandsUpC","floor":1},{"not_picked":["WakeUpCall","ExoVibe"],"picked":"HandsUpC","floor":4},{"not_picked":["RageCommand","LockedAnchor"],"picked":"WindUp","floor":5},{"not_picked":["LockedAnchor","TiringSlam"],"picked":"LockedWarPaint","floor":7},{"not_picked":["WatchCommand","LockedAnchor"],"picked":"Keepsakes","floor":8},{"not_picked":["LockedTornado","Echoward"],"picked":"Parity","floor":10},{"not_picked":["RageCommand","Parity"],"picked":"LockedBlood","floor":11},{"not_picked":["LockedAnchor","FormalWear"],"picked":"PrimeTime","floor":12},{"not_picked":["WindUp","PrimeTime"],"picked":"HandsUpC","floor":13},{"not_picked":["BackFourSeconds","LockedBell"],"picked":"LockedCalendar","floor":16},{"not_picked":["WatchCommand","LockedTornado+1"],"picked":"CrunchTime","floor":18},{"not_picked":["LockedAnchor","AlternateTimeline+1"],"picked":"WindUp","floor":21},{"not_picked":["Analog","Goo+1","AlternateTimeline"],"picked":"SKIP","floor":22},{"not_picked":["TickedOff+1","Echonomics"],"picked":"LockedWhetstone","floor":25},{"not_picked":["LockedUrn","ExoVibe"],"picked":"LockedScales","floor":27},{"not_picked":["LockedWarPaint+1","ExoVibe","LockedMedicine"],"picked":"SKIP","floor":29}],"player_experience":71783,"relics_obtained":[{"floor":7,"key":"Blood Vial"},{"floor":9,"key":"hubris:MysteriousPyramids"},{"floor":25,"key":"SpringShield"},{"floor":26,"key":"SlipperyGoo"}],"event_choices":[{"damage_healed":0,"gold_gain":0,"player_choice":"Ignored","damage_taken":0,"max_hp_gain":0,"max_hp_loss":0,"event_name":"Ghosts","floor":19,"gold_loss":0},{"damage_healed":0,"gold_gain":0,"player_choice":"Simplicity","damage_taken":0,"max_hp_gain":0,"max_hp_loss":0,"event_name":"Back to Basics","floor":24,"gold_loss":0,"cards_upgraded":["Strike_Br","Strike_Br","Strike_Br","Strike_Br","Defend_Br","Defend_Br","Defend_Br","Defend_Br"]}],"is_beta":false,"boss_relics":[{"not_picked":["ReplayTheSpireMod:SealedPack","Black Star"],"picked":"Metronome"}],"items_purged_floors":[],"is_endless":true,"potions_floor_spawned":[1,5,7,10,11,12,21,22,25],"killed_by":"Shelled Parasite and Fungi","ascension_level":0}}