{"host":"ox77rn1xcurm2t5a","time":1613513127,"event":{"mods":["2.2 Compatiblity","AchievementEnabler","Act Like it!","Aspiration","BaseMod","Best Route Mod","Better Match","Better Note","Better Sensory Stone","Block Reminder","Colored Map","Colored Powertips","Conjunction","Conspire","Custom Start","Energized Spire","GifTheSpireLib","Gold Saver","Gremlin Skip","Halation","Highlight Path","Hubris","Infinite Spire","Minty Spire (QoL Compilation)","Pale of the Ancients","Quick Restart","Replay The Spire","Reworked Bosses","ShortenTheSpire","Spire Exporter","StSLib","Stuff the Spire","Wandering Minibosses"],"gold_per_floor":[591,81,99,39,56,88,88,114,138,163,179,195,223,241,241,346,346,357,457,11,11,11,46,46,59,59,59,76,76,91,91,91],"floor_reached":31,"language":"ENG","playtime":757,"items_purged":["Defend_R","Defend_R"],"score":367,"play_id":"f0e9cda0-b3ba-4f48-8494-27f9e4a05831","local_time":"20210217000527","is_ascension_mode":true,"campfire_choices":[{"data":"Limit Break","floor":7.0,"key":"SMITH"},{"floor":15.0,"key":"REST"},{"floor":24,"key":"RECALL"},{"floor":27,"key":"REST"}],"circlet_count":0,"master_deck":["Strike_R","Strike_R","Strike_R","Strike_R","Strike_R","Defend_R","Defend_R","Bash","Perfected Strike","Berserk","Inflame","Inflame","Limit Break+1","Perfected Strike","Perfected Strike","Cleave","Perfected Strike","Perfected Strike","Shrug It Off"],"relics":["Burning Blood","hubris:ToyBattleship","HornCleat","Darkstone Periapt","Kunai","Oddly Smooth Stone","Regal Pillow","ClockworkSouvenir","Paper Frog","Quantum Egg"],"acts_visited":["Exordium","TheCity"],"potions_floor_usage":[23,23,23,25],"damage_taken":[{"damage":6.0,"enemies":"2 Louse","floor":1.0,"turns":3.0},{"damage":2.0,"enemies":"Jaw Worm","floor":3.0,"turns":3.0},{"damage":0.0,"enemies":"Small Slimes","floor":5.0,"turns":3.0},{"damage":16.0,"enemies":"Lagavulin","floor":6.0,"turns":5.0},{"damage":16.0,"enemies":"3 Sentries","floor":8.0,"turns":7.0},{"damage":21.0,"enemies":"Lagavulin","floor":10.0,"turns":5.0},{"damage":1.0,"enemies":"3 Louse","floor":11.0,"turns":3.0},{"damage":18.0,"enemies":"Large Slime","floor":12.0,"turns":5.0},{"damage":22.0,"enemies":"Gremlin Nob","floor":13.0,"turns":4.0},{"damage":12.0,"enemies":"Exordium Thugs","floor":14.0,"turns":5.0},{"damage":18.0,"enemies":"Slime Boss","floor":16.0,"turns":9.0},{"damage":51.0,"enemies":"Shell Parasite","floor":18.0,"turns":7.0},{"damage":17,"enemies":"Gremlin Leader","floor":23,"turns":7},{"damage":0,"enemies":"Spheric Guardian","floor":25,"turns":3},{"damage":28,"enemies":"3 Cultists","floor":28,"turns":5},{"damage":16,"enemies":"Snecko","floor":30,"turns":4},{"damage":52,"enemies":"Book of Stabbing","floor":31,"turns":4}],"seed_played":"4171509727090951440","potions_obtained":[{"floor":3.0,"key":"AttackPotion"},{"floor":6.0,"key":"SkillPotion"},{"floor":8.0,"key":"ColorlessPotion"},{"floor":10.0,"key":"Cursed Concoction"},{"floor":12.0,"key":"SteroidPotion"},{"floor":16.0,"key":"Weak Potion"},{"floor":18.0,"key":"Dexterity Potion"},{"floor":23,"key":"Strength Potion"}],"is_trial":false,"path_per_floor":["M","$","M","$","M","E","R","E","T","E","M","M","E","M","R","B",null,"M","?","$","?","?","E","R","M","T","R","M","?","M","E"],"character_chosen":"IRONCLAD","items_purchased":["Perfected Strike","hubris:ToyBattleship","HornCleat","Inflame","Perfected Strike","ClockworkSouvenir","BloodPotion","Swift Potion","Shrug It Off"],"campfire_rested":2,"item_purchase_floors":[2,2,2,4,20,20,20,20,20],"current_hp_per_floor":[80,80,80,80,80,70,70,60,60,45,50,38,22,16,55,43,80,35,35,35,35,35,40,40,46,46,80,58,58,48,0,0],"gold":91,"neow_bonus":"HUNDRED_GOLD","is_daily":false,"chose_seed":false,"campfire_upgraded":1,"win_rate":0.0,"timestamp":1613513127,"path_taken":["M","$","M","$","M","E","R","E","T","E","M","M","E","M","R","BOSS","M","?","$","?","?","E","R","M","T","R","M","?","M","E"],"items_purchased_type":["Card","Relic","Relic","Card","Card","Relic","Potion","Potion","Card"],"build_version":"2020-12-22","purchased_purges":2,"victory":false,"max_hp_per_floor":[80,80,80,80,80,80,80,80,80,80,80,80,80,80,80,80,80,80,80,80,80,80,80,80,80,80,80,80,80,80,80,80],"card_choices":[{"not_picked":["hubris:SharpeningStone","Entrench","StuffTheSpire:RockThrow"],"picked":"SKIP","floor":1.0},{"not_picked":["Wild Strike","Replay:Undeath\u0027s Touch"],"picked":"Berserk","floor":3.0},{"not_picked":["True Grit","hubris:ReadiedAction","StuffTheSpire:Slingshot"],"picked":"SKIP","floor":5.0},{"not_picked":["conspire:ExplosiveBarrier","Disarm"],"picked":"Limit Break","floor":6.0},{"not_picked":["Body Slam","Burning Pact","Hemogenesis"],"picked":"SKIP","floor":8.0},{"not_picked":["ReplayTheSpireMod:LeadingStrike","Havoc"],"picked":"Perfected Strike","floor":10.0},{"not_picked":["Heavy Blade","StuffTheSpire:Incineration"],"picked":"Perfected Strike","floor":11.0},{"not_picked":["Run Through","StuffTheSpire:Resist","Replay:Undeath\u0027s Touch"],"picked":"SKIP","floor":12.0},{"not_picked":["Rage","ReplayTheSpireMod:Strike From Hell"],"picked":"Cleave","floor":13.0},{"not_picked":["Armaments","hubris:ReadiedAction","StuffTheSpire:Slingshot"],"picked":"SKIP","floor":14.0},{"not_picked":["Sword Boomerang","Havoc"],"picked":"Perfected Strike","floor":18.0},{"not_picked":["Iron Wave+1","Evolve+1","Body Slam"],"picked":"SKIP","floor":23},{"not_picked":["hubris:ReadiedAction+1","Massacre","Shrug It Off"],"picked":"SKIP","floor":25},{"not_picked":["hubris:CleavingFinish","Replay:Undeath\u0027s Touch","Demonic Infusion"],"picked":"SKIP","floor":28},{"not_picked":["Shrug It Off","hubris:SharpeningStone","Havoc"],"picked":"SKIP","floor":30}],"player_experience":3119618,"relics_obtained":[{"floor":6.0,"key":"Darkstone Periapt"},{"floor":8.0,"key":"Kunai"},{"floor":10.0,"key":"Oddly Smooth Stone"},{"floor":13.0,"key":"Regal Pillow"},{"floor":23,"key":"Paper Frog"},{"floor":26,"key":"Quantum Egg"}],"event_choices":[{"damage_healed":0.0,"max_hp_gain":0.0,"max_hp_loss":0.0,"gold_gain":100.0,"event_name":"Golden Shrine","player_choice":"Pray","floor":19.0,"gold_loss":0.0,"damage_taken":0.0},{"damage_healed":0.0,"max_hp_gain":0.0,"max_hp_loss":0.0,"gold_gain":0.0,"event_name":"Lab","player_choice":"Got Potions","floor":21.0,"gold_loss":0.0,"damage_taken":0.0},{"damage_healed":0.0,"max_hp_gain":0.0,"max_hp_loss":0.0,"gold_gain":0.0,"event_name":"betterNote:BetterNote","player_choice":"Ignored","floor":22.0,"gold_loss":0.0,"damage_taken":0.0,"cards_obtained":["Strike_P"]}],"is_beta":false,"boss_relics":[{"not_picked":["energizedSpire:EnergizedDie","conspire:RunicOctahedron","energizedSpire:TabascoSauce"]}],"items_purged_floors":[2,20],"is_endless":false,"potions_floor_spawned":[3,6,8,10,12,16,18,23],"killed_by":"Book of Stabbing","ascension_level":4}}