{"host":"omvajgmht9s9mdxc","time":1613460963,"event":{"mods":["BaseMod","Colored Powertips","Minty Spire (QoL Compilation)","Shop Mod","StSLib","[IsaacMod]ÒÔÈö¼âËþ"],"gold_per_floor":[119,294,311,311,330,361,361,393,393,403,428,428,64,97,97,205,205,201,52,152,285,20,20,88,108,134,134,160,206,10,58,58,180,180,191,191,243,298,309,309,42,42,65,65,120,144,185,199,199,255],"floor_reached":51,"language":"ZHS","playtime":7733,"items_purged":[],"score":734,"play_id":"6c2d1fe8-06ee-4333-9753-2f7eda541b68","local_time":"20210216153602","is_ascension_mode":false,"campfire_choices":[{"floor":7.0,"key":"REST"},{"floor":12.0,"key":"REST"},{"floor":15.0,"key":"REST"},{"data":"EpicFetus","floor":23.0,"key":"SMITH"},{"floor":27,"key":"REST"},{"floor":32,"key":"REST"},{"floor":40,"key":"REST"},{"floor":44,"key":"REST"},{"floor":49,"key":"REST"}],"circlet_count":0,"master_deck":["Strike_P","Strike_P","Strike_P","Strike_P","Defend_P","Defend_P","Defend_P","Defend_P","Eruption","Vigilance+1","EpicFetus+1","Collect","Wireheading","Crescendo","Protect","ClearTheMind","PathToVictory","BloodyBrimstone","JustLucky","Perseverance","Establishment","SashWhip+1","EmptyFist","Collect+1","FlurryOfBlows","WindmillStrike","Worship","FlyingSleeves","EpicFetus+1","Prostrate","InnerPeace","DevaForm","Apotheosis","Consecrate+1","ClearTheMind+1","ThirdEye","FollowUp","Prostrate","Bandage Up","PathToVictory","CutThroughFate","SandsOfTime+1","SashWhip+1"],"relics":["PureWater","HushsDoor","PunchingBag","Anchor","Potion Belt","Vajra","Orichalcum","SalivaCoin","Busted Crown","Regal Pillow","Pear","War Paint","PokeGo","Pantograph","DollysMirror","MagicMushroom","DeathBook","Shuriken","Lantern","Bag of Preparation"],"acts_visited":["Exordium","TheCity","TheBeyond"],"potions_floor_usage":[39],"damage_taken":[{"damage":2.0,"enemies":"2 Louse","floor":1.0,"turns":2.0},{"damage":10.0,"enemies":"Small Slimes","floor":3.0,"turns":3.0},{"damage":6.0,"enemies":"Jaw Worm","floor":5.0,"turns":4.0},{"damage":39.0,"enemies":"3 Sentries","floor":6.0,"turns":5.0},{"damage":25.0,"enemies":"Gremlin Nob","floor":8.0,"turns":5.0},{"damage":18.0,"enemies":"Gremlin Gang","floor":10.0,"turns":8.0},{"damage":5.0,"enemies":"Lots of Slimes","floor":14.0,"turns":6.0},{"damage":18.0,"enemies":"Slime Boss","floor":16.0,"turns":6.0},{"damage":11.0,"enemies":"2 Thieves","floor":18.0,"turns":5.0},{"damage":28.0,"enemies":"3 Byrds","floor":21.0,"turns":6.0},{"damage":44,"enemies":"3 Cultists","floor":24,"turns":7},{"damage":0,"enemies":"Cultist and Chosen","floor":25,"turns":4},{"damage":23,"enemies":"Slavers","floor":29,"turns":3},{"damage":21,"enemies":"Snake Plant","floor":31,"turns":5},{"damage":25,"enemies":"Champ","floor":33,"turns":8},{"damage":0,"enemies":"Orb Walker","floor":35,"turns":3},{"damage":30,"enemies":"3 Darklings","floor":37,"turns":5},{"damage":46,"enemies":"Writhing Mass","floor":38,"turns":5},{"damage":0,"enemies":"Transient","floor":39,"turns":5},{"damage":52,"enemies":"Giant Head","floor":45,"turns":9},{"damage":16,"enemies":"Maw","floor":46,"turns":6},{"damage":12,"enemies":"Sphere and 2 Shapes","floor":47,"turns":4},{"damage":0,"enemies":"Transient","floor":48,"turns":5},{"damage":59,"enemies":"Awakened One","floor":50,"turns":6}],"seed_played":"2623284689259394064","potions_obtained":[{"floor":1.0,"key":"Ancient Potion"},{"floor":6.0,"key":"BottledMiracle"},{"floor":10.0,"key":"DuplicationPotion"},{"floor":16.0,"key":"BottledMiracle"},{"floor":18.0,"key":"AttackPotion"},{"floor":29,"key":"Explosive Potion"},{"floor":33,"key":"SmokeBomb"},{"floor":35,"key":"Strength Potion"},{"floor":37,"key":"BlessingOfTheForge"},{"floor":46,"key":"FairyPotion"}],"is_trial":false,"path_per_floor":["M","?","M","?","M","E","R","E","T","M","T","R","$","M","R","B",null,"M","$","?","M","$","R","M","M","T","R","T","E","$","M","R","B",null,"M","?","M","M","M","R","$","?","T","R","E","M","M","M","R","B",null],"character_chosen":"WATCHER","items_purchased":["SalivaCoin","BloodyBrimstone","JustLucky","Regal Pillow","Pear","FlurryOfBlows","DollysMirror","Prostrate","Apotheosis","DeathBook","Shuriken","Prostrate"],"campfire_rested":8,"item_purchase_floors":[13,13,13,19,22,22,30,30,34,34,41,41],"current_hp_per_floor":[77,77,67,67,61,22,45,20,20,2,2,25,25,20,43,25,79,68,68,68,40,50,50,6,6,6,47,47,24,24,3,44,44,81,81,81,51,6,7,45,45,45,45,78,32,21,14,15,53,19],"gold":255,"neow_bonus":"TEN_PERCENT_HP_BONUS","is_daily":false,"chose_seed":false,"campfire_upgraded":1,"win_rate":0.0,"timestamp":1613460962,"path_taken":["M","?","M","?","M","E","R","E","T","M","?","R","$","?","R","BOSS","M","?","?","M","$","R","M","M","T","R","?","E","$","?","R","BOSS","M","?","M","?","M","R","$","?","T","R","E","M","M","M","R","BOSS"],"items_purchased_type":["Relic","Card","Card","Relic","Relic","Card","Relic","Card","Card","Relic","Relic","Card"],"build_version":"2020-12-22","purchased_purges":0,"victory":true,"max_hp_per_floor":[79,79,79,79,79,79,79,79,79,79,79,79,79,79,79,79,79,79,79,79,79,89,89,89,89,89,89,89,89,89,89,89,89,81,81,81,81,81,78,78,78,78,78,78,78,78,78,78,78,78],"card_choices":[{"not_picked":[],"picked":"EpicFetus","floor":0.0},{"not_picked":["BowlingBash","Bomb"],"picked":"Collect","floor":1.0},{"not_picked":["Vengeance","TalkToTheHand"],"picked":"Wireheading","floor":3.0},{"not_picked":["EmptyFist","Prostrate"],"picked":"Crescendo","floor":5.0},{"not_picked":["CutThroughFate","Bomb"],"picked":"Protect","floor":6.0},{"not_picked":["CrushJoints","LikeWater"],"picked":"ClearTheMind","floor":8.0},{"not_picked":["Blasphemy","Protect"],"picked":"PathToVictory","floor":10.0},{"not_picked":["Evaluate","SandsOfTime"],"picked":"Perseverance","floor":14.0},{"not_picked":["Alpha","Judgement"],"picked":"Establishment","floor":16.0},{"not_picked":[],"picked":"SashWhip+1","floor":18.0},{"not_picked":[],"picked":"EmptyFist","floor":20.0},{"not_picked":[],"picked":"Collect","floor":21.0},{"not_picked":[],"picked":"WindmillStrike","floor":24},{"not_picked":[],"picked":"Worship","floor":25},{"not_picked":[],"picked":"FlyingSleeves","floor":29},{"not_picked":[],"picked":"InnerPeace","floor":31},{"not_picked":[],"picked":"DevaForm","floor":33},{"not_picked":[],"picked":"Consecrate+1","floor":35},{"not_picked":[],"picked":"ClearTheMind+1","floor":37},{"not_picked":[],"picked":"ThirdEye","floor":38},{"not_picked":[],"picked":"FollowUp","floor":39},{"not_picked":[],"picked":"Bandage Up","floor":42},{"not_picked":[],"picked":"PathToVictory","floor":45},{"not_picked":[],"picked":"CutThroughFate","floor":46},{"not_picked":[],"picked":"SandsOfTime+1","floor":47},{"not_picked":[],"picked":"SashWhip+1","floor":48}],"player_experience":94131,"relics_obtained":[{"floor":6.0,"key":"Anchor"},{"floor":8.0,"key":"Potion Belt"},{"floor":9.0,"key":"Vajra"},{"floor":11.0,"key":"Orichalcum"},{"floor":26,"key":"War Paint"},{"floor":28,"key":"PokeGo"},{"floor":29,"key":"Pantograph"},{"floor":43,"key":"Lantern"},{"floor":45,"key":"Bag of Preparation"}],"event_choices":[{"damage_healed":0.0,"max_hp_gain":0.0,"max_hp_loss":0.0,"gold_gain":175.0,"event_name":"Liars Game","player_choice":"AGREE","floor":2.0,"gold_loss":0.0,"damage_taken":0.0,"cards_obtained":["Doubt"]},{"cards_removed":["Doubt"],"damage_healed":0.0,"max_hp_gain":0.0,"max_hp_loss":0.0,"gold_gain":0.0,"event_name":"Living Wall","player_choice":"Forget","floor":4.0,"gold_loss":0.0,"damage_taken":0.0},{"damage_healed":0,"gold_gain":0,"player_choice":"Ignored","damage_taken":0,"max_hp_gain":0,"max_hp_loss":0,"event_name":"Tomb of Lord Red Mask","floor":36,"gold_loss":0},{"damage_healed":0,"gold_gain":0,"player_choice":"Memory 1","damage_taken":0,"max_hp_gain":0,"max_hp_loss":0,"event_name":"SensoryStone","floor":42,"gold_loss":0}],"is_beta":false,"boss_relics":[{"not_picked":["Runic Dome","Black Star"],"picked":"Busted Crown"},{"not_picked":[]},{"not_picked":["Calling Bell","ChampionBelt"],"picked":"MagicMushroom"},{"not_picked":[]}],"items_purged_floors":[],"is_endless":false,"potions_floor_spawned":[1,6,10,16,18,29,33,35,37,46,47,48],"ascension_level":0}}