{"host":"08yfhu6uhosdn245","time":1613519392,"event":{"mods":["2.2 Compatiblity","AchievementEnabler","BaseMod","Bestiary","Colored Map","Colored Powertips","Curses Come First","Highlight Path","Minty Spire (QoL Compilation)","Quick Restart","Relic Stats","StSLib"],"gold_per_floor":[361,436,455,455,472,506,146,146,146,158,176,192,192,218,218,318,318,331,346,358,358,457,457,457,457],"floor_reached":24,"language":"ENG","playtime":1264,"items_purged":["Strike_R"],"score":254,"play_id":"b8c2d9fc-ef5e-485e-bd94-0171b70a2ae3","local_time":"20210216184952","is_ascension_mode":true,"campfire_choices":[{"data":"Offering","floor":8,"key":"SMITH"},{"data":"Feed","floor":13,"key":"SMITH"},{"floor":15,"key":"REST"},{"floor":23,"key":"REST"}],"circlet_count":0,"master_deck":["Strike_R","Strike_R","Strike_R","Strike_R","Defend_R","Defend_R","Defend_R","Defend_R","Bash","Whirlwind","Pummel+1","Heavy Blade","Flame Barrier","Feed+1","Offering+1","Thunderclap","Limit Break","Twin Strike","Limit Break","Reaper","Dark Embrace"],"relics":["Burning Blood","Magic Flower","Lizard Tail","Dead Branch","Busted Crown","Self Forming Clay"],"acts_visited":["Exordium","TheCity"],"potions_floor_usage":[6,14,16],"damage_taken":[{"damage":8,"enemies":"Jaw Worm","floor":1,"turns":4},{"damage":15,"enemies":"Cultist","floor":3,"turns":5},{"damage":5,"enemies":"2 Louse","floor":5,"turns":3},{"damage":28,"enemies":"Gremlin Nob","floor":6,"turns":4},{"damage":15,"enemies":"Looter","floor":10,"turns":4},{"damage":4,"enemies":"2 Fungi Beasts","floor":11,"turns":4},{"damage":19,"enemies":"Blue Slaver","floor":12,"turns":4},{"damage":25,"enemies":"Lagavulin","floor":14,"turns":5},{"damage":29,"enemies":"Hexaghost","floor":16,"turns":9},{"damage":19,"enemies":"3 Byrds","floor":18,"turns":5},{"damage":58,"enemies":"Shell Parasite","floor":19,"turns":6},{"damage":49,"enemies":"Centurion and Healer","floor":20,"turns":12},{"damage":41,"enemies":"Gremlin Leader","floor":24,"turns":4}],"seed_played":"5635661338347973118","potions_obtained":[{"floor":5,"key":"Regen Potion"},{"floor":11,"key":"Strength Potion"},{"floor":12,"key":"ElixirPotion"},{"floor":18,"key":"Strength Potion"}],"is_trial":false,"path_per_floor":["M","?","M","?","M","E","$","R","T","M","M","M","R","E","R","B",null,"M","M","M","?","?","R","E"],"character_chosen":"IRONCLAD","items_purchased":["Feed","Offering"],"campfire_rested":2,"item_purchase_floors":[7,7],"current_hp_per_floor":[54,43,34,34,35,22,22,22,22,21,31,26,26,16,43,23,93,94,54,29,29,29,58,34,34],"gold":457,"neow_bonus":"TWO_FIFTY_GOLD","is_daily":false,"chose_seed":false,"campfire_upgraded":2,"win_rate":0.0,"timestamp":1613519392,"path_taken":["M","?","M","?","?","E","$","R","T","M","M","M","R","E","R","BOSS","M","?","M","?","?","R","E"],"items_purchased_type":["Card","Card"],"build_version":"2020-12-22","purchased_purges":1,"victory":false,"max_hp_per_floor":[80,80,80,80,80,80,80,80,80,83,86,89,89,93,93,93,93,97,97,97,97,97,97,97,97],"relic_stats":{"Lizard Tail":0,"Busted Crown":6,"counters":[13,69],"Self Forming Clay":[18],"Dead Branch":[43],"Magic Flower":[50],"obtain_stats":[{"Lizard Tail":9,"Busted Crown":17,"Self Forming Clay":21,"Dead Branch":14,"Magic Flower":6,"Burning Blood":0},{"Lizard Tail":4,"Busted Crown":9,"Self Forming Clay":12,"Dead Branch":8,"Magic Flower":4,"Burning Blood":0},{"Lizard Tail":16,"Busted Crown":42,"Self Forming Clay":65,"Dead Branch":33,"Magic Flower":16,"Burning Blood":0}],"Burning Blood":96},"card_choices":[{"not_picked":["Headbutt","Shrug It Off"],"picked":"Whirlwind","floor":1},{"not_picked":["Wild Strike","Body Slam"],"picked":"Pummel","floor":3},{"not_picked":["Iron Wave","Clothesline"],"picked":"Heavy Blade","floor":5},{"not_picked":["Armaments","Metallicize"],"picked":"Flame Barrier","floor":6},{"not_picked":["Iron Wave","Headbutt"],"picked":"Thunderclap","floor":10},{"not_picked":["Flex","Sword Boomerang"],"picked":"Limit Break","floor":11},{"not_picked":["Shockwave","Body Slam"],"picked":"Twin Strike","floor":12},{"not_picked":["Sword Boomerang","Pommel Strike"],"picked":"Limit Break","floor":14},{"not_picked":["Brutality","Impervious"],"picked":"Reaper","floor":16},{"not_picked":[],"picked":"Dark Embrace","floor":18},{"not_picked":["Pummel"],"picked":"SKIP","floor":19},{"not_picked":["Flex"],"picked":"SKIP","floor":20}],"player_experience":397904,"relics_obtained":[{"floor":6,"key":"Magic Flower"},{"floor":9,"key":"Lizard Tail"},{"floor":14,"key":"Dead Branch"}],"event_choices":[{"damage_healed":0,"gold_gain":75,"player_choice":"Gather Gold","damage_taken":11,"max_hp_gain":0,"max_hp_loss":0,"event_name":"World of Goop","floor":2,"gold_loss":0},{"damage_healed":0,"gold_gain":0,"player_choice":"Upgraded","damage_taken":0,"max_hp_gain":0,"max_hp_loss":0,"event_name":"Upgrade Shrine","floor":4,"gold_loss":0,"cards_upgraded":["Pummel"]},{"damage_healed":0,"gold_gain":0,"player_choice":"Opened","damage_taken":0,"relics_obtained":["Self Forming Clay"],"max_hp_gain":0,"max_hp_loss":0,"event_name":"The Mausoleum","floor":21,"gold_loss":0},{"damage_healed":0,"gold_gain":99,"player_choice":"Stole From Cult","damage_taken":0,"max_hp_gain":0,"max_hp_loss":0,"event_name":"Nest","floor":22,"gold_loss":0}],"is_beta":false,"boss_relics":[{"not_picked":["Runic Dome","Empty Cage"],"picked":"Busted Crown"}],"items_purged_floors":[7],"is_endless":false,"potions_floor_spawned":[5,11,12,18],"killed_by":"Gremlin Leader","ascension_level":2}}