{"host":"ox77rn1xcurm2t5a","time":1613516658,"event":{"mods":["2.2 Compatiblity","AchievementEnabler","Act Like it!","Aspiration","BaseMod","Best Route Mod","Better Match","Better Note","Better Sensory Stone","Block Reminder","Colored Map","Colored Powertips","Conjunction","Conspire","Custom Start","Energized Spire","GifTheSpireLib","Gold Saver","Gremlin Skip","Halation","Highlight Path","Hubris","Infinite Spire","Minty Spire (QoL Compilation)","Pale of the Ancients","Quick Restart","Replay The Spire","Reworked Bosses","ShortenTheSpire","Spire Exporter","StSLib","Stuff the Spire","Wandering Minibosses"],"gold_per_floor":[119,44,44,54,54,54,87,100,100,100,130,130,162,173,173,271,271,288,288,288,304,322,357,357,357,357],"floor_reached":25,"language":"ENG","playtime":580,"items_purged":["Defend_R","Defend_R"],"score":393,"play_id":"17b9068b-ad43-4c0b-ba48-9fc32206b184","local_time":"20210217010418","is_ascension_mode":true,"campfire_choices":[{"floor":6,"key":"RECALL"},{"data":"Perfected Strike","floor":10,"key":"SMITH"},{"data":"Anger","floor":12,"key":"SMITH"},{"data":"Sword Boomerang","floor":15,"key":"SMITH"},{"data":"Heavy Blade","floor":24,"key":"SMITH"}],"circlet_count":0,"master_deck":["Strike_R","Strike_R","Strike_R","Strike_R","Strike_R","Defend_R","Bash","Perfected Strike+1","Pommel Strike","Anger+1","Sword Boomerang+1","Demon Form","CurseOfTheBell","Shrug It Off+1","Demon Form","Sword Boomerang","Heavy Blade+1"],"relics":["Burning Blood","NeowsBlessing","Dream Catcher","aspiration:SeaSaltIceCream","Orichalcum","StuffTheSpire:Mouthbags","Lantern","Calling Bell","Bag of Preparation","Chameleon Ring","StoneCalendar","StuffTheSpire:GrapeVine","Mark of Pain","Toy Ornithopter"],"acts_visited":["Exordium","TheCity"],"potions_floor_usage":[11,16,22],"damage_taken":[{"damage":0,"enemies":"Cultist","floor":1,"turns":1},{"damage":0,"enemies":"Small Slimes","floor":4,"turns":1},{"damage":0,"enemies":"3 Sentries","floor":7,"turns":1},{"damage":0,"enemies":"2 Louse","floor":8,"turns":2},{"damage":0,"enemies":"Gremlin Nob","floor":11,"turns":2},{"damage":12,"enemies":"3 Sentries","floor":13,"turns":5},{"damage":0,"enemies":"Exordium Thugs","floor":14,"turns":2},{"damage":58,"enemies":"The Guardian","floor":16,"turns":7},{"damage":11,"enemies":"2 Thieves","floor":18,"turns":4},{"damage":6,"enemies":"3 Byrds","floor":21,"turns":4},{"damage":1,"enemies":"3 Cultists","floor":22,"turns":4},{"damage":0,"enemies":"Gremlin Leader","floor":23,"turns":7},{"damage":86,"enemies":"Slavers","floor":25,"turns":3}],"seed_played":"-7782323252327877995","potions_obtained":[{"floor":7,"key":"Fire Potion"},{"floor":13,"key":"SpeedPotion"},{"floor":18,"key":"SteroidPotion"}],"is_trial":false,"path_per_floor":["M","$","?","M","?","R","E","M","T","R","E","R","E","M","R","B",null,"M","?","AVR","M","M","E","R","E"],"character_chosen":"IRONCLAD","items_purchased":[],"campfire_rested":0,"item_purchase_floors":[],"current_hp_per_floor":[80,80,80,80,80,80,80,80,80,80,80,80,74,80,80,28,67,62,62,62,62,67,73,73,0,0],"gold":357,"neow_bonus":"THREE_ENEMY_KILL","is_daily":false,"chose_seed":false,"campfire_upgraded":4,"win_rate":0.0,"timestamp":1613516658,"path_taken":["M","$","?","M","?","R","E","M","T","R","E","R","E","M","R","BOSS","M","?","AVR","M","M","E","R","E"],"items_purchased_type":[],"build_version":"2020-12-22","purchased_purges":2,"victory":false,"max_hp_per_floor":[80,80,80,80,80,80,80,80,80,80,80,80,80,80,80,80,80,80,80,80,80,80,80,80,80,80],"card_choices":[{"not_picked":["StuffTheSpire:RagingBull","Second Wind","Wild Strike"],"picked":"SKIP","floor":1},{"not_picked":["Entrench","ReplayTheSpireMod:Limb From Limb"],"picked":"Perfected Strike","floor":4},{"not_picked":["ReplayTheSpireMod:Muscle Training","Dark Embrace"],"picked":"Pommel Strike","floor":7},{"not_picked":["StuffTheSpire:RockThrow","Feel No Pain"],"picked":"Anger","floor":8},{"not_picked":["Searing Blow","StuffTheSpire:RockThrow","Flame Barrier"],"picked":"SKIP","floor":11},{"not_picked":["Wild Strike","Feed","Blood for Blood"],"picked":"SKIP","floor":13},{"not_picked":["True Grit","Defy Death"],"picked":"Sword Boomerang","floor":14},{"not_picked":["Replay:Many Hands","Barricade"],"picked":"Demon Form","floor":16},{"not_picked":["StuffTheSpire:Incineration","Wild Strike"],"picked":"Shrug It Off+1","floor":18},{"not_picked":["Warcry","Wild Strike","Burning Pact"],"picked":"SKIP","floor":21},{"not_picked":["Twin Strike","StuffTheSpire:BloodClot+1"],"picked":"Sword Boomerang","floor":22},{"not_picked":["Thunderclap","Perfected Strike"],"picked":"Heavy Blade","floor":23}],"player_experience":3136025,"relics_obtained":[{"floor":7,"key":"Dream Catcher"},{"floor":9,"key":"aspiration:SeaSaltIceCream"},{"floor":11,"key":"StuffTheSpire:Mouthbags"},{"floor":13,"key":"Lantern"},{"floor":17,"key":"Bag of Preparation"},{"floor":17,"key":"Chameleon Ring"},{"floor":17,"key":"StoneCalendar"},{"floor":23,"key":"Toy Ornithopter"}],"event_choices":[{"cards_removed":["Defend_R"],"damage_healed":0,"gold_gain":0,"player_choice":"Offered Basic","damage_taken":0,"max_hp_gain":0,"max_hp_loss":0,"event_name":"Bonfire Elementals","floor":5,"gold_loss":0},{"damage_healed":0,"gold_gain":0,"player_choice":"Copied","damage_taken":0,"max_hp_gain":0,"max_hp_loss":0,"event_name":"Duplicator","floor":19,"gold_loss":0,"cards_obtained":["Demon Form"]}],"is_beta":false,"boss_relics":[{"not_picked":["Runic Dome","Velvet Choker"],"picked":"Calling Bell"}],"items_purged_floors":[2,20],"is_endless":false,"potions_floor_spawned":[7,13,18],"killed_by":"Slavers","ascension_level":5}}