{"host":"ydh61a5ftgdajrbo","time":1613491468,"event":{"mods":["BaseMod","Colored Map","Colored Powertips","DeckTracker","Downfall","Hermit","Koishi","Minty Spire (QoL Compilation)","Prisma Mod","Relic Stats","Spire Arcade","StSLib","SuperFastMode","The Cursed","The Jungle","The Mystic","The Runesmith","The Senshi","The Servant 0.9.4"],"gold_per_floor":[111,122,132,132,132,161,161,86,86,86,86,99,99,110,110,183,183,198,198,174,174,174,174,207,207,232,243,254,354,381,397,397,472,472,487,487,502,553,44,44,71,71,71,88,88,88,116,135,135,135],"floor_reached":51,"language":"ZHS","playtime":2014,"items_purged":["Defend_G"],"score":1450,"play_id":"9983047c-ff5c-4c1a-aaef-5d72b1b973ad","local_time":"20210217000428","is_ascension_mode":true,"campfire_choices":[{"data":"Leg Sweep","floor":11.0,"key":"SMITH"},{"floor":15.0,"key":"REST"},{"floor":23.0,"key":"REST"},{"floor":25.0,"key":"REST"},{"floor":32.0,"key":"REST"},{"floor":40.0,"key":"REST"},{"floor":45.0,"key":"REST"},{"floor":49,"key":"REST"}],"circlet_count":0,"master_deck":["AscendersBane","Strike_G","Strike_G","Strike_G","Strike_G","Defend_G","Defend_G","Defend_G","Defend_G","Survivor","Neutralize","Endless Agony","Underhanded Strike","Blade Dance","Leg Sweep+1","Accuracy","Quick Slash","Dagger Throw","After Image","Backstab","downfall:Bewildered","Footwork","Quick Slash","Dagger Spray+1","Endless Agony","Bullet Time","CurseOfTheBell","Acrobatics","Blade Dance","Writhe","Cloak And Dagger+1","Magnetism","Dodge and Roll+1","Accuracy"],"relics":["Philosopher\u0027s Stone","Ginger","Ornamental Fan","bronze:DecasWashers","Fusion Hammer","MutagenicStrength","sneckomod:BabySnecko","hexamod:Sixitude","hexamod:BolsterEngine","Lizard Tail","Paper Crane","Darkstone Periapt","Calling Bell","theSenshi:SailorFukuRelic","Mercury Hourglass","Dead Branch","Turnip","Bird Faced Urn","Anchor","White Beast Statue","Incense Burner","PreservedInsect"],"acts_visited":["Exordium","TheCity","TheBeyond"],"potions_floor_usage":[50,50],"damage_taken":[{"damage":11.0,"enemies":"Small Slimes","floor":1.0,"turns":5.0},{"damage":4.0,"enemies":"Jaw Worm","floor":2.0,"turns":5.0},{"damage":5.0,"enemies":"2 Louse","floor":3.0,"turns":2.0},{"damage":7.0,"enemies":"3 Sentries","floor":6.0,"turns":9.0},{"damage":4.0,"enemies":"Exordium Thugs","floor":12.0,"turns":3.0},{"damage":0.0,"enemies":"Large Slime","floor":14.0,"turns":6.0},{"damage":22.0,"enemies":"The Guardian","floor":16.0,"turns":11.0},{"damage":11.0,"enemies":"Spheric Guardian","floor":18.0,"turns":4.0},{"damage":7.0,"enemies":"2 Thieves","floor":20.0,"turns":4.0},{"damage":3.0,"enemies":"Gremlin Leader","floor":24.0,"turns":6.0},{"damage":0.0,"enemies":"Snecko","floor":27.0,"turns":3.0},{"damage":5.0,"enemies":"Shelled Parasite and Fungi","floor":28.0,"turns":3.0},{"damage":3.0,"enemies":"Colosseum Slavers","floor":29.0,"turns":4.0},{"damage":3.0,"enemies":"Colosseum Nobs","floor":29.0,"turns":3.0},{"damage":0.0,"enemies":"Book of Stabbing","floor":30.0,"turns":4.0},{"damage":0.0,"enemies":"Centurion and Healer","floor":31.0,"turns":2.0},{"damage":25.0,"enemies":"Automaton","floor":33.0,"turns":8.0},{"damage":4.0,"enemies":"3 Shapes","floor":35.0,"turns":2.0},{"damage":0.0,"enemies":"Orb Walker","floor":37.0,"turns":1.0},{"damage":9.0,"enemies":"2 Orb Walkers","floor":38.0,"turns":3.0},{"damage":38.0,"enemies":"Nemesis","floor":41.0,"turns":7.0},{"damage":11.0,"enemies":"Writhing Mass","floor":44.0,"turns":4.0},{"damage":1,"enemies":"Giant Head","floor":47,"turns":7},{"damage":0,"enemies":"3 Darklings","floor":48,"turns":3},{"damage":21,"enemies":"Donu and Deca","floor":50,"turns":5}],"seed_played":"612837138604492457","potions_obtained":[{"floor":1.0,"key":"SteroidPotion"},{"floor":14.0,"key":"Strength Potion"},{"floor":16.0,"key":"Swift Potion"},{"floor":20.0,"key":"ColorlessPotion"},{"floor":27.0,"key":"PowerPotion"},{"floor":30.0,"key":"Strength Potion"},{"floor":31.0,"key":"bronze:BurnAndBuffPotion"},{"floor":35.0,"key":"Regen Potion"},{"floor":47,"key":"PowerPotion"}],"is_trial":false,"path_per_floor":["M","M","M","?","?","E","?","$","T","T","R","M","?","M","R","B",null,"M","?","M","?","?","R","E","R","T","M","M","?","E","M","R","B",null,"M","?","M","?","$","R","E","?","T","M","R","?","E","M","R","B",null],"character_chosen":"THE_SILENT","items_purchased":["Bird Faced Urn","Anchor"],"campfire_rested":7,"item_purchase_floors":[39,39],"current_hp_per_floor":[48,44,39,44,44,37,37,37,37,37,37,33,33,33,54,32,61,50,30,23,23,23,45,42,64,64,64,59,53,53,53,75,50,76,72,72,72,63,63,82,45,67,67,64,88,88,87,88,88,72],"gold":135,"neow_bonus":"BOSS_RELIC","is_daily":false,"chose_seed":false,"campfire_upgraded":1,"win_rate":0.0,"timestamp":1613491468,"path_taken":["M","M","M","?","?","E","?","$","T","?","R","?","?","M","R","BOSS","M","?","M","?","?","R","E","R","T","M","M","?","E","M","R","BOSS","M","?","M","?","$","R","E","?","T","M","R","?","E","M","R","BOSS"],"items_purchased_type":["Relic","Relic"],"build_version":"2020-12-22","purchased_purges":1,"victory":true,"max_hp_per_floor":[66,66,66,71,71,71,71,71,71,71,71,71,71,71,71,71,71,71,76,76,76,76,76,76,76,76,76,76,76,76,76,76,76,82,82,82,82,82,82,82,82,88,88,88,88,88,88,88,88,88],"relic_stats":{"Darkstone Periapt":12,"Lizard Tail":0,"counters":[25,114],"Ornamental Fan":[328],"Dead Branch":[94],"Bird Faced Urn":[15],"Turnip":[0],"PreservedInsect":0,"Ginger":[8],"obtain_stats":[{"Darkstone Periapt":30,"bronze:DecasWashers":10,"Dead Branch":34,"hexamod:Sixitude":24,"PreservedInsect":47,"Incense Burner":43,"Ginger":6,"Paper Crane":29,"White Beast Statue":41,"Mercury Hourglass":34,"Calling Bell":34,"sneckomod:BabySnecko":22,"Lizard Tail":29,"Anchor":39,"Ornamental Fan":9,"MutagenicStrength":21,"Bird Faced Urn":39,"Philosopher\u0027s Stone":0,"Fusion Hammer":17,"Turnip":38,"hexamod:BolsterEngine":26,"theSenshi:SailorFukuRelic":34,"Ring of the Snake":0},{"Darkstone Periapt":15,"bronze:DecasWashers":4,"Dead Branch":17,"hexamod:Sixitude":10,"PreservedInsect":23,"Incense Burner":21,"Ginger":4,"Paper Crane":14,"White Beast Statue":21,"Mercury Hourglass":17,"Calling Bell":17,"sneckomod:BabySnecko":9,"Lizard Tail":14,"Anchor":20,"Ornamental Fan":4,"MutagenicStrength":9,"Bird Faced Urn":20,"Philosopher\u0027s Stone":0,"Fusion Hammer":7,"Turnip":20,"hexamod:BolsterEngine":10,"theSenshi:SailorFukuRelic":17,"Ring of the Snake":0},{"Darkstone Periapt":72,"bronze:DecasWashers":21,"Dead Branch":82,"hexamod:Sixitude":55,"PreservedInsect":106,"Incense Burner":95,"Ginger":21,"Paper Crane":68,"White Beast Statue":95,"Mercury Hourglass":82,"Calling Bell":82,"sneckomod:BabySnecko":49,"Lizard Tail":68,"Anchor":88,"Ornamental Fan":21,"MutagenicStrength":49,"Bird Faced Urn":88,"Philosopher\u0027s Stone":0,"Fusion Hammer":41,"Turnip":88,"hexamod:BolsterEngine":55,"theSenshi:SailorFukuRelic":82,"Ring of the Snake":0}],"Mercury Hourglass":[111]},"card_choices":[{"not_picked":["Caltrops","Bane"],"picked":"Endless Agony","floor":1.0},{"not_picked":["Choke","Eviscerate"],"picked":"Underhanded Strike","floor":2.0},{"not_picked":["Phantasmal Killer","Calculated Gamble"],"picked":"Blade Dance","floor":3.0},{"not_picked":["Terror","Caltrops"],"picked":"Accuracy","floor":6.0},{"not_picked":["Deflect","Outmaneuver"],"picked":"Quick Slash","floor":12.0},{"not_picked":["Dodge and Roll","Deflect"],"picked":"Dagger Throw","floor":14.0},{"not_picked":["Phantasmal Killer","Tools of the Trade"],"picked":"After Image","floor":16.0},{"not_picked":["Deadly Poison+1","Eviscerate","Bane"],"picked":"SKIP","floor":18.0},{"not_picked":["Deflect","Dagger Throw"],"picked":"Backstab","floor":20.0},{"not_picked":["Bouncing Flask","Flying Knee"],"picked":"Footwork","floor":24.0},{"not_picked":["Leg Sweep","Expertise"],"picked":"Quick Slash","floor":27.0},{"not_picked":["Prepared","Outmaneuver","Expertise"],"picked":"SKIP","floor":28.0},{"not_picked":["Noxious Fumes","Underhanded Strike"],"picked":"Dagger Spray+1","floor":29.0},{"not_picked":["Outmaneuver","Slice","Dagger Spray"],"picked":"SKIP","floor":30.0},{"not_picked":["Flying Knee","Accuracy"],"picked":"Endless Agony","floor":31.0},{"not_picked":["Venomology","Phantasmal Killer"],"picked":"Bullet Time","floor":33.0},{"not_picked":["Dodge and Roll","Slice"],"picked":"Acrobatics","floor":35.0},{"not_picked":["Slice","Underhanded Strike","Sucker Punch"],"picked":"SKIP","floor":37.0},{"not_picked":["Dagger Spray","Heel Hook"],"picked":"Blade Dance","floor":41.0},{"not_picked":["Expertise","Dagger Throw+1"],"picked":"Cloak And Dagger+1","floor":44.0},{"not_picked":["Metamorphosis","HandOfGreed"],"picked":"Magnetism","floor":46},{"not_picked":["Sucker Punch","Concentrate"],"picked":"Dodge and Roll+1","floor":47},{"not_picked":["Backflip","Bouncing Flask"],"picked":"Accuracy","floor":48}],"player_experience":402131,"relics_obtained":[{"floor":6.0,"key":"Ginger"},{"floor":9.0,"key":"Ornamental Fan"},{"floor":10.0,"key":"bronze:DecasWashers"},{"floor":24.0,"key":"hexamod:Sixitude"},{"floor":26.0,"key":"hexamod:BolsterEngine"},{"floor":29.0,"key":"Lizard Tail"},{"floor":29.0,"key":"Paper Crane"},{"floor":30.0,"key":"Darkstone Periapt"},{"floor":34.0,"key":"theSenshi:SailorFukuRelic"},{"floor":34.0,"key":"Mercury Hourglass"},{"floor":34.0,"key":"Dead Branch"},{"floor":38.0,"key":"Turnip"},{"floor":41.0,"key":"White Beast Statue"},{"floor":43.0,"key":"Incense Burner"},{"floor":47,"key":"PreservedInsect"}],"event_choices":[{"damage_healed":0.0,"max_hp_gain":5.0,"max_hp_loss":0.0,"gold_gain":0.0,"event_name":"Big Fish","player_choice":"Donut","floor":4.0,"gold_loss":0.0,"damage_taken":0.0},{"damage_healed":0.0,"max_hp_gain":0.0,"max_hp_loss":0.0,"gold_gain":0.0,"cards_transformed":["Strike_G"],"event_name":"Living Wall","player_choice":"Change","floor":5.0,"gold_loss":0.0,"damage_taken":0.0,"cards_obtained":["Leg Sweep"]},{"damage_healed":0.0,"max_hp_gain":0.0,"max_hp_loss":0.0,"gold_gain":0.0,"event_name":"Dead Adventurer","player_choice":"Searched \u00270\u0027 times","floor":7.0,"gold_loss":0.0,"damage_taken":0.0},{"damage_healed":0.0,"max_hp_gain":0.0,"max_hp_loss":0.0,"gold_gain":0.0,"event_name":"Liars Game","player_choice":"Ignored","floor":13.0,"gold_loss":0.0,"damage_taken":0.0},{"damage_healed":0.0,"max_hp_gain":5.0,"max_hp_loss":0.0,"gold_gain":0.0,"event_name":"Forgotten Altar","player_choice":"Shed Blood","floor":19.0,"gold_loss":0.0,"damage_taken":25.0},{"damage_healed":0.0,"max_hp_gain":0.0,"max_hp_loss":0.0,"gold_gain":0.0,"event_name":"Drug Dealer","player_choice":"Inject Mutagens","floor":21.0,"gold_loss":0.0,"damage_taken":0.0,"relics_obtained":["MutagenicStrength"]},{"damage_healed":0.0,"max_hp_gain":0.0,"max_hp_loss":0.0,"gold_gain":0.0,"event_name":"Colosseum","player_choice":"Fight","floor":29.0,"gold_loss":0.0,"damage_taken":0.0},{"damage_healed":0.0,"max_hp_gain":0.0,"max_hp_loss":0.0,"gold_gain":0.0,"event_name":"Colosseum","player_choice":"Fought Nobs","floor":29.0,"gold_loss":0.0,"damage_taken":0.0},{"damage_healed":0.0,"max_hp_gain":0.0,"max_hp_loss":0.0,"gold_gain":0.0,"event_name":"Tomb of Lord Red Mask","player_choice":"Ignored","floor":36.0,"gold_loss":0.0,"damage_taken":0.0},{"damage_healed":0.0,"max_hp_gain":0.0,"max_hp_loss":0.0,"gold_gain":0.0,"event_name":"Mysterious Sphere","player_choice":"Fight","floor":38.0,"gold_loss":0.0,"damage_taken":0.0},{"damage_healed":16.0,"max_hp_gain":0.0,"max_hp_loss":0.0,"gold_gain":0.0,"event_name":"Winding Halls","player_choice":"Writhe","floor":42.0,"gold_loss":0.0,"damage_taken":0.0,"cards_obtained":["Writhe"]},{"damage_healed":0,"gold_gain":0,"player_choice":"Memory 1","damage_taken":0,"max_hp_gain":0,"max_hp_loss":0,"event_name":"SensoryStone","floor":46,"gold_loss":0}],"is_beta":false,"boss_relics":[{"not_picked":["Snecko Eye","Sozu"],"picked":"Fusion Hammer"},{"not_picked":["Runic Pyramid","bronze:MakeshiftBattery"],"picked":"Calling Bell"}],"items_purged_floors":[8],"is_endless":false,"potions_floor_spawned":[1,14,16,20,27,30,31,35,44,47,48],"ascension_level":17}}