{"host":"lgow17wc5wawziz1","time":1613455497,"event":{"mods":["AchievementEnabler","Act Like it!","Aspiration","BaseMod","Better Third Choice","CapriCore","Colored Map","Colored Powertips","Friendly Minions","Gensokyo","Hubris","Kiyohime£¨?ýï£©","Koishi","Minty Spire (QoL Compilation)","MostiFishMod","Permanent Neow","Quick Restart","Replay The Spire","StSLib","SuperFastMode","The Blue Laboratory","The Immortal","¡¼?Úª?ø«¡½REMEMod"],"gold_per_floor":[109,122,47,47,63,63,76,107,132,132,157,174,174,192,192,295,295,305,305,315,124,141,141,174,174,174,202,202,202,216,236,236,333,333,350,41,54,67,19,19,46,57,57,57,70,84,84,117,117,117],"floor_reached":51,"language":"KOR","playtime":4686,"items_purged":["Strike_G","Strike_G","Strike_G"],"score":1036,"play_id":"1f6a366c-3aa6-434d-be6f-2ec9dd1d3341","local_time":"20210216150456","is_ascension_mode":true,"campfire_choices":[{"data":"Crow Ritual","floor":6,"key":"SMITH"},{"data":"Neutralize","floor":13,"key":"SMITH"},{"data":"Flechettes","floor":15,"key":"SMITH"},{"floor":23,"key":"REST"},{"data":"Survivor","floor":25,"key":"SMITH"},{"data":"Bludgeon","floor":28,"key":"SMITH"},{"floor":32,"key":"REST"},{"data":"Crow Ritual","floor":40,"key":"SMITH"},{"data":"hubris:Defend_Merchant","floor":49,"key":"SMITH"}],"circlet_count":0,"master_deck":["Strike_G","Strike_G","Defend_G","Defend_G","Defend_G","Defend_G","Defend_G","Survivor+1","Neutralize+1","KiyohimeMod:Strike","hubris:Defend_Merchant+1","Crow Ritual+1","Bludgeon+1","Injury","Venomology+1","Hidden Blade+1","Acrobatics+1","Flechettes+1","Backflip+1","Replay:Bag of Tricks+1","Acrobatics+1","Survey Options+1","Sneak Up+1","Leg Sweep+1","Calculated Gamble+1","Well Laid Plans+1","Crow Ritual+1","Hidden Blade+1","Malaise+1","PiercingWail+1","Master of Strategy+1","Secret Technique+1","Survey Options+1","Prepared+1","Acrobatics+1","MostiFishMod:HiddenBlade+1"],"relics":["Ring of the Snake","REME_ComplimentaryCards","DaveBox","SynthV:TestCard","Toxic Egg 2","Durian","Centennial Puzzle","Mercury Hourglass","Philosopher\u0027s Stone","hubris:Icosahedron","Juzu Bracelet","ReplayTheSpireMod:Shallot","Vampiric Spirits","Transparent","Counterbalance","Eternal Feather","hubris:DeckOfHolding"],"acts_visited":["Exordium","TheCity","TheBeyond"],"potions_floor_usage":[8,11,11,14,16,18,22,24,27,27,27,30,33,37,38,41,42,46,48,50,50,50,50,50,50,50],"damage_taken":[{"damage":0,"enemies":"2 Louse","floor":1,"turns":2},{"damage":6,"enemies":"Small Slimes","floor":2,"turns":2},{"damage":0,"enemies":"Jaw Worm","floor":5,"turns":3},{"damage":0,"enemies":"Blue Slaver","floor":7,"turns":4},{"damage":39,"enemies":"Replay:BlueRogue","floor":8,"turns":6},{"damage":9,"enemies":"3 Sentries","floor":11,"turns":10},{"damage":7,"enemies":"3 Louse","floor":12,"turns":3},{"damage":0,"enemies":"Large Slime","floor":14,"turns":6},{"damage":3,"enemies":"Hexaghost","floor":16,"turns":9},{"damage":16,"enemies":"2 Thieves","floor":18,"turns":2},{"damage":4,"enemies":"Chosen","floor":20,"turns":4},{"damage":10,"enemies":"Centurion and Healer","floor":22,"turns":5},{"damage":5,"enemies":"REME_1_Revenger","floor":24,"turns":4},{"damage":13,"enemies":"Slavers","floor":27,"turns":6},{"damage":16,"enemies":"Cultist and Chosen","floor":30,"turns":4},{"damage":0,"enemies":"Snake Plant","floor":31,"turns":2},{"damage":4,"enemies":"Automaton","floor":33,"turns":3},{"damage":45,"enemies":"3 Shapes","floor":35,"turns":3},{"damage":30,"enemies":"3 Darklings","floor":37,"turns":2},{"damage":66,"enemies":"4 Shapes","floor":38,"turns":4},{"damage":48,"enemies":"Reptomancer","floor":41,"turns":3},{"damage":55,"enemies":"Jaw Worm Horde","floor":42,"turns":3},{"damage":80,"enemies":"Transient","floor":45,"turns":5},{"damage":25,"enemies":"3 Darklings","floor":46,"turns":2},{"damage":60,"enemies":"Nemesis","floor":48,"turns":3},{"damage":80,"enemies":"Awakened One","floor":50,"turns":5}],"seed_played":"-2093401993512516972","potions_obtained":[{"floor":2,"key":"blueLaboratory:HummingbirdPotion"},{"floor":7,"key":"blueLaboratory:HorrorPotion"},{"floor":12,"key":"blueLaboratory:FruitPunch"},{"floor":16,"key":"blueLaboratory:ImpenetrablePotion"},{"floor":20,"key":"blueLaboratory:StoneskinPotion"},{"floor":27,"key":"blueLaboratory:NinjaPotion"},{"floor":30,"key":"blueLaboratory:ArtistsPotion"},{"floor":37,"key":"blueLaboratory:SavagePotion"},{"floor":41,"key":"Swift Potion"}],"is_trial":false,"path_per_floor":["M","M","$","?","M","R","M","E","T","?","E","M","R","M","R","B",null,"M","?","M","$","M","R","E","R","T","E","R","?","M","M","R","B",null,"M","$","M","M","$","R","E","M","T","?","M","M","?","E","R","B",null],"character_chosen":"THE_SILENT","items_purchased":["Survey Options+1","Crow Ritual","blueLaboratory:FruitPunch"],"campfire_rested":2,"item_purchase_floors":[21,36,39],"current_hp_per_floor":[70,64,64,64,64,64,64,30,30,30,21,14,14,16,16,13,61,45,45,41,41,31,54,49,49,49,38,38,38,33,39,62,72,77,79,79,81,69,69,69,83,83,83,73,53,83,83,75,83,68],"gold":117,"neow_bonus":"RANDOM_COLORLESS_2","is_daily":false,"chose_seed":false,"campfire_upgraded":7,"win_rate":0.0,"timestamp":1613455496,"path_taken":["M","M","$","?","M","R","M","E","T","?","E","M","R","M","R","BOSS","M","?","M","$","M","R","E","R","T","E","R","?","M","M","R","BOSS","M","$","M","M","$","R","E","M","T","?","M","M","?","E","R","BOSS"],"items_purchased_type":["Card","Card","Potion"],"build_version":"2020-12-22","purchased_purges":3,"victory":true,"max_hp_per_floor":[70,70,70,70,70,70,70,75,75,75,75,75,75,77,77,77,77,77,77,77,77,77,77,77,77,77,79,79,79,79,79,79,79,79,79,79,81,81,81,81,83,83,83,83,83,83,83,83,83,83],"card_choices":[{"not_picked":["MostiFishMod:Galeforce","REME_HeartOfCthun"],"picked":"Crow Ritual","floor":0},{"not_picked":["MostiFishMod:PreservedThorns","Dagger Spray","Accuracy"],"picked":"SKIP","floor":1},{"not_picked":["Fluid Movement","MostiFishMod:PerfectParry","Flying Knee","Outmaneuver","Acrobatics"],"picked":"SKIP","floor":2},{"not_picked":["Accuracy","Bane","Deflect+1","Blade Dance+1"],"picked":"Venomology+1","floor":5},{"not_picked":["Dagger Throw","Noxious Fumes","Acrobatics+1","Accuracy"],"picked":"Hidden Blade+1","floor":7},{"not_picked":["Calculated Gamble+1","Hidden Blade+1","Atom Bomb","Bane"],"picked":"Acrobatics+1","floor":8},{"not_picked":["Sucker Punch","Dagger Throw","Dodge and Roll+1","REME_GreenPollution"],"picked":"Flechettes","floor":11},{"not_picked":["MostiFishMod:FrostNova+1","Deflect+1","Dodge and Roll+1","Deadly Poison+1"],"picked":"Backflip+1","floor":12},{"not_picked":["Setup+1","Blade Dance+1","Outmaneuver+1","MostiFishMod:PreservedThorns+1","Slice"],"picked":"SKIP","floor":14},{"not_picked":["MostiFishMod:SpreadingSpore+1","MostiFishMod:Neurotoxin","Envenom","MostiFishMod:GrandStart"],"picked":"Replay:Bag of Tricks+1","floor":16},{"not_picked":["Deflect+1","Dagger Throw","Cloak And Dagger+1","Riddle With Holes"],"picked":"Acrobatics+1","floor":18},{"not_picked":["Eviscerate+1","Noxious Fumes+1","Poisoned Stab","MostiFishMod:PerfectParry+1","hubris:Counter"],"picked":"SKIP","floor":20},{"not_picked":["Storm of Steel+1","Dagger Throw","Quick Slash","Skewer+1","Riddle With Holes"],"picked":"SKIP","floor":22},{"not_picked":["MostiFishMod:FrostNova+1","Quick Slash","REME_ShadowStrike","Riddle With Holes","Fluid Movement"],"picked":"SKIP","floor":24},{"not_picked":["Toxin Wave+1","Eviscerate","Flying Knee+1","ReplayTheSpireMod:Shiv Toss+1"],"picked":"Sneak Up+1","floor":27},{"not_picked":["Hidden Blade+1","Crippling Poison+1","Flying Knee","ReplayTheSpireMod:Exploit Weakness+1"],"picked":"Leg Sweep+1","floor":30},{"not_picked":["Bane","Deadly Poison+1","Quick Slash","Dagger Spray"],"picked":"Calculated Gamble+1","floor":31},{"not_picked":["Corpse Explosion+1","Doppelganger+1","ReplayTheSpireMod:Necrosis+1","ReplayTheSpireMod:From All Sides"],"picked":"MostiFishMod:FullyArmed+1","floor":33},{"not_picked":["hubris:Sniper+1","Underhanded Strike+1","Dagger Throw+1","Slice+1"],"picked":"Well Laid Plans+1","floor":35},{"not_picked":["All Out Attack+1","Deadly Poison+1","Deflect+1","Dagger Throw"],"picked":"Hidden Blade+1","floor":37},{"not_picked":["Deflect+1","Dagger Throw+1","Crippling Poison+1","Blade Dance+1","Concentrate+1"],"picked":"SKIP","floor":38},{"not_picked":["Backstab","MostiFishMod:SpreadingSpore+1","Deadly Poison+1","Caltrops"],"picked":"Malaise+1","floor":41},{"not_picked":["Slice","Skewer+1","Cloak And Dagger+1","Sucker Punch"],"picked":"PiercingWail+1","floor":42},{"not_picked":["Deep Breath+1","Dramatic Entrance","REME_WheelOfFate+1","Magnetism"],"picked":"Master of Strategy+1","floor":44},{"not_picked":["Enlightenment+1","Violence+1","MostiFishMod:ForestofLight+1","MostiFishMod:ButterFly"],"picked":"Secret Technique+1","floor":44},{"not_picked":["Poisoned Strike","Mind Blast","Swift Strike","REME_ProfessionalPlagiarism+1"],"picked":"Survey Options+1","floor":44},{"not_picked":["Slice+1","MostiFishMod:PerfectParry+1","Hidden Blade+1","Backstab+1"],"picked":"Prepared+1","floor":45},{"not_picked":["REME_GreenPollution+1","hubris:Counter","PiercingWail+1","Hidden Blade+1"],"picked":"Acrobatics+1","floor":46},{"not_picked":["MostiFishMod:PerfectParry+1","ReplayTheSpireMod:Speed Training+1","Deflect+1","Hidden Blade+1"],"picked":"MostiFishMod:HiddenBlade+1","floor":48}],"player_experience":398445,"relics_obtained":[{"floor":1,"key":"SynthV:TestCard"},{"floor":8,"key":"Durian"},{"floor":9,"key":"Centennial Puzzle"},{"floor":11,"key":"Mercury Hourglass"},{"floor":24,"key":"Juzu Bracelet"},{"floor":26,"key":"ReplayTheSpireMod:Shallot"},{"floor":27,"key":"Vampiric Spirits"},{"floor":41,"key":"Counterbalance"},{"floor":43,"key":"Eternal Feather"},{"floor":48,"key":"hubris:DeckOfHolding"}],"event_choices":[{"damage_healed":0,"gold_gain":0,"player_choice":"LEAVE","damage_taken":0,"max_hp_gain":0,"max_hp_loss":0,"event_name":"betterThird:BetterScrap","floor":10,"gold_loss":0,"cards_obtained":["MostiFishMod:CullingBlade"]},{"damage_healed":0,"gold_gain":0,"player_choice":"Memory 3","damage_taken":10,"max_hp_gain":0,"max_hp_loss":0,"event_name":"SensoryStone","floor":44,"gold_loss":0}],"is_beta":false,"boss_relics":[{"not_picked":["FeatherPendant","xbg"],"picked":"Philosopher\u0027s Stone"},{"not_picked":["Replay:Bronze Core","Ring of Chaos"],"picked":"Transparent"}],"items_purged_floors":[3,21,36],"is_endless":false,"potions_floor_spawned":[2,7,12,16,20,27,30,33,35,37,38,41],"ascension_level":5}}