{"host":"l3lzhw5qete3bz2v","time":1613494709,"event":{"mods":["BaseMod","Colored Map","Colored Powertips","Minty Spire (QoL Compilation)","StSLib","SuperFastMode","The Disciple"],"gold_per_floor":[117,129,147,147,147,158,178,178,231,94,126,126,126,139,139,241,241,258,258,278,278,296,296,327,327,327,354,364,364,396,174,174,273,273,290,309,309,71,91,91,0,14,38,50,62,74,98,130,142,154],"floor_reached":51,"language":"JPN","playtime":6928,"items_purged":["Strike_Br"],"score":732,"play_id":"17ab5dcd-2abf-4540-b078-b4658669be6e","local_time":"20210217015829","is_ascension_mode":false,"campfire_choices":[{"data":"Analog","floor":8.0,"key":"SMITH"},{"data":"SecondHand","floor":12.0,"key":"SMITH"},{"data":"Flay","floor":15.0,"key":"SMITH"},{"data":"LockedPlans","floor":23.0,"key":"SMITH"},{"floor":25.0,"key":"REST"},{"floor":32.0,"key":"REST"},{"data":"Echonomics","floor":40,"key":"SMITH"},{"data":"DaylightSavings","floor":45,"key":"SMITH"},{"data":"Chronoelasticity","floor":49,"key":"SMITH"}],"circlet_count":0,"master_deck":["Strike_Br","Defend_Br","Defend_Br","Defend_Br","Defend_Br","SecondHand+1","PatternShift","TiringSlam","Backlash","HandsUpB","HandsUpC","Analog+1","Flay+1","Break","LockedWhetstone","Chronoelasticity+1","ReapSow+7","DaylightSavings+5","LockedPlans+1","LockedTurtyl","Ritenuto","Echonomics+1","ExoVibe+13","OverTime","Madness","Madness"],"relics":["Chronograph","BlueBox","Lightning?","Nunchaku","Gremlin Horn","Omamori","Du-Vu Doll","Anchor","Enchiridion","Letter Opener","Orrery","Busted Crown","Eternal Feather","Red Mask","MawBank"],"acts_visited":["Exordium","TheCity","TheBeyond"],"potions_floor_usage":[36,50,50,50,50,50,50],"damage_taken":[{"damage":4.0,"enemies":"Cultist","floor":1.0,"turns":4.0},{"damage":1.0,"enemies":"Jaw Worm","floor":2.0,"turns":4.0},{"damage":2.0,"enemies":"Small Slimes","floor":3.0,"turns":4.0},{"damage":6.0,"enemies":"Looter","floor":6.0,"turns":4.0},{"damage":13.0,"enemies":"Red Slaver","floor":7.0,"turns":4.0},{"damage":11.0,"enemies":"Lagavulin","floor":11.0,"turns":7.0},{"damage":0.0,"enemies":"3 Louse","floor":14.0,"turns":2.0},{"damage":6.0,"enemies":"Slime Boss","floor":16.0,"turns":9.0},{"damage":0.0,"enemies":"3 Byrds","floor":18.0,"turns":6.0},{"damage":23.0,"enemies":"2 Thieves","floor":20.0,"turns":5.0},{"damage":8.0,"enemies":"Sentry and Sphere","floor":22.0,"turns":3.0},{"damage":4.0,"enemies":"Book of Stabbing","floor":24.0,"turns":6.0},{"damage":8.0,"enemies":"Gremlin Leader","floor":27.0,"turns":5.0},{"damage":2.0,"enemies":"Snecko","floor":28.0,"turns":5.0},{"damage":0.0,"enemies":"Book of Stabbing","floor":30.0,"turns":4.0},{"damage":27.0,"enemies":"Collector","floor":33.0,"turns":6.0},{"damage":0.0,"enemies":"Orb Walker","floor":35.0,"turns":4.0},{"damage":0,"enemies":"3 Shapes","floor":36,"turns":4},{"damage":5,"enemies":"Jaw Worm Horde","floor":39,"turns":3},{"damage":0,"enemies":"Sphere and 2 Shapes","floor":42,"turns":6},{"damage":0,"enemies":"Spire Growth","floor":47,"turns":5},{"damage":0,"enemies":"Writhing Mass","floor":48,"turns":5},{"damage":27,"enemies":"Awakened One","floor":50,"turns":21}],"seed_played":"-4060922089012454316","potions_obtained":[{"floor":1.0,"key":"WardPotion"},{"floor":3.0,"key":"Fire Potion"},{"floor":11.0,"key":"EntropicBrew"},{"floor":19.0,"key":"Dexterity Potion"},{"floor":19.0,"key":"Dexterity Potion"},{"floor":20.0,"key":"Strength Potion"},{"floor":22.0,"key":"Energy Potion"},{"floor":24.0,"key":"Explosive Potion"},{"floor":27.0,"key":"PowerPotion"},{"floor":30.0,"key":"AttackPotion"},{"floor":35.0,"key":"SkillPotion"},{"floor":36,"key":"GamblersBrew"}],"is_trial":false,"path_per_floor":["M","M","M","?","?","M","M","R","T","$","E","R","?","M","R","B",null,"M","?","M","?","M","R","E","R","T","E","M","?","E","$","R","B",null,"M","M","?","$","M","R","?","M","T","?","R","?","M","M","R","B",null],"character_chosen":"CHRONO_CLASS","items_purchased":["Flay","Orrery","Eternal Feather"],"campfire_rested":2,"item_purchase_floors":[10,31,38],"current_hp_per_floor":[61,60,58,58,58,52,39,39,39,39,28,28,33,33,33,27,70,70,70,47,47,39,39,35,56,56,48,46,30,30,30,51,24,70,70,70,70,70,65,70,70,70,70,70,70,61,61,61,70,43],"gold":166,"neow_bonus":"RANDOM_COMMON_RELIC","is_daily":false,"chose_seed":false,"campfire_upgraded":7,"win_rate":0.0,"timestamp":1613494709,"path_taken":["M","?","?","?","?","M","M","R","T","$","E","R","?","M","R","BOSS","M","?","?","?","?","R","E","R","T","E","M","?","E","$","R","BOSS","M","M","?","$","?","R","?","M","T","?","R","?","M","?","R","BOSS"],"items_purchased_type":["Card","Relic","Relic"],"build_version":"2020-12-22","purchased_purges":1,"victory":true,"max_hp_per_floor":[65,65,65,65,65,65,65,65,65,65,65,65,70,70,70,70,70,70,70,70,70,70,70,70,70,70,70,70,70,70,70,70,70,70,70,70,70,70,70,70,70,70,70,70,70,70,70,70,70,70],"card_choices":[{"not_picked":["Parity","HandsUpB"],"picked":"TiringSlam","floor":1.0},{"not_picked":["BiteCommand","Engulf"],"picked":"Backlash","floor":2.0},{"not_picked":["CrunchTime","WindUp"],"picked":"HandsUpB","floor":3.0},{"not_picked":["BiteCommand","ReapSow"],"picked":"Analog","floor":6.0},{"not_picked":["Analog","Recurrance"],"picked":"HandsUpC","floor":7.0},{"not_picked":["TiringSlam","BiteCommand"],"picked":"Break","floor":11.0},{"not_picked":["Engulf","EscortCommand"],"picked":"LockedWhetstone","floor":14.0},{"not_picked":["LockedBell","Echonomics"],"picked":"Chronoelasticity","floor":16.0},{"not_picked":["Echoward","LockedMedicine"],"picked":"ReapSow+1","floor":18.0},{"not_picked":["Engulf","WindUp"],"picked":"DaylightSavings","floor":20.0},{"not_picked":["LockedScales","BiteCommand+1"],"picked":"LockedPlans","floor":22.0},{"not_picked":["WakeUpCall","VestedLegacy"],"picked":"LockedTurtyl","floor":24.0},{"not_picked":["HandsUpC","ReapSow"],"picked":"Tempo","floor":27.0},{"not_picked":["BiteCommand","Echoward+1","Facsimile"],"picked":"SKIP","floor":28.0},{"not_picked":["Parity","LockedFlame"],"picked":"Echonomics","floor":30.0},{"not_picked":["PrimeTime+1","ReapSow"],"picked":"ExoVibe+1","floor":31.0},{"not_picked":["OracleForm","LockedFlame"],"picked":"OverTime","floor":33.0},{"not_picked":["Tempo+1"],"picked":"SKIP","floor":35.0},{"not_picked":["LockedMedicine"],"picked":"SKIP","floor":36},{"not_picked":["Backlash"],"picked":"SKIP","floor":39},{"not_picked":["LockedTornado"],"picked":"SKIP","floor":42},{"not_picked":["WindUp+1"],"picked":"SKIP","floor":47},{"not_picked":["Engulf+1"],"picked":"SKIP","floor":48}],"player_experience":113599,"relics_obtained":[{"floor":9.0,"key":"Nunchaku"},{"floor":11.0,"key":"Gremlin Horn"},{"floor":24.0,"key":"Omamori"},{"floor":26.0,"key":"Du-Vu Doll"},{"floor":27.0,"key":"Anchor"},{"floor":29.0,"key":"Enchiridion"},{"floor":30.0,"key":"Letter Opener"},{"floor":43,"key":"MawBank"}],"event_choices":[{"damage_healed":0.0,"max_hp_gain":0.0,"max_hp_loss":0.0,"gold_gain":0.0,"cards_transformed":["Strike_Br"],"event_name":"Living Wall","player_choice":"Change","floor":5.0,"gold_loss":0.0,"damage_taken":0.0,"cards_obtained":["HandsUpC"]},{"damage_healed":0.0,"max_hp_gain":5.0,"max_hp_loss":0.0,"gold_gain":0.0,"event_name":"Big Fish","player_choice":"Donut","floor":13.0,"gold_loss":0.0,"damage_taken":0.0},{"damage_healed":0.0,"max_hp_gain":0.0,"max_hp_loss":0.0,"gold_gain":0.0,"event_name":"Lab","player_choice":"Got Potions","floor":19.0,"gold_loss":0.0,"damage_taken":0.0},{"cards_removed":["Strike_Br"],"damage_healed":0.0,"max_hp_gain":0.0,"max_hp_loss":0.0,"gold_gain":0.0,"event_name":"Purifier","player_choice":"Purged","floor":21.0,"gold_loss":0.0,"damage_taken":0.0},{"damage_healed":0.0,"max_hp_gain":0.0,"max_hp_loss":0.0,"gold_gain":0.0,"event_name":"Cursed Tome","player_choice":"Obtained Book","floor":29.0,"gold_loss":0.0,"damage_taken":16.0},{"damage_healed":0,"gold_gain":0,"player_choice":"Ignored","damage_taken":0,"max_hp_gain":0,"max_hp_loss":0,"event_name":"SecretPortal","floor":37,"gold_loss":0},{"damage_healed":0,"gold_gain":0,"player_choice":"Paid","damage_taken":0,"relics_obtained":["Red Mask"],"max_hp_gain":0,"max_hp_loss":0,"event_name":"Tomb of Lord Red Mask","floor":41,"gold_loss":91},{"cards_removed":["HandsUpC"],"damage_healed":0,"gold_gain":0,"player_choice":"Removed Attack","damage_taken":0,"max_hp_gain":0,"max_hp_loss":0,"event_name":"Falling","floor":44,"gold_loss":0},{"damage_healed":0,"gold_gain":0,"player_choice":"Embrace Madness","damage_taken":9,"max_hp_gain":0,"max_hp_loss":0,"event_name":"Winding Halls","floor":46,"gold_loss":0,"cards_obtained":["Madness","Madness"]}],"is_beta":false,"boss_relics":[{"not_picked":["Philosopher\u0027s Stone","SacredBark"],"picked":"Chronograph"},{"not_picked":["Velvet Choker","Pandora\u0027s Box"],"picked":"Busted Crown"}],"items_purged_floors":[31],"is_endless":false,"potions_floor_spawned":[1,3,11,20,22,24,27,30,35,36,42],"ascension_level":0}}