{"host":"2l5k2wp87eek7qja","time":1613492397,"event":{"mods":["BaseMod","Colored Map","Minty Spire (QoL Compilation)","Relic Stats"],"gold_per_floor":[113,127,127,142,53,86,86,86,86],"floor_reached":8,"language":"ENG","playtime":217,"items_purged":[],"score":112,"play_id":"82fbe7ed-673e-4289-90cf-a044d3d94760","local_time":"20210216181957","is_ascension_mode":true,"campfire_choices":[{"floor":7,"key":"REST"}],"circlet_count":0,"master_deck":["AscendersBane","Strike_G","Strike_G","Strike_G","Strike_G","Strike_G","Defend_G","Defend_G","Defend_G","Defend_G","Defend_G","Survivor","Neutralize","Quick Slash","Quick Slash+1","Caltrops","Predator"],"relics":["Ring of the Snake","NeowsBlessing","MealTicket"],"acts_visited":["Exordium"],"potions_floor_usage":[8],"damage_taken":[{"damage":0,"enemies":"Cultist","floor":1,"turns":1},{"damage":0,"enemies":"2 Louse","floor":2,"turns":1},{"damage":0,"enemies":"Jaw Worm","floor":4,"turns":1},{"damage":41,"enemies":"3 Sentries","floor":6,"turns":12},{"damage":39,"enemies":"Gremlin Nob","floor":8,"turns":4}],"seed_played":"4807633483731905325","potions_obtained":[{"floor":6,"key":"EssenceOfSteel"}],"is_trial":false,"path_per_floor":["M","M","?","M","$","E","R","E"],"character_chosen":"THE_SILENT","items_purchased":["Caltrops"],"campfire_rested":1,"item_purchase_floors":[5],"current_hp_per_floor":[59,59,59,59,59,18,37,0,0],"gold":86,"neow_bonus":"THREE_ENEMY_KILL","is_daily":false,"chose_seed":false,"campfire_upgraded":0,"win_rate":0.0,"timestamp":1613492397,"path_taken":["M","?","?","M","$","E","R","E"],"items_purchased_type":["Card"],"build_version":"2020-12-22","purchased_purges":0,"victory":false,"max_hp_per_floor":[66,66,66,66,66,66,66,66,66],"relic_stats":{"counters":[5,19],"MealTicket":0,"obtain_stats":[{"NeowsBlessing":0,"MealTicket":6,"Ring of the Snake":0},{"NeowsBlessing":0,"MealTicket":4,"Ring of the Snake":0},{"NeowsBlessing":0,"MealTicket":15,"Ring of the Snake":0}],"Ring of the Snake":[10]},"card_choices":[{"not_picked":["Dodge and Roll","Masterful Stab"],"picked":"Quick Slash","floor":1},{"not_picked":["Concentrate","Deflect"],"picked":"Quick Slash","floor":2},{"not_picked":["Outmaneuver","Distraction","Masterful Stab"],"picked":"SKIP","floor":4},{"not_picked":["Dagger Spray","Well Laid Plans"],"picked":"Predator","floor":6}],"player_experience":789686,"relics_obtained":[{"floor":6,"key":"MealTicket"}],"event_choices":[{"damage_healed":0,"gold_gain":0,"player_choice":"Upgraded","damage_taken":0,"max_hp_gain":0,"max_hp_loss":0,"event_name":"Upgrade Shrine","floor":3,"gold_loss":0,"cards_upgraded":["Quick Slash"]}],"is_beta":false,"boss_relics":[],"items_purged_floors":[],"is_endless":false,"potions_floor_spawned":[6],"killed_by":"Gremlin Nob","ascension_level":20}}