{"host":"czzthkrvfe6r7fjf","time":1613454403,"event":{"mods":["ATMod(∞¢Ë™Mod)","Act Like it!","BaseMod","Downfall","GungeonMod","Marisa£®ÏF”Í°°ƒß¿Ì…≥£©","Minty Spire (QoL Compilation)","Quick Restart","StSLib","The Servant 0.9.4","Waifu the Spire","°æπ¶ƒ‹Mod°øªÏ„Á÷Æª∑–ﬁ∏¥≤π∂°"],"gold_per_floor":[109,284,284,295,315,315,315,315,315,330,36,36,71,71,71,175,175,187,187,197,212,137,162,162,162,185,203,233,248,279,294,294,399,399,410,428,428,67,81,111,111,111,111,122,138,138,155,165,165,365],"floor_reached":51,"language":"ZHS","playtime":1143,"items_purged":["Strike_R","Bash"],"score":839,"play_id":"ce966d04-322e-4146-9812-c74869af3956","local_time":"20210216134643","is_ascension_mode":false,"campfire_choices":[{"data":"Fire Breathing","floor":6.0,"key":"SMITH"},{"data":"AT_BodySlamDance","floor":8.0,"key":"SMITH"},{"data":"Juggernaut","floor":12.0,"key":"SMITH"},{"data":"AT_Desolate","floor":15.0,"key":"SMITH"},{"data":"1","floor":32,"key":"LIFT"},{"data":"2","floor":41,"key":"LIFT"},{"data":"AT_EmpoweredMortalDraw","floor":46,"key":"SMITH"},{"data":"3","floor":49,"key":"LIFT"}],"circlet_count":0,"master_deck":["Defend_R","Defend_R","Defend_R","Defend_R","AT_Desolate+1","AT_BodySlamDance+1","Doubt","Fire Breathing+1","Headbutt","CurseOfTheBell","CurseOfTheBell","Juggernaut+1","Dark Embrace+1","AT_BodySlamDance","Burning Pact","Wild Strike+1","Slimebound:Tackle+1","Slimebound:Tackle+1","Slimebound:Tackle+1","Warcry+1","Corruption","AT_EmpoweredMortalDraw+1","AT_EmpoweredMortalDraw"],"relics":["Burning Blood","AT_ATBox","NeowsBlessing","CultistMask","downfall:ExtraCursedBell","Omamori","Mummified Hand","StoneCalendar","AT_RedNoBalance","DemoMod:GundromedaStrain","AT_ArchangelStaff","bronze:MakeshiftBattery","Girya","sneckomod:BabySnecko","Happy Flower","Darkstone Periapt","Lizard Tail","AT_MortalBlade","Bottled Flame","DemoMod:GlassGuonStoneRelic","AT_BellowingDragoncrestRing","AT_TheCollector"],"acts_visited":["Exordium","TheCity","TheBeyond"],"potions_floor_usage":[30,50,50],"damage_taken":[{"damage":0.0,"enemies":"Cultist","floor":1.0,"turns":1.0},{"damage":0.0,"enemies":"Small Slimes","floor":4.0,"turns":1.0},{"damage":0.0,"enemies":"Jaw Worm","floor":5.0,"turns":1.0},{"damage":5.0,"enemies":"Gremlin Gang","floor":10.0,"turns":3.0},{"damage":21.0,"enemies":"Gremlin Nob","floor":13.0,"turns":4.0},{"damage":47.0,"enemies":"The Guardian","floor":16.0,"turns":8.0},{"damage":5.0,"enemies":"2 Thieves","floor":18.0,"turns":2.0},{"damage":0.0,"enemies":"3 Byrds","floor":20.0,"turns":2.0},{"damage":5.0,"enemies":"Snake Plant","floor":21.0,"turns":3.0},{"damage":20.0,"enemies":"Slavers","floor":23.0,"turns":4.0},{"damage":0.0,"enemies":"3 Cultists","floor":27.0,"turns":3.0},{"damage":13.0,"enemies":"Book of Stabbing","floor":28.0,"turns":2.0},{"damage":0,"enemies":"Shelled Parasite and Fungi","floor":29,"turns":2},{"damage":0,"enemies":"Gremlin Leader","floor":30,"turns":2},{"damage":0,"enemies":"Centurion and Healer","floor":31,"turns":3},{"damage":19,"enemies":"Automaton","floor":33,"turns":4},{"damage":0,"enemies":"3 Darklings","floor":35,"turns":1},{"damage":4,"enemies":"Orb Walker","floor":36,"turns":2},{"damage":0,"enemies":"Jaw Worm Horde","floor":39,"turns":1},{"damage":3,"enemies":"Reptomancer","floor":40,"turns":2},{"damage":0,"enemies":"Sphere and 2 Shapes","floor":44,"turns":1},{"damage":0,"enemies":"4 Shapes","floor":45,"turns":1},{"damage":0,"enemies":"3 Darklings","floor":47,"turns":1},{"damage":0,"enemies":"Jaw Worm Horde","floor":48,"turns":1},{"damage":0,"enemies":"Donu and Deca","floor":50,"turns":2}],"seed_played":"-6749973735774773263","potions_obtained":[{"floor":1.0,"key":"Swift Potion"},{"floor":10.0,"key":"Regen Potion"},{"floor":16.0,"key":"SkillPotion"},{"floor":18.0,"key":"BloodPotion"},{"floor":23.0,"key":"HeartOfIron"},{"floor":31,"key":"BlessingOfTheForge"},{"floor":44,"key":"DistilledChaos"}],"is_trial":false,"path_per_floor":["M","?","?","M","M","R","?","R","T","M","$","R","E","?","R","B",null,"M","?","M","M","$","E","?","?","T","M","E","M","E","M","R","B",null,"M","M","?","$","M","E","R","?","T","M","M","R","M","M","R","B",null],"character_chosen":"IRONCLAD","items_purchased":["DemoMod:GundromedaStrain","Bottled Flame"],"campfire_rested":0,"item_purchase_floors":[11,38],"current_hp_per_floor":[80,80,80,80,80,80,85,85,85,43,43,43,27,27,27,13,85,43,43,49,50,50,36,36,36,36,42,35,41,47,53,53,40,85,85,85,85,85,85,85,85,75,75,81,85,85,85,85,85,85],"gold":365,"neow_bonus":"THREE_ENEMY_KILL","is_daily":false,"chose_seed":false,"campfire_upgraded":5,"win_rate":0.0,"timestamp":1613454403,"path_taken":["M","?","?","M","?","R","?","R","T","M","$","R","E","?","R","BOSS","M","?","?","M","$","E","?","?","T","M","E","M","E","M","R","BOSS","M","M","?","$","M","E","R","?","T","M","M","R","M","M","R","BOSS"],"items_purchased_type":["Relic","Relic"],"build_version":"2020-12-22","purchased_purges":2,"victory":true,"max_hp_per_floor":[80,80,80,80,80,80,85,85,85,85,85,85,85,85,85,85,85,85,85,85,85,85,85,85,85,85,85,85,85,85,85,85,85,85,85,85,85,85,85,85,85,85,85,85,85,85,85,85,85,85],"card_choices":[{"not_picked":["Headbutt","Iron Wave"],"picked":"AT_BodySlamDance","floor":1.0},{"not_picked":["Bloodletting","Spot Weakness"],"picked":"Fire Breathing","floor":4.0},{"not_picked":["Clash","Sword Boomerang"],"picked":"Headbutt","floor":5.0},{"not_picked":["Juggernaut","Pommel Strike","Rampage"],"picked":"SKIP","floor":10.0},{"not_picked":["Pommel Strike","Rampage"],"picked":"Juggernaut","floor":10.0},{"not_picked":["AT_BodySlamDance","Headbutt","Cleave"],"picked":"SKIP","floor":13.0},{"not_picked":["Cleave","Havoc"],"picked":"Dark Embrace+1","floor":18.0},{"not_picked":["Body Slam","Clash","Entrench"],"picked":"SKIP","floor":20.0},{"not_picked":["Berserk","AT_IchimonjiDouble+1"],"picked":"Burning Pact","floor":21.0},{"not_picked":["Thunderclap","Brutality"],"picked":"Wild Strike+1","floor":23.0},{"not_picked":["Flex","Iron Wave","Thunderclap+1"],"picked":"SKIP","floor":27.0},{"not_picked":["DemoMod:BlackBlade","AT_BodySlamDance","Armaments"],"picked":"SKIP","floor":28.0},{"not_picked":["Body Slam","Spot Weakness+1"],"picked":"Warcry+1","floor":29},{"not_picked":["Metallicize","Anger+1","Twin Strike"],"picked":"SKIP","floor":30},{"not_picked":["Anger","Cleave","Heavy Blade"],"picked":"SKIP","floor":31},{"not_picked":["Exhume","Double Tap"],"picked":"Corruption","floor":33},{"not_picked":["Shrug It Off","Clash","Intimidate"],"picked":"SKIP","floor":35},{"not_picked":["DemoMod:WhiteBlade","Pommel Strike+1","AT_DrawKnifeCut+1"],"picked":"SKIP","floor":36},{"not_picked":["Perfected Strike","Wild Strike+1","Pommel Strike+1"],"picked":"SKIP","floor":39},{"not_picked":["Immolate","Armaments+1","Rampage"],"picked":"SKIP","floor":40},{"not_picked":["Apotheosis","Jack Of All Trades"],"picked":"AT_EmpoweredMortalDraw","floor":42},{"not_picked":["Pommel Strike","Anger+1","Clothesline"],"picked":"SKIP","floor":44},{"not_picked":["Evolve","Armaments","AT_IchimonjiDouble+1"],"picked":"SKIP","floor":45},{"not_picked":["Armaments","Bludgeon","Thunderclap"],"picked":"SKIP","floor":47},{"not_picked":["Sword Boomerang","Havoc","Body Slam+1"],"picked":"SKIP","floor":48}],"player_experience":138176,"relics_obtained":[{"floor":7.0,"key":"Omamori"},{"floor":7.0,"key":"Mummified Hand"},{"floor":7.0,"key":"StoneCalendar"},{"floor":9.0,"key":"AT_SilverBalance"},{"floor":13.0,"key":"AT_ArchangelStaff"},{"floor":23.0,"key":"Girya"},{"floor":26.0,"key":"Happy Flower"},{"floor":28.0,"key":"Darkstone Periapt"},{"floor":30,"key":"Lizard Tail"},{"floor":40,"key":"AT_BellowingDragoncrestRing"},{"floor":43,"key":"AT_TheCollector"}],"event_choices":[{"damage_healed":0.0,"max_hp_gain":0.0,"max_hp_loss":0.0,"gold_gain":175.0,"event_name":"Liars Game","player_choice":"AGREE","floor":2.0,"gold_loss":0.0,"damage_taken":0.0,"cards_obtained":["Doubt"]},{"damage_healed":0.0,"max_hp_gain":0.0,"max_hp_loss":0.0,"gold_gain":0.0,"event_name":"FaceTrader","player_choice":"Trade","floor":3.0,"gold_loss":0.0,"damage_taken":0.0,"relics_obtained":["CultistMask"]},{"damage_healed":0.0,"max_hp_gain":0.0,"max_hp_loss":0.0,"gold_gain":0.0,"event_name":"Shining Light","player_choice":"Ignored","floor":14.0,"gold_loss":0.0,"damage_taken":0.0},{"damage_healed":0.0,"max_hp_gain":0.0,"max_hp_loss":0.0,"gold_gain":0.0,"cards_transformed":["Strike_R"],"event_name":"Transmorgrifier","player_choice":"Transformed","floor":19.0,"gold_loss":0.0,"damage_taken":0.0,"cards_obtained":["AT_BodySlamDance"]},{"damage_healed":0,"gold_gain":0,"player_choice":"Ignored","damage_taken":0,"max_hp_gain":0,"max_hp_loss":0,"event_name":"Tomb of Lord Red Mask","floor":37,"gold_loss":0},{"damage_healed":0,"gold_gain":0,"player_choice":"Memory 3","damage_taken":10,"max_hp_gain":0,"max_hp_loss":0,"event_name":"SensoryStone","floor":42,"gold_loss":0}],"is_beta":false,"boss_relics":[{"not_picked":["SacredBark","Sozu"],"picked":"bronze:MakeshiftBattery"},{"not_picked":["Runic Cube","Coffee Dripper"],"picked":"AT_MortalBlade"}],"items_purged_floors":[22,38],"is_endless":false,"potions_floor_spawned":[1,10,16,18,23,27,31,33,35,44,45,47],"ascension_level":0}}