{"host":"7yyoe0ei0fseceei","time":1613514877,"event":{"mods":["BaseMod","Colored Map","Highlight Path","Minty Spire (QoL Compilation)","Quick Restart"],"gold_per_floor":[117,132,146,159,173,205,205,233,256,256,283,300,300,95,95,95,95],"floor_reached":16,"language":"ENG","playtime":837,"items_purged":["Injury"],"score":220,"play_id":"1090edda-f33b-446f-a977-2be4971fda8b","local_time":"20210216233437","is_ascension_mode":true,"campfire_choices":[{"floor":7,"key":"REST"},{"floor":10,"key":"REST"},{"floor":15,"key":"REST"}],"circlet_count":0,"master_deck":["AscendersBane","Strike_P","Strike_P","Strike_P","Strike_P","Defend_P","Defend_P","Defend_P","Defend_P","Eruption","Vigilance","SandsOfTime","SandsOfTime","Halt","WheelKick","CrushJoints","EmptyMind","FlyingSleeves","Consecrate","FearNoEvil","CarveReality","FlyingSleeves"],"relics":["PureWater","Anchor","Art of War","Potion Belt","Nunchaku","Boot","Golden Idol"],"acts_visited":["Exordium"],"potions_floor_usage":[6,6,8],"damage_taken":[{"damage":0,"enemies":"Cultist","floor":1,"turns":4},{"damage":1,"enemies":"2 Louse","floor":2,"turns":2},{"damage":0,"enemies":"Jaw Worm","floor":3,"turns":4},{"damage":16,"enemies":"Lots of Slimes","floor":4,"turns":5},{"damage":3,"enemies":"Blue Slaver","floor":5,"turns":4},{"damage":15,"enemies":"3 Sentries","floor":6,"turns":4},{"damage":19,"enemies":"Gremlin Nob","floor":8,"turns":3},{"damage":27,"enemies":"3 Sentries","floor":11,"turns":8},{"damage":19,"enemies":"Gremlin Gang","floor":12,"turns":5},{"damage":21,"enemies":"The Guardian","floor":16,"turns":4}],"seed_played":"3293310115038783312","potions_obtained":[{"floor":2,"key":"PowerPotion"},{"floor":4,"key":"Explosive Potion"},{"floor":6,"key":"StancePotion"}],"is_trial":false,"path_per_floor":["M","M","M","M","M","E","R","E","T","R","E","M","?","$","R","B"],"character_chosen":"WATCHER","items_purchased":["CarveReality","FlyingSleeves"],"campfire_rested":3,"item_purchase_floors":[14,14],"current_hp_per_floor":[61,60,60,44,41,26,46,27,27,47,20,1,1,1,21,0,0],"gold":95,"neow_bonus":"RANDOM_COMMON_RELIC","is_daily":false,"chose_seed":false,"campfire_upgraded":0,"win_rate":0.0,"timestamp":1613514877,"path_taken":["M","M","M","?","M","E","R","E","T","R","E","M","?","?","R","BOSS"],"items_purchased_type":["Card","Card"],"build_version":"2020-12-22","purchased_purges":1,"victory":false,"max_hp_per_floor":[68,68,68,68,68,68,68,68,68,68,68,68,68,68,68,68,68],"card_choices":[{"not_picked":["Prostrate","Crescendo"],"picked":"SandsOfTime","floor":1},{"not_picked":["ThirdEye","Protect"],"picked":"SandsOfTime","floor":2},{"not_picked":["EmptyBody","Brilliance"],"picked":"Halt","floor":3},{"not_picked":["BowlingBash","Crescendo"],"picked":"WheelKick","floor":4},{"not_picked":["Weave","Prostrate"],"picked":"CrushJoints","floor":5},{"not_picked":["TalkToTheHand","Wallop"],"picked":"EmptyMind","floor":6},{"not_picked":["EmptyMind","Wireheading"],"picked":"FlyingSleeves","floor":8},{"not_picked":["Crescendo","Wireheading"],"picked":"Consecrate","floor":11},{"not_picked":["WaveOfTheHand","Devotion"],"picked":"FearNoEvil","floor":12}],"player_experience":930373,"relics_obtained":[{"floor":6,"key":"Art of War"},{"floor":8,"key":"Potion Belt"},{"floor":9,"key":"Nunchaku"},{"floor":11,"key":"Boot"}],"event_choices":[{"damage_healed":0,"gold_gain":0,"player_choice":"Take Wound","damage_taken":0,"relics_obtained":["Golden Idol"],"max_hp_gain":0,"max_hp_loss":0,"event_name":"Golden Idol","floor":13,"gold_loss":0,"cards_obtained":["Injury"]}],"is_beta":false,"boss_relics":[],"items_purged_floors":[14],"is_endless":false,"potions_floor_spawned":[2,4,5,6],"killed_by":"The Guardian","ascension_level":16}}