{"host":"0mk07bycsqo1qk03","time":1613513068,"event":{"mods":["BaseMod","Downfall","Hermit","Hubris","Minty Spire (QoL Compilation)","Reliquary","Replay The Spire","StSLib"],"gold_per_floor":[112,112,77,91,104,144,144,144,144,158,191,206,219,233,233,332,332,345,3,19,19,19,19,43,79,104,123,123,123,146,167,167,167,167],"floor_reached":33,"language":"ENG","playtime":1466,"items_purged":[],"score":533,"play_id":"d04141fa-c06f-432d-89c4-6671449951fa","local_time":"20210216230428","is_ascension_mode":true,"campfire_choices":[{"floor":7,"key":"REST"},{"floor":15,"key":"REST"},{"floor":23,"key":"REST"},{"floor":32,"key":"REST"}],"circlet_count":0,"master_deck":["AscendersBane","Noxious Fumes+1","Strike_G","Strike_G","Strike_G","Defend_G","Defend_G","Defend_G","Defend_G","Survivor","Neutralize","Poisoned Stab","Deflect","Bane","Malaise","Backflip+1","Escape Plan","Glass Knife","Dodge and Roll","Dagger Throw","PiercingWail","Replay:Bag of Tricks","Backflip+1","Envenom+1","Catalyst+1","PiercingWail+1","Catalyst","Prepared+1","Replay:Poison Smokescreen","Draining Mist","Deflect","PiercingWail"],"relics":["Ring of the Snake","Golden Idol","InkBottle","reliquary:IridiumChain","Odd Mushroom","Astrolabe","CaptainsWheel","reliquary:PartyBalloon","Strawberry","hubris:GlazedTorus"],"acts_visited":["Exordium","TheCity"],"potions_floor_usage":[4,6,10,13,33],"damage_taken":[{"damage":5,"enemies":"Small Slimes","floor":1,"turns":4},{"damage":2,"enemies":"Jaw Worm","floor":4,"turns":5},{"damage":2,"enemies":"Cultist","floor":5,"turns":4},{"damage":18,"enemies":"3 Sentries","floor":6,"turns":6},{"damage":0,"enemies":"Looter","floor":10,"turns":4},{"damage":19,"enemies":"The Mushroom Lair","floor":11,"turns":6},{"damage":11,"enemies":"Lots of Slimes","floor":12,"turns":5},{"damage":0,"enemies":"3 Louse","floor":13,"turns":2},{"damage":8,"enemies":"Exordium Thugs","floor":14,"turns":9},{"damage":24,"enemies":"The Guardian","floor":16,"turns":9},{"damage":16,"enemies":"Spheric Guardian","floor":18,"turns":6},{"damage":5,"enemies":"3 Byrds","floor":20,"turns":5},{"damage":6,"enemies":"Snake Plant","floor":24,"turns":7},{"damage":15,"enemies":"Gremlin Leader","floor":25,"turns":9},{"damage":0,"enemies":"Cultist and Chosen","floor":27,"turns":7},{"damage":29,"enemies":"Centurion and Healer","floor":30,"turns":9},{"damage":0,"enemies":"Shelled Parasite and Fungi","floor":31,"turns":7},{"damage":58,"enemies":"Automaton","floor":33,"turns":6}],"seed_played":"-7792116464452887676","potions_obtained":[{"floor":1,"key":"EntropicBrew"},{"floor":12,"key":"Explosive Potion"},{"floor":20,"key":"sneckomod:MuddlingPotion"},{"floor":25,"key":"SpeedPotion"},{"floor":31,"key":"SkillPotion"}],"is_trial":false,"path_per_floor":["M","?","?","M","M","E","R","?","T","M","?","M","M","M","R","B",null,"M","$","M","?","?","R","M","E","T","M","$","?","M","M","R","B"],"character_chosen":"THE_SILENT","items_purchased":["CaptainsWheel"],"campfire_rested":4,"item_purchase_floors":[19],"current_hp_per_floor":[54,31,47,45,43,25,44,44,44,44,25,14,14,6,25,1,50,34,34,29,29,29,48,42,27,34,34,34,34,5,5,26,0,0],"gold":167,"neow_bonus":"RANDOM_EVENT","is_daily":false,"chose_seed":false,"campfire_upgraded":0,"win_rate":0.0,"timestamp":1613513068,"path_taken":["M","?","?","M","M","E","R","?","T","M","?","M","M","M","R","BOSS","M","$","M","?","?","R","M","E","T","M","?","?","?","M","R","BOSS"],"items_purchased_type":["Relic"],"build_version":"2020-12-22","purchased_purges":0,"victory":false,"max_hp_per_floor":[66,66,66,66,66,66,66,66,66,66,66,66,66,66,66,66,66,66,66,66,66,66,66,66,66,73,73,73,73,73,73,73,73,73],"card_choices":[{"not_picked":["Accuracy","hubris:Sniper"],"picked":"Deflect","floor":1},{"not_picked":["Slice","Well Laid Plans"],"picked":"Bane","floor":4},{"not_picked":["hubris:SlightOfHand","Cloak And Dagger"],"picked":"Malaise","floor":5},{"not_picked":["Endless Agony","Deflect"],"picked":"Backflip","floor":6},{"not_picked":["Expertise","Slice"],"picked":"Escape Plan","floor":10},{"not_picked":["Sucker Punch","Acrobatics"],"picked":"Glass Knife","floor":11},{"not_picked":["Eviscerate","Calculated Gamble"],"picked":"Dodge and Roll","floor":12},{"not_picked":["Flying Knee","Bane"],"picked":"Dagger Throw","floor":13},{"not_picked":["Acrobatics","Endless Agony"],"picked":"PiercingWail","floor":14},{"not_picked":["Glass Knife","Tools of the Trade"],"picked":"Replay:Bag of Tricks","floor":16},{"not_picked":["Quick Slash","Dagger Spray","Bouncing Flask"],"picked":"SKIP","floor":18},{"not_picked":["Caltrops","Slice"],"picked":"PiercingWail+1","floor":20},{"not_picked":["Unload","hubris:SlightOfHand"],"picked":"Prepared+1","floor":24},{"not_picked":["Dodge and Roll","ReplayTheSpireMod:Exploit Weakness+1"],"picked":"Replay:Poison Smokescreen","floor":25},{"not_picked":["Crippling Poison","Dagger Throw"],"picked":"Draining Mist","floor":27},{"not_picked":["Blade Dance+1","Flying Knee"],"picked":"Deflect","floor":30},{"not_picked":["Poisoned Stab","ReplayTheSpireMod:Speed Training"],"picked":"PiercingWail","floor":31}],"player_experience":1045644,"relics_obtained":[{"floor":6,"key":"InkBottle"},{"floor":9,"key":"reliquary:IridiumChain"},{"floor":11,"key":"Odd Mushroom"},{"floor":25,"key":"reliquary:PartyBalloon"},{"floor":26,"key":"Strawberry"}],"event_choices":[{"damage_healed":0,"gold_gain":0,"player_choice":"Take Damage","damage_taken":23,"relics_obtained":["Golden Idol"],"max_hp_gain":0,"max_hp_loss":0,"event_name":"Golden Idol","floor":2,"gold_loss":0},{"damage_healed":16,"gold_gain":0,"player_choice":"Healed","damage_taken":0,"max_hp_gain":0,"max_hp_loss":0,"event_name":"The Cleric","floor":3,"gold_loss":35},{"damage_healed":0,"gold_gain":0,"player_choice":"Fought Mushrooms","damage_taken":0,"max_hp_gain":0,"max_hp_loss":0,"event_name":"Mushrooms","floor":11,"gold_loss":0},{"damage_healed":0,"gold_gain":0,"player_choice":"Gave Potion","damage_taken":0,"relics_obtained":["hubris:GlazedTorus"],"max_hp_gain":0,"max_hp_loss":0,"event_name":"WeMeetAgain","floor":29,"gold_loss":0}],"is_beta":false,"boss_relics":[{"not_picked":["hubris:CrackedHourglass","HoveringKite"],"picked":"Astrolabe"}],"items_purged_floors":[],"is_endless":false,"potions_floor_spawned":[1,4,5,12,20,25,27,31],"killed_by":"Automaton","ascension_level":16}}