{"host":"e3zuhorjxi9w14q4","time":1613507892,"event":{"mods":["AchievementEnabler","Aspiration","BaseMod","Defuse TimeMaze Blight","Downfall","Energized Spire","GifTheSpireLib","Hubris","Infinite Spire","Jorbs\u0027s Wanderer Trilogy","Minty Spire (QoL Compilation)","Reliquary","Replay The Spire","Spicy Shops","Spikes Relics","StSLib","Stuff the Spire","The Bug Knight","The Marked","The Poker Player","The Servant 0.9.4"],"gold_per_floor":[99,109,124,138,138,138,156,172,197,197,197,231,250,88,88,106,122,122,122],"floor_reached":18,"language":"ENG","playtime":1446,"items_purged":[],"score":116,"play_id":"ef0c0689-ba41-4975-856f-239ab6f97098","local_time":"20210216213812","is_ascension_mode":false,"campfire_choices":[{"floor":1.0,"key":"DIG"},{"data":"HollowMod:FocusHealStart","floor":11,"key":"SMITH"},{"data":"HollowMod:CycloneSlash","floor":15,"key":"SMITH"}],"circlet_count":0,"master_deck":["HollowMod:NailStrikeStart","HollowMod:NailStrikeStart","HollowMod:NailStrikeStart","HollowMod:NailStrikeStart","HollowMod:QuickDashStart","HollowMod:QuickDashStart","HollowMod:QuickDashStart","HollowMod:QuickDashStart","HollowMod:FocusHealStart+1","HollowMod:PogoStrike","HollowMod:SoulStrike","HollowMod:Grubsong+1","HollowMod:DungDefenderAura+1","HollowMod:CornifersMapStart","HollowMod:CloakDash","HollowMod:CycloneSlash+1","HollowMod:CornifersMapStart","HollowMod:InfectedAttack","HollowMod:SoulShaman"],"relics":["HollowMod:VesselMask","SnailShell","hubris:OldNail","Boot","Guide Book"],"acts_visited":["Exordium"],"potions_floor_usage":[18,18,18,18],"damage_taken":[{"damage":0.0,"enemies":"2 Louse","floor":2.0,"turns":3.0},{"damage":10.0,"enemies":"infinitespire:Voidling","floor":3.0,"turns":4.0},{"damage":0.0,"enemies":"Jaw Worm","floor":4.0,"turns":5.0},{"damage":16.0,"enemies":"Gremlin Gang","floor":7.0,"turns":8.0},{"damage":0.0,"enemies":"Red Slaver","floor":8.0,"turns":4.0},{"damage":76,"enemies":"Lagavulin","floor":12,"turns":12},{"damage":1,"enemies":"2 Fungi Beasts","floor":13,"turns":5},{"damage":0,"enemies":"downfall:FleeingMerchant","floor":14,"turns":4},{"damage":18,"enemies":"Exordium Thugs","floor":16,"turns":6},{"damage":8,"enemies":"downfall:LooterAlt","floor":17,"turns":4},{"damage":59,"enemies":"DF_ARCHETYPE_STREAMLINE","floor":18,"turns":12}],"seed_played":"1032357365191418564","potions_obtained":[{"floor":0.0,"key":"Swift Potion"},{"floor":0.0,"key":"Death Potion"},{"floor":0.0,"key":"Milkshake"},{"floor":3.0,"key":"PowerPotion"},{"floor":4.0,"key":"EntropicBrew"},{"floor":13,"key":"FearPotion"},{"floor":16,"key":"Regen Potion"}],"is_trial":false,"path_per_floor":["R","M","M","M","PTL","PTL","M","M","T","?","R","E","M","$","R","M","M","B"],"character_chosen":"THE_BUGKNIGHT","items_purchased":["Guide Book"],"campfire_rested":0,"item_purchase_floors":[14],"current_hp_per_floor":[75,75,73,75,75,75,69,69,69,69,69,5,16,26,26,20,22,0,0],"gold":122,"neow_bonus":"THREE_SMALL_POTIONS","is_daily":false,"chose_seed":false,"campfire_upgraded":2,"win_rate":0.0,"timestamp":1613507892,"path_taken":["R","M","M","M","PTL","PTL","M","M","T","?","R","E","M","$","R","M","M","BOSS"],"items_purchased_type":["Relic"],"build_version":"2020-12-22","purchased_purges":0,"victory":false,"max_hp_per_floor":[75,75,75,75,75,75,75,75,75,75,75,75,75,75,75,75,75,75,75],"card_choices":[{"not_picked":["HollowMod:MawleksShell","HollowMod:SoulSplash"],"picked":"HollowMod:SoulStrike","floor":2.0},{"not_picked":["HollowMod:SiblingsSouls","HollowMod:SoulVessel"],"picked":"HollowMod:Grubsong","floor":3.0},{"not_picked":["HollowMod:MidwifesHunger","HollowMod:ShadowDash"],"picked":"HollowMod:DungDefenderAura","floor":4.0},{"not_picked":["HollowMod:NewJinnsSoul","HollowMod:TaintedHusks"],"picked":"HollowMod:CornifersMapStart","floor":7.0},{"not_picked":["HollowMod:WraithStrike","HollowMod:VengefulVoid","HollowMod:SiblingsSouls"],"picked":"SKIP","floor":8.0},{"not_picked":["HollowMod:SoulMaster","HollowMod:TaintedHusks"],"picked":"HollowMod:CloakDash","floor":12},{"not_picked":["HollowMod:VengefulVoid","HollowMod:InfectionAssault"],"picked":"HollowMod:CycloneSlash","floor":13},{"not_picked":["HollowMod:HeavyBlow","HollowMod:FallenFury"],"picked":"HollowMod:CornifersMapStart","floor":14},{"not_picked":["HollowMod:CycloneSlash","HollowMod:SiblingsSouls"],"picked":"HollowMod:InfectedAttack","floor":16},{"not_picked":["HollowMod:WraithStrike","HollowMod:InfectionAssault"],"picked":"HollowMod:SoulShaman","floor":17}],"player_experience":311426,"relics_obtained":[{"floor":1.0,"key":"SnailShell"},{"floor":9.0,"key":"hubris:OldNail"},{"floor":12,"key":"Boot"}],"event_choices":[{"damage_healed":0,"gold_gain":0,"player_choice":"Leave","damage_taken":0,"max_hp_gain":0,"max_hp_loss":0,"event_name":"FaceTrader","floor":10,"gold_loss":0}],"is_beta":false,"boss_relics":[],"items_purged_floors":[],"is_endless":false,"potions_floor_spawned":[2,3,4,13,16],"killed_by":"DF_ARCHETYPE_STREAMLINE","ascension_level":0}}