{"host":"qhbbxt9nia1s4hz5","time":1613507928,"event":{"mods":["2.2 Compatiblity","Act Like it!","AlwaysNeverKeys","BaseMod","Better Altar","Better Note","Better Sensory Stone","Better Skull","Better Third Choice","Better Vampires","BetterRewards","Block Reminder","Booster Modes","Colored Map","Colored Powertips","Displayed Cursed Tome","Emptier Cage","Energized Spire","Faster Ascension Climbing","Friendly Minions","Gensokyo","GifTheSpireLib","Gold Saver","Infinite Spire","Minty Spire (QoL Compilation)","Permanent Neow","Rare Cards Sparkle","Relic Filter","Reliquary","Replay The Spire","Ruina","Shapeshifter Mod","Shop Mod","StSLib","Td1madao Mod"],"gold_per_floor":[692,515,532,532,545,545,475,506,506,366,366,366,366,366,366,380,380,477,477,489,507,407,407,423,423,443,443,443,177,193,204,204,204,204,301,301,314,314,314,330,31,31,57,76,76,114,114,114,114],"floor_reached":48,"language":"ENG","playtime":3480,"items_purged":["StSShapeShifter:ShapeShifter_Defend","StSShapeShifter:ShapeShifter_Defend","StSShapeShifter:ShapeShifter_Strike","StSShapeShifter:ShapeShifter_Defend","StSShapeShifter:ShapeShifter_Strike","StSShapeShifter:ShapeShifter_Defend+1","StSShapeShifter:Flood+1"],"score":431,"play_id":"760c09a9-8aab-484e-88cb-3283d1df54fc","local_time":"20210216223848","is_ascension_mode":false,"campfire_choices":[{"data":"StSShapeShifter:Lynx_Form","floor":6,"key":"SMITH"},{"floor":11,"key":"REST"},{"data":"StSShapeShifter:Flood","floor":14,"key":"SMITH"},{"data":"StSShapeShifter:MysticalSeed","floor":17,"key":"SMITH"},{"data":"StSShapeShifter:Sapling","floor":25,"key":"SMITH"},{"data":"StSShapeShifter:GoldenBerries","floor":32,"key":"SMITH"},{"data":"StSShapeShifter:RockSlide","floor":34,"key":"SMITH"},{"data":"StSShapeShifter:Roar","floor":42,"key":"SMITH"},{"data":"StSShapeShifter:Consume","floor":47,"key":"SMITH"}],"circlet_count":0,"master_deck":["StSShapeShifter:Tortoise_Form+1","StSShapeShifter:Lynx_Form+1","StSShapeShifter:ShiftingStrike+1","StSShapeShifter:AdaptiveStrikes","StSShapeShifter:RockSlide+1","StSShapeShifter:Sapling+1","StSShapeShifter:MysticalSeed+1","StSShapeShifter:Earthquake+1","StSShapeShifter:GoldenBerries+1","StSShapeShifter:FallingLeaves+1","StSShapeShifter:Pounce+1","StSShapeShifter:SquirrelForm","StSShapeShifter:BurstingSpore+1","infinitespire:Gouge+1","StSShapeShifter:Earthquake+1","StSShapeShifter:HydraForm+1","StSShapeShifter:Roar+1","StSShapeShifter:Consume+1","StSShapeShifter:HippoForm+1"],"relics":["StSShapeShifter:AnimalHeart","StSShapeShifter:TheShapeShiftersMagnolia","Membership Card","Anchor","reliquary:Stiletto","infinitespire:Broken Mirror","Replay:Wax Seal","Nunchaku","Molten Egg 2","infinitespire:Joker Card","StSShapeShifter:LemurHeaddress","Toolbox","Centennial Puzzle","Orichalcum","MerchantsRug","Sozu","Guide Book","TungstenRod","FossilizedHelix","Letter Opener","infinitespire:FocusingShard","Oddly Smooth Stone","reliquary:RosewoodLute","Replay:Bandana","Strawberry"],"acts_visited":["Gensokyo:Gensokyo","ruina:Briah","Gensokyo:Gensokyoest"],"potions_floor_usage":[18,30,30,30,35,35,43],"damage_taken":[{"damage":0,"enemies":"Gensokyo:Gryphon","floor":1,"turns":2},{"damage":0,"enemies":"Gensokyo:Python","floor":3,"turns":2},{"damage":0,"enemies":"Gensokyo:3_Fairies","floor":5,"turns":2},{"damage":14,"enemies":"Gensokyo:Mamizou","floor":8,"turns":7},{"damage":0,"enemies":"Gensokyo:Gryphon_and_Rabbit","floor":16,"turns":2},{"damage":38,"enemies":"Gensokyo:Kokoro","floor":18,"turns":7},{"damage":0,"enemies":"ruina:Nosferatu","floor":20,"turns":2},{"damage":0,"enemies":"ruina:3_Bats","floor":21,"turns":1},{"damage":0,"enemies":"ruina:3_Scarecrows","floor":24,"turns":1},{"damage":0,"enemies":"ruina:KnightOfDespair","floor":26,"turns":2},{"damage":0,"enemies":"ruina:QueenOfHate","floor":30,"turns":3},{"damage":0,"enemies":"ruina:Nos_and_Bat","floor":31,"turns":2},{"damage":1,"enemies":"ruina:Ozma","floor":35,"turns":4},{"damage":0,"enemies":"Gensokyo:3_Bats","floor":37,"turns":1},{"damage":0,"enemies":"Gensokyo:3_Boulders","floor":40,"turns":2},{"damage":10,"enemies":"Gensokyo:Doremy","floor":43,"turns":4},{"damage":0,"enemies":"Gensokyo:AtlasGolem","floor":44,"turns":3}],"seed_played":"8860842041490005672","potions_obtained":[{"floor":16,"key":"Regen Potion"},{"floor":18,"key":"Ancient Potion"},{"floor":20,"key":"Block Potion"},{"floor":24,"key":"Dexterity Potion"},{"floor":26,"key":"EntropicBrew"},{"floor":35,"key":"Death Potion"}],"is_trial":false,"path_per_floor":["M","$","M","?","M","R","?","E","T","?","R","PTL","PTL","R","?","M","R","B",null,"M","M","?","AVR","M","R","M","?","T","$","M","M","R","?","R","B",null,"M","?","AVR","M","$","R","E","M","T","?","R","?"],"character_chosen":"SHAPESHIFTER","items_purchased":["Membership Card","Anchor","StSShapeShifter:ShiftingStrike","StSShapeShifter:AdaptiveStrikes","reliquary:Stiletto","infinitespire:Broken Mirror","StSShapeShifter:RockSlide","Replay:Wax Seal","Lee\u0027s Waffle","Orichalcum","StSShapeShifter:DruidicMedallion","MerchantsRug","TungstenRod","FossilizedHelix"],"campfire_rested":1,"item_purchase_floors":[0,0,0,0,0,0,0,2,2,29,29,29,41,41],"current_hp_per_floor":[78,85,85,51,51,51,51,37,37,37,62,62,62,62,67,67,67,44,85,85,85,85,85,85,85,85,65,65,65,68,71,71,71,71,79,85,85,85,85,85,85,85,79,85,85,85,85,0,0],"gold":114,"neow_bonus":"","is_daily":false,"chose_seed":false,"campfire_upgraded":8,"win_rate":0.0,"timestamp":1613507928,"path_taken":["M","$","M","?","M","R","?","E","T","?","R","PTL","PTL","R","?","M","R","BOSS","M","?","?","AVR","M","R","M","?","T","?","M","?","R","?","R","BOSS","M","?","AVR","M","$","R","E","M","T","?","R","?"],"items_purchased_type":["Relic","Relic","Card","Card","Relic","Relic","Card","Relic","Relic","Relic","Relic","Relic","Relic","Relic"],"build_version":"2020-12-22","purchased_purges":7,"victory":false,"max_hp_per_floor":[78,85,85,85,85,85,85,85,85,85,85,85,85,85,85,85,85,85,85,85,85,85,85,85,85,85,85,85,85,85,85,85,85,85,85,85,85,85,85,85,85,85,85,85,85,85,85,92,92],"card_choices":[{"not_picked":["StSShapeShifter:BurstingSpore","StSShapeShifter:Maul"],"picked":"StSShapeShifter:Sapling","floor":1},{"not_picked":["StSShapeShifter:Wildfire2","StSShapeShifter:Rest","StSShapeShifter:DeepWound"],"picked":"SKIP","floor":3},{"not_picked":["StSShapeShifter:FesteringBite","StSShapeShifter:BloomingSlash"],"picked":"StSShapeShifter:MysticalSeed","floor":5},{"not_picked":["StSShapeShifter:OpportuneSwoop","StSShapeShifter:LeapingSlash"],"picked":"StSShapeShifter:Flood","floor":8},{"not_picked":["StSShapeShifter:RaptorForm","StSShapeShifter:ThornToss+1","StSShapeShifter:VileMushroom"],"picked":"SKIP","floor":16},{"not_picked":["StSShapeShifter:Forgiveness","StSShapeShifter:Blossom2"],"picked":"StSShapeShifter:Earthquake+1","floor":18},{"not_picked":["StSShapeShifter:Wildfire2","StSShapeShifter:Consume"],"picked":"StSShapeShifter:GoldenBerries","floor":20},{"not_picked":["StSShapeShifter:BaskInBloom+1","StSShapeShifter:VileMushroom+1"],"picked":"StSShapeShifter:FallingLeaves+1","floor":21},{"not_picked":["StSShapeShifter:RitualOfTheExtinct+1","StSShapeShifter:Spring"],"picked":"StSShapeShifter:Pounce+1","floor":22},{"not_picked":["StSShapeShifter:Efflorescence","StSShapeShifter:VineHandcuffs"],"picked":"StSShapeShifter:SquirrelForm","floor":24},{"not_picked":["StSShapeShifter:Guard","StSShapeShifter:Maul+1"],"picked":"StSShapeShifter:BurstingSpore+1","floor":26},{"not_picked":["infinitespire:UltimateForm","ReplayTheSpireMod:??????????????????????"],"picked":"infinitespire:Gouge","floor":27},{"not_picked":["StSShapeShifter:FesteringBite+1","StSShapeShifter:BurstingSpore+1","StSShapeShifter:FruitBasket"],"picked":"SKIP","floor":30},{"not_picked":["StSShapeShifter:Sapling","StSShapeShifter:VineHandcuffs"],"picked":"StSShapeShifter:Earthquake+1","floor":31},{"not_picked":["StSShapeShifter:LionForm","StSShapeShifter:Earthquake+1"],"picked":"StSShapeShifter:HydraForm","floor":35},{"not_picked":["StSShapeShifter:Rest+1","StSShapeShifter:ShiftingStrike+1"],"picked":"StSShapeShifter:Roar","floor":37},{"not_picked":["StSShapeShifter:Synchronicity","StSShapeShifter:SunflowerShuriken+1","StSShapeShifter:IntimidatingAura+1"],"picked":"SKIP","floor":40},{"not_picked":["StSShapeShifter:VileMushroom+1","StSShapeShifter:BurstingSpore+1"],"picked":"StSShapeShifter:Consume","floor":43},{"not_picked":["StSShapeShifter:ThornedSkin+1","StSShapeShifter:RockSlide+1"],"picked":"StSShapeShifter:HippoForm+1","floor":44}],"player_experience":876460,"relics_obtained":[{"floor":8,"key":"Nunchaku"},{"floor":9,"key":"Molten Egg 2"},{"floor":28,"key":"Centennial Puzzle"},{"floor":43,"key":"Letter Opener"},{"floor":45,"key":"infinitespire:FocusingShard"}],"event_choices":[{"damage_healed":5,"gold_gain":0,"player_choice":"LEAVE ","damage_taken":0,"relics_obtained":[],"max_hp_gain":0,"max_hp_loss":0,"event_name":"betterSkull:BetterSkull","floor":15,"gold_loss":0,"cards_upgraded":[]}],"is_beta":false,"boss_relics":[{"not_picked":["Replay:Drink Me","Snecko Eye"],"picked":"StSShapeShifter:LemurHeaddress"},{"not_picked":["reliquary:RedPaperclip","Astrolabe"],"picked":"Sozu"}],"items_purged_floors":[0,0,0,2,23,29,39],"is_endless":false,"potions_floor_spawned":[16,18,20,24,26,35,37,44],"ascension_level":0}}