{"host":"a6ztjasp7lxlo10n","time":1613459606,"event":{"mods":["Act Like it!","BaseMod","Colored Map","Marisa£®ÏF”Í°°ƒß¿Ì…≥£©","Minty Spire (QoL Compilation)","Quick Restart","StSLib","SuperFastMode"],"gold_per_floor":[111,125,125,143,157,188,188,221,221,221,242,275,275,293,293,414,414,434,434,434,58,73,107,107,140,152,164,176,233,245,273,285,416,428,459,804,842,217,217,217,237,271,348,103,124,152,0,35,35,35],"floor_reached":51,"language":"ZHS","playtime":3480,"items_purged":["Strike_R","Strike_R"],"score":1159,"play_id":"8319f2ed-82c0-4baf-950e-09d1200bd4cc","local_time":"20210216151326","is_ascension_mode":true,"campfire_choices":[{"data":"Armaments","floor":7.0,"key":"SMITH"},{"data":"True Grit","floor":10.0,"key":"SMITH"},{"data":"Corruption","floor":15.0,"key":"SMITH"},{"data":"Limit Break","floor":24.0,"key":"SMITH"},{"floor":27.0,"key":"DIG"},{"floor":30.0,"key":"DIG"},{"floor":32.0,"key":"DIG"},{"floor":40.0,"key":"DIG"},{"floor":49.0,"key":"DIG"}],"circlet_count":0,"master_deck":["Strike_R","Defend_R","Defend_R","Defend_R+1","Defend_R+1","Bash","Corruption+1","Hemokinesis","Metallicize","Armaments+1","True Grit+1","Pommel Strike","Feed+1","Limit Break+1","Rupture","Impervious","Sword Boomerang+1","Reaper","Whirlwind+1","Second Wind","Inflame","Ghostly","Ghostly","Ghostly","Ghostly","Ghostly","Power Through+1","Metallicize","Parasite","Metallicize"],"relics":["Burning Blood","War Paint","Shovel","Charon\u0027s Ashes","Bird Faced Urn","SlaversCollar","Sling","Art of War","MawBank","CeramicFish","WingedGreaves","Whetstone","Boot","Sozu","PreservedInsect","Strange Spoon","Letter Opener","Akabeko","Bottled Lightning","Shuriken","Chemical X","Toy Ornithopter","Red Mask","Blue Candle","Happy Flower"],"acts_visited":["Exordium","TheCity","TheBeyond"],"potions_floor_usage":[],"damage_taken":[{"damage":3.0,"enemies":"Small Slimes","floor":1.0,"turns":4.0},{"damage":9.0,"enemies":"Jaw Worm","floor":2.0,"turns":4.0},{"damage":8.0,"enemies":"2 Louse","floor":4.0,"turns":4.0},{"damage":4.0,"enemies":"Large Slime","floor":5.0,"turns":5.0},{"damage":10.0,"enemies":"3 Sentries","floor":6.0,"turns":9.0},{"damage":9.0,"enemies":"Lagavulin","floor":8.0,"turns":7.0},{"damage":11.0,"enemies":"Exordium Thugs","floor":11.0,"turns":5.0},{"damage":17.0,"enemies":"Gremlin Nob","floor":12.0,"turns":4.0},{"damage":1.0,"enemies":"Blue Slaver","floor":14.0,"turns":4.0},{"damage":39.0,"enemies":"The Guardian","floor":16.0,"turns":8.0},{"damage":4.0,"enemies":"Spheric Guardian","floor":18.0,"turns":5.0},{"damage":27.0,"enemies":"Shell Parasite","floor":22.0,"turns":6.0},{"damage":35.0,"enemies":"Gremlin Leader","floor":23.0,"turns":7.0},{"damage":36.0,"enemies":"Book of Stabbing","floor":25.0,"turns":6.0},{"damage":3.0,"enemies":"Snake Plant","floor":31.0,"turns":6.0},{"damage":10.0,"enemies":"Collector","floor":33.0,"turns":8.0},{"damage":9.0,"enemies":"3 Shapes","floor":35.0,"turns":5.0},{"damage":19.0,"enemies":"3 Darklings","floor":37.0,"turns":7.0},{"damage":21.0,"enemies":"4 Shapes","floor":41.0,"turns":6.0},{"damage":3.0,"enemies":"Reptomancer","floor":42.0,"turns":7.0},{"damage":6.0,"enemies":"Writhing Mass","floor":45.0,"turns":9.0},{"damage":22.0,"enemies":"Giant Head","floor":46.0,"turns":9.0},{"damage":0.0,"enemies":"Reptomancer","floor":48.0,"turns":4.0},{"damage":41,"enemies":"Awakened One","floor":50,"turns":13}],"seed_played":"6232887474489154839","potions_obtained":[{"floor":1.0,"key":"AttackPotion"},{"floor":5.0,"key":"Dexterity Potion"},{"floor":6.0,"key":"PowerPotion"},{"floor":8.0,"key":"SmokeBomb"},{"floor":14.0,"key":"EssenceOfSteel"},{"floor":23.0,"key":"SpeedPotion"},{"floor":25.0,"key":"EntropicBrew"}],"is_trial":false,"path_per_floor":["M","M","?","M","M","E","R","E","T","R","M","E","?","M","R","B",null,"M","?","?","$","M","E","R","E","T","R","?","?","R","M","R","B",null,"M","?","M","$","?","R","M","E","T","$","M","E","?","E","R","B",null],"character_chosen":"IRONCLAD","items_purchased":["Reaper","Sling","Whirlwind","PreservedInsect","Strange Spoon","Letter Opener","Chemical X"],"campfire_rested":0,"item_purchase_floors":[21,21,21,38,38,38,44],"current_hp_per_floor":[75,72,72,70,72,68,68,65,65,65,60,49,42,51,51,24,62,70,70,70,70,57,34,34,10,10,10,10,10,10,21,21,31,36,35,35,38,38,38,38,28,42,42,42,42,32,32,42,42,30],"gold":35,"neow_bonus":"ONE_RANDOM_RARE_CARD","is_daily":false,"chose_seed":false,"campfire_upgraded":4,"win_rate":0.0,"timestamp":1613459606,"path_taken":["M","M","?","M","M","E","R","E","T","R","M","E","?","M","R","BOSS","M","?","?","$","?","E","R","E","T","R","?","?","R","M","R","BOSS","M","?","M","$","?","R","M","E","T","$","M","E","?","E","R","BOSS"],"items_purchased_type":["Card","Relic","Card","Relic","Relic","Relic","Relic"],"build_version":"2020-12-22","purchased_purges":2,"victory":true,"max_hp_per_floor":[80,80,74,74,74,74,74,74,74,74,74,74,74,74,74,74,74,74,74,74,74,77,77,77,77,77,77,77,38,38,38,38,38,38,38,38,38,38,38,38,42,42,42,42,42,42,42,42,42,42],"card_choices":[{"not_picked":["Entrench","Blood for Blood","Havoc"],"picked":"SKIP","floor":1.0},{"not_picked":["Clash","Fire Breathing"],"picked":"Hemokinesis","floor":2.0},{"not_picked":["Fire Breathing","Iron Wave"],"picked":"Metallicize","floor":4.0},{"not_picked":["Seeing Red","Flex"],"picked":"Armaments","floor":5.0},{"not_picked":["Infernal Blade","Anger"],"picked":"True Grit","floor":6.0},{"not_picked":["Whirlwind","Hemokinesis"],"picked":"Pommel Strike","floor":8.0},{"not_picked":["Clash","Body Slam"],"picked":"Feed","floor":11.0},{"not_picked":["Pommel Strike","Bloodletting"],"picked":"Limit Break","floor":12.0},{"not_picked":["Bloodletting","Clash"],"picked":"Rupture","floor":14.0},{"not_picked":["Exhume","Demon Form"],"picked":"Impervious","floor":16.0},{"not_picked":["Flex","Clothesline"],"picked":"Sword Boomerang+1","floor":18.0},{"not_picked":["Spot Weakness","Carnage"],"picked":"Second Wind","floor":22.0},{"not_picked":["Dual Wield+1","Pommel Strike+1"],"picked":"Inflame","floor":23.0},{"not_picked":["Pommel Strike","Evolve","Cleave+1"],"picked":"SKIP","floor":25.0},{"not_picked":["Wild Strike","Spot Weakness","Headbutt+1"],"picked":"SKIP","floor":31.0},{"not_picked":["Cleave","Whirlwind+1","Pommel Strike+1"],"picked":"SKIP","floor":35.0},{"not_picked":["Hemokinesis","Shockwave"],"picked":"Power Through+1","floor":37.0},{"not_picked":["Blood for Blood+1","Pommel Strike+1"],"picked":"Metallicize","floor":41.0},{"not_picked":["Bloodletting","Cleave","Berserk"],"picked":"SKIP","floor":42.0},{"not_picked":["Body Slam+1","Flex+1","Wild Strike"],"picked":"SKIP","floor":45.0},{"not_picked":["Body Slam","Pummel","Evolve"],"picked":"SKIP","floor":46.0},{"not_picked":["Rage","Iron Wave"],"picked":"Metallicize","floor":48.0}],"player_experience":330062,"relics_obtained":[{"floor":6.0,"key":"War Paint"},{"floor":8.0,"key":"Shovel"},{"floor":9.0,"key":"Charon\u0027s Ashes"},{"floor":12.0,"key":"Bird Faced Urn"},{"floor":23.0,"key":"Art of War"},{"floor":25.0,"key":"MawBank"},{"floor":26.0,"key":"CeramicFish"},{"floor":27.0,"key":"WingedGreaves"},{"floor":30.0,"key":"Whetstone"},{"floor":32.0,"key":"Boot"},{"floor":40.0,"key":"Akabeko"},{"floor":42.0,"key":"Bottled Lightning"},{"floor":43.0,"key":"Shuriken"},{"floor":46.0,"key":"Toy Ornithopter"},{"floor":48.0,"key":"Blue Candle"},{"floor":49.0,"key":"Happy Flower"}],"event_choices":[{"damage_healed":0.0,"max_hp_gain":0.0,"max_hp_loss":6.0,"gold_gain":0.0,"event_name":"Golden Idol","player_choice":"Lose Max HP","floor":3.0,"gold_loss":0.0,"damage_taken":0.0,"relics_obtained":["Golden Idol"]},{"cards_removed":["Strike_R"],"damage_healed":0.0,"max_hp_gain":0.0,"max_hp_loss":0.0,"gold_gain":0.0,"event_name":"Golden Wing","player_choice":"Card Removal","floor":13.0,"gold_loss":0.0,"damage_taken":7.0},{"damage_healed":0.0,"max_hp_gain":0.0,"max_hp_loss":0.0,"gold_gain":0.0,"event_name":"The Mausoleum","player_choice":"Ignored","floor":19.0,"gold_loss":0.0,"damage_taken":0.0},{"cards_removed":["Strike_R"],"damage_healed":0.0,"max_hp_gain":0.0,"max_hp_loss":0.0,"gold_gain":0.0,"event_name":"Purifier","player_choice":"Purged","floor":20.0,"gold_loss":0.0,"damage_taken":0.0},{"damage_healed":0.0,"max_hp_gain":0.0,"max_hp_loss":0.0,"gold_gain":0.0,"event_name":"Vampires","player_choice":"Ignored","floor":28.0,"gold_loss":0.0,"damage_taken":0.0},{"damage_healed":0.0,"max_hp_gain":0.0,"max_hp_loss":39.0,"gold_gain":0.0,"event_name":"Ghosts","player_choice":"Became a Ghost","floor":29.0,"gold_loss":0.0,"damage_taken":0.0,"cards_obtained":["Ghostly","Ghostly","Ghostly","Ghostly","Ghostly"]},{"damage_healed":0.0,"max_hp_gain":0.0,"max_hp_loss":0.0,"gold_gain":333.0,"event_name":"The Moai Head","player_choice":"Gave Idol","floor":36.0,"relics_lost":["Golden Idol"],"gold_loss":0.0,"damage_taken":0.0},{"damage_healed":0.0,"max_hp_gain":0.0,"max_hp_loss":0.0,"gold_gain":0.0,"event_name":"SensoryStone","player_choice":"Memory 1","floor":39.0,"gold_loss":0.0,"damage_taken":0.0},{"damage_healed":0.0,"max_hp_gain":0.0,"max_hp_loss":0.0,"gold_gain":0.0,"event_name":"Tomb of Lord Red Mask","player_choice":"Paid","floor":47.0,"gold_loss":152.0,"damage_taken":0.0,"relics_obtained":["Red Mask"]}],"is_beta":false,"boss_relics":[{"not_picked":["SacredBark","Tiny House"],"picked":"SlaversCollar"},{"not_picked":["Runic Cube","Black Star"],"picked":"Sozu"}],"items_purged_floors":[38,44],"is_endless":false,"potions_floor_spawned":[1,5,6,8,14,23,25,45,46],"ascension_level":7}}