{"host":"g0zlq7spi0ykrc8e","time":1613467982,"event":{"mods":["BaseMod","Colored Powertips","Friendly Minions","Kiyohime（清姬）","Minty Spire (QoL Compilation)","Nova Terra(诺娃・泰拉)","Quick Restart","Remilia（蕾米莉亚）","StSLib","UnlockEverythingMod","WarShipGirlsR/战舰少女R mod"],"gold_per_floor":[110,110,180,27,43,70,70,101,101,112,149,149,184,243,243,349,349,369,380,355,414,425,464,21,21,45,57,75,93,132,7,7,112,112,122,181,195,215,229,258,272,303,303,303,344,344,446,478,478,478,478,478,311,345,345],"floor_reached":56,"language":"ZHS","playtime":3571,"items_purged":["Strike_RM","Defend_RM","Defend_RM","Enlightenment"],"score":2028,"play_id":"edbdaa3e-5777-44b0-becf-d284260e053d","local_time":"20210216173302","is_ascension_mode":true,"campfire_choices":[{"data":"TwelveNightmare","floor":7.0,"key":"SMITH"},{"data":"QueenOfMidnight","floor":12.0,"key":"SMITH"},{"data":"ScarletNetherworld","floor":15.0,"key":"SMITH"},{"data":"FitfulNightmare","floor":25,"key":"SMITH"},{"data":"Maim","floor":32,"key":"SMITH"},{"data":"ScarletDream","floor":44,"key":"SMITH"},{"floor":46,"key":"RECALL"},{"data":"ScarletGensokyo","floor":49,"key":"SMITH"},{"data":"HellCatastrophe","floor":52,"key":"SMITH"}],"circlet_count":0,"master_deck":["AscendersBane","Strike_RM","Strike_RM","Defend_RM","Defend_RM","RedMoon","ScarletShoot","ChainGang","FitfulNightmare+1","TwelveNightmare+1","HellCatastrophe+1","ScarletGensokyo+1","BloodyTrap","ScarletNetherworld+1","QueenOfMidnight+1","StarOfDavid","Parasite","ScarletMeister","DiffusionOfMisfortune+1","MillenniumVampire","ScarletDream+1","Maim+1","EquivalentExchange+1","MastersStateliness+1"],"relics":["ScarletHat","SsserpentHead","Lizard Tail","StrikeDummy","TungstenRod","CeramicFish","Bird Faced Urn","APieceOfRedMist","Matryoshka","AntiCross","Juzu Bracelet","Meat on the Bone","Anchor","Mummified Hand","SlaversCollar","Dream Catcher","Frozen Egg 2","InkBottle","Ancient Tea Set","Ginger","Boot","Letter Opener"],"acts_visited":["Exordium","TheCity","TheBeyond","TheEnding"],"potions_floor_usage":[16,22,23,30,30,33,42,48,55],"damage_taken":[{"damage":0.0,"enemies":"Small Slimes","floor":1.0,"turns":3.0},{"damage":0.0,"enemies":"Cultist","floor":3.0,"turns":3.0},{"damage":0.0,"enemies":"2 Louse","floor":5.0,"turns":1.0},{"damage":7.0,"enemies":"Lagavulin","floor":6.0,"turns":9.0},{"damage":12.0,"enemies":"Gremlin Nob","floor":8.0,"turns":5.0},{"damage":2.0,"enemies":"Large Slime","floor":10.0,"turns":7.0},{"damage":18.0,"enemies":"Lagavulin","floor":11.0,"turns":7.0},{"damage":55.0,"enemies":"Gremlin Nob","floor":13.0,"turns":7.0},{"damage":101,"enemies":"The Guardian","floor":16,"turns":11},{"damage":24,"enemies":"2 Thieves","floor":18,"turns":4},{"damage":9,"enemies":"Spheric Guardian","floor":19,"turns":4},{"damage":27,"enemies":"Snake Plant","floor":22,"turns":4},{"damage":32,"enemies":"Slavers","floor":23,"turns":4},{"damage":6,"enemies":"Snecko","floor":27,"turns":3},{"damage":0,"enemies":"3 Cultists","floor":28,"turns":2},{"damage":14,"enemies":"Sentry and Sphere","floor":29,"turns":4},{"damage":33,"enemies":"Gremlin Leader","floor":30,"turns":5},{"damage":8,"enemies":"Champ","floor":33,"turns":5},{"damage":0,"enemies":"Orb Walker","floor":35,"turns":2},{"damage":13,"enemies":"3 Shapes","floor":37,"turns":4},{"damage":47,"enemies":"Transient","floor":38,"turns":5},{"damage":10,"enemies":"Jaw Worm Horde","floor":39,"turns":3},{"damage":16,"enemies":"Nemesis","floor":40,"turns":5},{"damage":46,"enemies":"Writhing Mass","floor":41,"turns":5},{"damage":0,"enemies":"Reptomancer","floor":42,"turns":3},{"damage":31,"enemies":"Nemesis","floor":45,"turns":5},{"damage":15,"enemies":"2 Orb Walkers","floor":47,"turns":2},{"damage":0,"enemies":"Giant Head","floor":48,"turns":4},{"damage":8,"enemies":"Time Eater","floor":50,"turns":6},{"damage":36,"enemies":"Shield and Spear","floor":54,"turns":4},{"damage":68,"enemies":"The Heart","floor":55,"turns":5}],"seed_played":"-4171994830921121565","potions_obtained":[{"floor":5.0,"key":"Weak Potion"},{"floor":6.0,"key":"Block Potion"},{"floor":8.0,"key":"Block Potion"},{"floor":11.0,"key":"Explosive Potion"},{"floor":16,"key":"SneckoOil"},{"floor":18,"key":"ColorlessPotion"},{"floor":22,"key":"Dexterity Potion"},{"floor":28,"key":"SteroidPotion"},{"floor":29,"key":"Regen Potion"},{"floor":38,"key":"DuplicationPotion"},{"floor":39,"key":"Block Potion"},{"floor":40,"key":"Energy Potion"},{"floor":47,"key":"Swift Potion"}],"is_trial":false,"path_per_floor":["M","?","M","$","M","E","R","E","T","M","E","R","E","?","R","B",null,"M","M","?","?","M","E","$","R","T","M","M","M","E","$","R","B",null,"M","?","M","M","M","E","M","E","T","R","E","R","?","E","R","B",null,"R","$","E","B",null],"character_chosen":"REMILIA","items_purchased":["TwelveNightmare","AntiCross","Juzu Bracelet","MastersStateliness+1"],"campfire_rested":0,"item_purchase_floors":[4,24,24,53],"current_hp_per_floor":[75,75,77,77,77,78,78,68,68,66,54,54,13,33,33,82,82,68,74,74,74,70,49,49,49,49,64,81,72,82,82,82,82,82,82,82,74,82,81,79,64,74,74,74,73,73,82,85,85,85,85,85,85,71,85],"gold":345,"neow_bonus":"TEN_PERCENT_HP_BONUS","is_daily":false,"chose_seed":false,"campfire_upgraded":8,"win_rate":0.0,"timestamp":1613467982,"path_taken":["M","?","?","$","M","E","R","E","T","M","E","R","E","?","R","BOSS","M","M","?","?","M","E","?","R","T","M","M","M","E","$","R","BOSS","M","?","M","M","M","E","M","E","T","R","E","R","?","E","R","BOSS","R","$","E","BOSS"],"items_purchased_type":["Card","Relic","Relic","Card"],"build_version":"2020-12-22","purchased_purges":4,"victory":true,"max_hp_per_floor":[82,82,82,82,82,82,82,82,82,82,82,82,82,82,82,82,82,82,82,82,82,82,82,82,82,82,82,82,82,82,82,82,82,82,82,82,82,82,82,82,85,85,85,85,85,85,85,85,85,85,85,85,85,85,85],"card_choices":[{"not_picked":["CharismaGuard","ReincarnationDial"],"picked":"ChainGang","floor":1.0},{"not_picked":["EndlessAdversity","BlasphemousPunishment"],"picked":"FitfulNightmare","floor":3.0},{"not_picked":["EndlessAdversity","ScarletDevil"],"picked":"HellCatastrophe","floor":5.0},{"not_picked":["ScarletImprint","BlasphemousPunishment"],"picked":"ScarletGensokyo","floor":6.0},{"not_picked":["BloodyMagicSquare","BlasphemousPunishment"],"picked":"BloodyTrap","floor":8.0},{"not_picked":["DiffusionOfMisfortune","UnstableMagic"],"picked":"ScarletNetherworld","floor":10.0},{"not_picked":["Maim","NightDance"],"picked":"QueenOfMidnight","floor":11.0},{"not_picked":["DevilSight","GlobalNightmare"],"picked":"StarOfDavid","floor":13.0},{"not_picked":["QueenOfMidnight","ChaoticDestiny"],"picked":"ScarletMeister","floor":16},{"not_picked":["EndlessAdversity","TwelveNightmare"],"picked":"DiffusionOfMisfortune+1","floor":18},{"not_picked":["ScarletDevil","UnstableMagic+1","DiffusionOfMisfortune"],"picked":"SKIP","floor":19},{"not_picked":["BombardNight","RedRainbow","HunterOfTheNight"],"picked":"SKIP","floor":22},{"not_picked":["FavorOfDestiny+1","UltimateOffering"],"picked":"ScarletDream","floor":23},{"not_picked":["TwelveNightmare","UnderTheZenith","ForbiddenFruit+1"],"picked":"SKIP","floor":27},{"not_picked":["RedRainbow","NightLord","FavorOfDestiny"],"picked":"SKIP","floor":28},{"not_picked":["ScarletNetherworld","BloodHunter+1","CharismaGuard"],"picked":"SKIP","floor":29},{"not_picked":["AfternoonTea","RedMagic"],"picked":"Maim","floor":30},{"not_picked":["ScarletGensokyo+1","BombardNight","StarOfDavid"],"picked":"SKIP","floor":35},{"not_picked":["Good Instincts","Chrysalis"],"picked":"Enlightenment","floor":36},{"not_picked":["DevilSight","VampireFantasy+1","DiffusionOfMisfortune+1"],"picked":"SKIP","floor":37},{"not_picked":["BombardNight","VampireKiss+1","TwelveNightmare+1"],"picked":"SKIP","floor":38},{"not_picked":["ScarletDevil","NightDance","UnstableMagic"],"picked":"SKIP","floor":39},{"not_picked":["RedRainbow","NightDance+1","BlasphemousPunishment"],"picked":"SKIP","floor":40},{"not_picked":["BombardNight+1","ScarletGensokyo","DemonKingCradle"],"picked":"SKIP","floor":41},{"not_picked":["VampireKiss+1","BombardNight+1","BlasphemousPunishment"],"picked":"SKIP","floor":42},{"not_picked":["CharismaGuard+1","FavorOfDestiny+1"],"picked":"EquivalentExchange+1","floor":45},{"not_picked":["BloodHunter+1","LeisurelyOfLord+1","EndlessAdversity"],"picked":"SKIP","floor":48},{"not_picked":["BlasphemousPunishment+1","VampireFantasy","Stigmanizer"],"picked":"SKIP","floor":54}],"player_experience":143013,"relics_obtained":[{"floor":6.0,"key":"Lizard Tail"},{"floor":8.0,"key":"StrikeDummy"},{"floor":9.0,"key":"TungstenRod"},{"floor":11.0,"key":"CeramicFish"},{"floor":13.0,"key":"Bird Faced Urn"},{"floor":23,"key":"Matryoshka"},{"floor":26,"key":"Meat on the Bone"},{"floor":26,"key":"Anchor"},{"floor":30,"key":"Mummified Hand"},{"floor":40,"key":"Dream Catcher"},{"floor":42,"key":"Frozen Egg 2"},{"floor":43,"key":"InkBottle"},{"floor":45,"key":"Ancient Tea Set"},{"floor":47,"key":"Ginger"},{"floor":48,"key":"Boot"},{"floor":54,"key":"Letter Opener"}],"event_choices":[{"damage_healed":0.0,"max_hp_gain":0.0,"max_hp_loss":0.0,"gold_gain":0.0,"event_name":"FaceTrader","player_choice":"Trade","floor":2.0,"gold_loss":0.0,"damage_taken":0.0,"relics_obtained":["SsserpentHead"]},{"damage_healed":20.0,"max_hp_gain":0.0,"max_hp_loss":0.0,"gold_gain":0.0,"event_name":"Mushrooms","player_choice":"Healed and dodged fight","floor":14.0,"gold_loss":0.0,"damage_taken":0.0,"cards_obtained":["Parasite"]},{"cards_removed":["Strike_RM"],"damage_healed":0,"gold_gain":0,"player_choice":"Gave Gold","damage_taken":0,"max_hp_gain":0,"max_hp_loss":0,"event_name":"Beggar","floor":20,"gold_loss":75},{"damage_healed":0,"gold_gain":0,"player_choice":"Read","damage_taken":0,"max_hp_gain":0,"max_hp_loss":0,"event_name":"The Library","floor":21,"gold_loss":0,"cards_obtained":["MillenniumVampire"]},{"damage_healed":0,"gold_gain":0,"player_choice":"Memory 1","damage_taken":0,"max_hp_gain":0,"max_hp_loss":0,"event_name":"SensoryStone","floor":36,"gold_loss":0},{"damage_healed":0,"gold_gain":0,"player_choice":"Fight","damage_taken":0,"max_hp_gain":0,"max_hp_loss":0,"event_name":"Mysterious Sphere","floor":47,"gold_loss":0}],"is_beta":false,"boss_relics":[{"not_picked":["Fusion Hammer","Runic Pyramid"],"picked":"APieceOfRedMist"},{"not_picked":["Cursed Key","Tiny House"],"picked":"SlaversCollar"}],"items_purged_floors":[4,24,31,53],"is_endless":false,"potions_floor_spawned":[5,6,8,11,16,18,22,28,29,38,39,40,41,47],"ascension_level":10}}