{"host":"jksq986fwerfio60","time":1613449973,"event":{"mods":["BaseMod","Colored Map","Colored Powertips","Downfall","Hermit","Jorbs\u0027s Wanderer Trilogy","Marisa¡]Ãú«B¡@Å]²z¨F¡^","Minty Spire (QoL Compilation)","Replay The Spire","Shop Mod","StSLib","The Construct","UnlockEverythingMod"],"gold_per_floor":[99,118,136,136,147,147,147,197,270,270,270,156,169,169,185,335,348,348,348],"floor_reached":18,"language":"ZHS","playtime":582,"items_purged":["hermit:Strike_Hermit"],"score":102,"play_id":"3c55c53a-5189-4241-8b46-2f58e57fc792","local_time":"20210216123253","is_ascension_mode":false,"campfire_choices":[{"data":"hermit:Snapshot","floor":1,"key":"SMITH"},{"data":"hermit:Snipe","floor":11,"key":"SMITH"},{"data":"hermit:Covet","floor":14,"key":"SMITH"}],"circlet_count":0,"master_deck":["hermit:Strike_Hermit","hermit:Strike_Hermit+1","hermit:Defend_Hermit","hermit:Defend_Hermit","hermit:Defend_Hermit","hermit:Snapshot+1","hermit:Covet+1","hermit:Vantage","hermit:Snipe+1","hermit:Ricochet","hermit:Headshot+1","hermit:ItchyTrigger+1","hermit:Quickdraw+1","downfall:Icky","hermit:Dive"],"relics":["hermit:Momento","Boot","Molten Egg 2"],"acts_visited":["Exordium"],"potions_floor_usage":[15,18,18,18],"damage_taken":[{"damage":0,"enemies":"2 Louse","floor":2,"turns":2},{"damage":0,"enemies":"Small Slimes","floor":3,"turns":3},{"damage":0,"enemies":"Jaw Worm","floor":5,"turns":3},{"damage":0,"enemies":"downfall:FleeingMerchant","floor":12,"turns":4},{"damage":7,"enemies":"Blue Slaver","floor":13,"turns":3},{"damage":7,"enemies":"Exordium Wildlife","floor":15,"turns":3},{"damage":7,"enemies":"Large Slime","floor":17,"turns":3},{"damage":25,"enemies":"DF_ARCHETYPE_STREAMLINE","floor":18,"turns":4}],"seed_played":"-2843364362837552264","potions_obtained":[{"floor":3,"key":"Fire Potion"},{"floor":5,"key":"GamblersBrew"},{"floor":8,"key":"Dexterity Potion"},{"floor":13,"key":"champ:CounterPotion"},{"floor":17,"key":"hermit:BlackBile"}],"is_trial":false,"path_per_floor":["R_BF","M","M","?","M","PTL","PTL","?","T","?","R","$","M","R","M","?","M","B"],"character_chosen":"HERMIT","items_purchased":["hermit:ItchyTrigger+1"],"campfire_rested":0,"item_purchase_floors":[12],"current_hp_per_floor":[75,75,75,75,75,75,75,45,45,45,45,45,38,38,31,31,24,0,0],"gold":348,"neow_bonus":"REMOVE_CARD","is_daily":false,"chose_seed":false,"campfire_upgraded":3,"win_rate":0.0,"timestamp":1613449973,"path_taken":["R_BF","M","M","?","M","PTL","PTL","?","T","?","R","?","?","R","M","?","M","BOSS"],"items_purchased_type":["Card"],"build_version":"2020-12-22","purchased_purges":1,"victory":false,"max_hp_per_floor":[75,75,75,75,75,75,75,75,75,75,75,75,75,75,75,75,75,75,75],"card_choices":[{"not_picked":["hermit:Roulette","hermit:Grudge"],"picked":"hermit:Vantage","floor":2},{"not_picked":["hermit:Grudge","hermit:LowProfile"],"picked":"hermit:Snipe","floor":3},{"not_picked":["hermit:Vantage","hermit:WideOpen"],"picked":"hermit:Ricochet","floor":5},{"not_picked":["hermit:ItchyTrigger+1","hermit:Cheat"],"picked":"hermit:Headshot+1","floor":12},{"not_picked":["hermit:Desperado+1","hermit:GhostlyPresence","hermit:LuckOfTheDraw"],"picked":"SKIP","floor":13},{"not_picked":["hermit:PistolWhip+1","hermit:SprayPray+1"],"picked":"hermit:Quickdraw+1","floor":15},{"not_picked":["hermit:Snipe","hermit:Glare"],"picked":"hermit:Dive","floor":17}],"player_experience":40277,"relics_obtained":[{"floor":8,"key":"Boot"},{"floor":9,"key":"Molten Egg 2"}],"event_choices":[{"cards_removed":["hermit:Strike_Hermit"],"damage_healed":0,"gold_gain":0,"player_choice":"Card Removal","damage_taken":0,"max_hp_gain":0,"max_hp_loss":0,"event_name":"The Cleric","floor":10,"gold_loss":0}],"is_beta":false,"boss_relics":[],"items_purged_floors":[12],"is_endless":false,"potions_floor_spawned":[3,5,13,17],"killed_by":"DF_ARCHETYPE_STREAMLINE","ascension_level":0}}