{"host":"aapp7ew3jk5k1bvd","time":1613446771,"event":{"mods":["AchievementEnabler","BaseMod","Colored Map","Custom Start","Keyboard Shortcuts","Minty Spire (QoL Compilation)","Permanent Neow","Quick Restart","StSLib","SuperFastMode"],"gold_per_floor":[114,132,9,25,25,56,56,91,136,171,171,187,187,204,204,300,350,368,338,338,338,238,238,258,258,258,86,114,114,213,229,229,229,229],"floor_reached":33,"language":"KOR","playtime":1291,"items_purged":["Strike_G","Strike_G","Strike_G"],"score":322,"play_id":"c33559fc-294f-425e-ba5e-4ab39e004611","local_time":"20210216123931","is_ascension_mode":true,"campfire_choices":[{"floor":7.0,"key":"REST"},{"floor":11.0,"key":"REST"},{"floor":15.0,"key":"REST"},{"floor":23.0,"key":"DIG"},{"floor":25.0,"key":"DIG"},{"floor":29,"key":"DIG"},{"floor":32,"key":"DIG"}],"circlet_count":0,"master_deck":["Strike_G+1","Defend_G+1","Defend_G+1","Defend_G","Defend_G","Defend_G","Survivor","Neutralize","PiercingWail","Blade Dance","Infinite Blades","Blade Dance","Blur","Footwork","Adrenaline","Dodge and Roll","Cloak And Dagger","Cloak And Dagger","Blade Dance+1"],"relics":["Ring of the Snake","War Paint","Pantograph","Ancient Tea Set","Art of War","Snake Skull","Shovel","MealTicket","Tiny House","Paper Crane","Mango","Molten Egg 2","Boot","Bag of Preparation","InkBottle"],"acts_visited":["Exordium","TheCity"],"potions_floor_usage":[28,28],"damage_taken":[{"damage":0.0,"enemies":"2 Louse","floor":1.0,"turns":4.0},{"damage":0.0,"enemies":"Jaw Worm","floor":2.0,"turns":4.0},{"damage":0.0,"enemies":"Small Slimes","floor":4.0,"turns":3.0},{"damage":21.0,"enemies":"Lagavulin","floor":6.0,"turns":12.0},{"damage":12.0,"enemies":"3 Sentries","floor":8.0,"turns":11.0},{"damage":39.0,"enemies":"Lagavulin","floor":10.0,"turns":12.0},{"damage":5.0,"enemies":"2 Fungi Beasts","floor":12.0,"turns":4.0},{"damage":13.0,"enemies":"Gremlin Gang","floor":14.0,"turns":4.0},{"damage":22.0,"enemies":"The Guardian","floor":16.0,"turns":22.0},{"damage":0.0,"enemies":"Shell Parasite","floor":18.0,"turns":8.0},{"damage":5.0,"enemies":"2 Thieves","floor":19.0,"turns":5.0},{"damage":4.0,"enemies":"Snake Plant","floor":24.0,"turns":11.0},{"damage":24,"enemies":"Book of Stabbing","floor":28,"turns":9},{"damage":4,"enemies":"Sentry and Sphere","floor":31,"turns":7},{"damage":86,"enemies":"Automaton","floor":33,"turns":18}],"seed_played":"8356000062865405396","potions_obtained":[{"floor":6.0,"key":"LiquidBronze"},{"floor":8.0,"key":"EssenceOfSteel"},{"floor":14.0,"key":"SteroidPotion"},{"floor":17.0,"key":"Explosive Potion"},{"floor":31,"key":"LiquidMemories"}],"is_trial":false,"path_per_floor":["M","M","$","M","?","E","R","E","T","E","R","M","?","M","R","B",null,"M","M","?","?","$","R","M","R","T","$","E","R","?","M","R","B"],"character_chosen":"THE_SILENT","items_purchased":["Blade Dance","Cloak And Dagger"],"campfire_rested":3,"item_purchase_floors":[3,27],"current_hp_per_floor":[70,70,70,70,58,37,58,46,46,7,28,23,23,10,31,34,75,75,70,56,56,71,71,67,81,81,94,70,70,70,66,66,5,5],"gold":229,"neow_bonus":"RANDOM_COMMON_RELIC","is_daily":false,"chose_seed":false,"campfire_upgraded":0,"win_rate":0.0,"timestamp":1613446771,"path_taken":["M","M","$","M","?","E","R","E","T","E","R","M","?","M","R","BOSS","M","M","?","?","$","R","M","R","T","$","E","R","?","M","R","BOSS"],"items_purchased_type":["Card","Card"],"build_version":"2020-12-22","purchased_purges":3,"victory":false,"max_hp_per_floor":[70,70,70,70,70,70,70,70,70,70,70,70,70,70,70,70,75,75,75,80,80,80,80,80,94,94,94,94,94,94,94,94,94,94],"card_choices":[{"not_picked":["Deflect","Heel Hook","Acrobatics"],"picked":"SKIP","floor":1.0},{"not_picked":["Eviscerate","Outmaneuver"],"picked":"PiercingWail","floor":2.0},{"not_picked":["Heel Hook","Backflip"],"picked":"Infinite Blades","floor":4.0},{"not_picked":["Quick Slash","Flechettes","Flying Knee"],"picked":"SKIP","floor":6.0},{"not_picked":["Flechettes","Underhanded Strike","Bane"],"picked":"SKIP","floor":8.0},{"not_picked":["Dagger Throw","Acrobatics"],"picked":"Blade Dance","floor":10.0},{"not_picked":["Deadly Poison","Heel Hook"],"picked":"Blur","floor":12.0},{"not_picked":["Bane","Caltrops"],"picked":"Footwork","floor":14.0},{"not_picked":["Doppelganger","Burst"],"picked":"Adrenaline","floor":16.0},{"not_picked":["Infinite Blades","Masterful Stab"],"picked":"Dodge and Roll","floor":17.0},{"not_picked":["Leg Sweep","Deadly Poison","Flying Knee"],"picked":"SKIP","floor":18.0},{"not_picked":["Slice","Backstab+1"],"picked":"Cloak And Dagger","floor":19.0},{"not_picked":["Calculated Gamble","Flying Knee","Expertise"],"picked":"SKIP","floor":24.0},{"not_picked":["Acrobatics","Underhanded Strike+1"],"picked":"Blade Dance+1","floor":28},{"not_picked":["Backflip","Terror","Blade Dance"],"picked":"SKIP","floor":31}],"player_experience":1005891,"relics_obtained":[{"floor":6.0,"key":"Ancient Tea Set"},{"floor":8.0,"key":"Art of War"},{"floor":9.0,"key":"Snake Skull"},{"floor":10.0,"key":"Shovel"},{"floor":23.0,"key":"Paper Crane"},{"floor":25.0,"key":"Mango"},{"floor":26.0,"key":"Molten Egg 2"},{"floor":28,"key":"Boot"},{"floor":29,"key":"Bag of Preparation"},{"floor":32,"key":"InkBottle"}],"event_choices":[{"damage_healed":0.0,"max_hp_gain":0.0,"max_hp_loss":0.0,"gold_gain":0.0,"event_name":"Scrap Ooze","player_choice":"Success","floor":5.0,"gold_loss":0.0,"damage_taken":12.0,"relics_obtained":["Pantograph"]},{"damage_healed":0.0,"max_hp_gain":0.0,"max_hp_loss":0.0,"gold_gain":0.0,"event_name":"Dead Adventurer","player_choice":"Searched \u00272\u0027 times","floor":13.0,"gold_loss":0.0,"damage_taken":0.0,"relics_obtained":["MealTicket"]},{"damage_healed":0.0,"max_hp_gain":5.0,"max_hp_loss":0.0,"gold_gain":0.0,"event_name":"Forgotten Altar","player_choice":"Shed Blood","floor":20.0,"gold_loss":0.0,"damage_taken":19.0},{"cards_removed":["Strike_G"],"damage_healed":0.0,"max_hp_gain":0.0,"max_hp_loss":0.0,"gold_gain":0.0,"event_name":"Back to Basics","player_choice":"Elegance","floor":21.0,"gold_loss":0.0,"damage_taken":0.0},{"damage_healed":0,"gold_gain":99,"player_choice":"Stole From Cult","damage_taken":0,"max_hp_gain":0,"max_hp_loss":0,"event_name":"Nest","floor":30,"gold_loss":0}],"is_beta":false,"boss_relics":[{"not_picked":["SlaversCollar","Runic Dome"],"picked":"Tiny House"}],"items_purged_floors":[3,22,27],"is_endless":false,"potions_floor_spawned":[6,8,14,24,31],"killed_by":"Automaton","ascension_level":1}}