{"host":"94qggqh0xz0sp6ai","time":1613433950,"event":{"mods":["100% Spire Juice","Abigail Mod","Act Like it!","BaseMod","CapriCore","Downfall","Friendly Minions","Gensokyo","Hermit","Jorbs\u0027s Wanderer Trilogy","Koishi","Marisa（霧雨　魔理沙）","Minty Spire (QoL Compilation)","Permanent Neow","Reimu（博??梦）","StSLib","The Alterego","The Construct","The Cursed","The Hierophant","The Immortal","The Marked","The Mystic","The Senshi","The Servant 0.9.4","TheBandit","Waifu the Spire"],"gold_per_floor":[119,119,136,147,42,73,73,104,104,70,70,70,92,107,107,212,142,155,155,171,28,28,63,63,63,63,63,63,63,88,101,101,200,80,94,94,109,6,21,21,69,69,69,82,82,82,101,111,111,111],"floor_reached":51,"language":"ENG","playtime":2122,"items_purged":[],"score":881,"play_id":"31f3e06f-7208-4e09-ae3f-ccdd5ec49890","local_time":"20210215180550","is_ascension_mode":true,"campfire_choices":[{"data":"Moonworks:EvilSpyWorkPreparation","floor":7,"key":"SMITH"},{"data":"Moonworks:PlushieMaster","floor":11,"key":"SMITH"},{"data":"Moonworks:BindingChains","floor":15,"key":"SMITH"},{"data":"Moonworks:ExtendedPhotonRifle","floor":25,"key":"SMITH"},{"data":"Moonworks:Ambush","floor":27,"key":"SMITH"},{"data":"Moonworks:MetallicMonocoque","floor":32,"key":"SMITH"},{"data":"Moonworks:Accelerator","floor":40,"key":"SMITH"},{"data":"Moonworks:SweetBattle","floor":42,"key":"SMITH"},{"floor":45,"key":"REST"},{"floor":49,"key":"REST"}],"circlet_count":0,"master_deck":["Moonworks:Strike","Moonworks:Strike","Moonworks:Strike","Moonworks:Defend","Moonworks:Defend","Moonworks:Defend+1","Moonworks:Defend+1","Moonworks:Ambush+1","Moonworks:LongDistanceShot","Moonworks:ReflectiveShell+1","Moonworks:Flamethrower+1","Moonworks:EvilSpyWorkPreparation+1","Moonworks:CookingTime","Moonworks:CookingTime","Moonworks:PlushieMaster+1","Moonworks:RagingMadness","Moonworks:BindingChains+1","Moonworks:SweetBattle+1","Moonworks:CrystalBarrier+1","Moonworks:SakisCookie","Moonworks:EvilSpyWorkPreparation","Moonworks:SakisCookie+1","Moonworks:ExtendedPhotonRifle+1","Moonworks:UnpaidWork+1","Moonworks:MetallicMonocoque+1","Moonworks:Accelerator+1","Moonworks:StiffCrystal+1","Moonworks:MiracleRedBeanIceCream+1","Moonworks:Dash+1","Moonworks:Accelerator+1","Moonworks:BigMagnum","Moonworks:SakisCookie+1"],"relics":["Moonworks:BrokenBomb","Moonworks:Homemark","Mercury Hourglass","War Paint","Omamori","Odd Mushroom","Tiny House","Guardian:PocketSentry","Gambling Chip","Enchiridion","PureWhite:ReiMu","Toy Ornithopter","Sozu","StoneCalendar","Bottled Lightning"],"acts_visited":["Exordium","TheCity","TheBeyond"],"potions_floor_usage":[6,23,23,50,50],"damage_taken":[{"damage":5,"enemies":"Small Slimes","floor":1,"turns":4},{"damage":0,"enemies":"2 Louse","floor":3,"turns":3},{"damage":0,"enemies":"Cultist","floor":4,"turns":3},{"damage":0,"enemies":"Exordium Wildlife","floor":5,"turns":3},{"damage":11,"enemies":"Gremlin Nob","floor":6,"turns":4},{"damage":10,"enemies":"3 Sentries","floor":8,"turns":5},{"damage":0,"enemies":"The Mushroom Lair","floor":13,"turns":2},{"damage":6,"enemies":"2 Fungi Beasts","floor":14,"turns":3},{"damage":26,"enemies":"The Guardian","floor":16,"turns":9},{"damage":11,"enemies":"Spheric Guardian","floor":18,"turns":3},{"damage":12,"enemies":"2 Thieves","floor":20,"turns":4},{"damage":15,"enemies":"Gremlin Leader","floor":23,"turns":7},{"damage":12,"enemies":"Book of Stabbing","floor":30,"turns":5},{"damage":12,"enemies":"Snake Plant","floor":31,"turns":4},{"damage":16,"enemies":"Automaton","floor":33,"turns":10},{"damage":35,"enemies":"3 Shapes","floor":35,"turns":5},{"damage":6,"enemies":"Orb Walker","floor":37,"turns":3},{"damage":26,"enemies":"Jaw Worm Horde","floor":38,"turns":4},{"damage":15,"enemies":"Writhing Mass","floor":39,"turns":8},{"damage":20,"enemies":"2 Orb Walkers","floor":41,"turns":4},{"damage":26,"enemies":"3 Darklings","floor":44,"turns":4},{"damage":7,"enemies":"Sphere and 2 Shapes","floor":47,"turns":3},{"damage":34,"enemies":"Writhing Mass","floor":48,"turns":5},{"damage":79,"enemies":"Time Eater","floor":50,"turns":11}],"seed_played":"2243543627824568483","potions_obtained":[{"floor":3,"key":"Energy Potion"},{"floor":5,"key":"AttackPotion"},{"floor":13,"key":"DuplicationPotion"},{"floor":16,"key":"LiquidMemories"},{"floor":17,"key":"PowerPotion"},{"floor":31,"key":"Strength Potion"}],"is_trial":false,"path_per_floor":["M","?","M","M","M","E","R","E","T","$","R","?","?","M","R","B",null,"M","?","M","$","?","E","?","R","T","R","?","$","E","M","R","B",null,"M","?","M","M","M","R","?","R","T","M","R","?","M","M","R","B",null],"character_chosen":"THE_STARBREAKER","items_purchased":["Moonworks:RagingMadness","Guardian:PocketSentry"],"campfire_rested":2,"item_purchase_floors":[10,21],"current_hp_per_floor":[55,55,55,55,58,49,49,45,45,45,45,50,53,53,53,36,63,61,61,56,56,56,59,43,43,43,43,30,30,33,34,34,32,64,52,75,69,54,64,64,58,58,58,43,65,65,61,32,54,18],"gold":111,"neow_bonus":"TRANSFORM_CARD","is_daily":false,"chose_seed":false,"campfire_upgraded":8,"win_rate":0.0,"timestamp":1613433950,"path_taken":["M","?","M","M","M","E","R","E","T","$","R","?","?","M","R","BOSS","M","?","?","$","?","E","?","R","T","R","?","?","E","M","R","BOSS","M","?","M","?","M","R","?","R","T","M","R","?","?","M","R","BOSS"],"items_purchased_type":["Card","Relic"],"build_version":"2020-12-22","purchased_purges":0,"victory":true,"max_hp_per_floor":[60,60,60,60,60,60,60,60,60,60,60,65,65,65,65,65,70,70,70,70,70,70,70,70,70,70,70,75,75,75,75,75,75,75,75,75,75,75,75,75,75,75,75,75,75,75,75,75,75,75],"card_choices":[{"not_picked":["Moonworks:JonathanRush","Moonworks:SakisCookie"],"picked":"Moonworks:Flamethrower","floor":1},{"not_picked":["Moonworks:DeployBits","Moonworks:CloudOfSeagulls"],"picked":"Moonworks:EvilSpyWorkPreparation","floor":3},{"not_picked":["Moonworks:SakisCookie","Moonworks:ImOnFire"],"picked":"Moonworks:CookingTime","floor":4},{"not_picked":["Moonworks:IntelligenceOfficer","Moonworks:ImmovableObject"],"picked":"Moonworks:CookingTime","floor":5},{"not_picked":["Moonworks:JonathanRush","Moonworks:SealedMemories"],"picked":"Moonworks:CookingTime","floor":6},{"not_picked":["Moonworks:DevilHand","Moonworks:BindingChains"],"picked":"Moonworks:PlushieMaster","floor":8},{"not_picked":["Moonworks:MixPhenomenon","Moonworks:CookingTime"],"picked":"Moonworks:BindingChains","floor":13},{"not_picked":["Moonworks:ImmovableObject","Moonworks:Assault"],"picked":"Moonworks:SweetBattle","floor":14},{"not_picked":["Moonworks:PlushieMaster","Moonworks:ReflectiveShell"],"picked":"Moonworks:CrystalBarrier","floor":16},{"not_picked":["Moonworks:ImOnFire","Moonworks:DeployBits"],"picked":"Moonworks:SakisCookie","floor":17},{"not_picked":["Moonworks:ImOnFire","Moonworks:Assault"],"picked":"Moonworks:EvilSpyWorkPreparation","floor":18},{"not_picked":["Moonworks:ForcedRevival","Moonworks:JonathanRush+1"],"picked":"Moonworks:SakisCookie+1","floor":20},{"not_picked":["Moonworks:CloudOfSeagulls+1","Moonworks:JonathanRush+1"],"picked":"Moonworks:ExtendedPhotonRifle","floor":23},{"not_picked":["Moonworks:Bloodlust+1","Moonworks:Assault"],"picked":"Moonworks:UnpaidWork+1","floor":30},{"not_picked":["Moonworks:Flamethrower","Moonworks:DeployBits"],"picked":"Moonworks:MetallicMonocoque","floor":31},{"not_picked":["Moonworks:MetallicMonocoque","Moonworks:StarBlastingFuse"],"picked":"Moonworks:Accelerator","floor":33},{"not_picked":["Moonworks:SakisCookie+1","Moonworks:TacticalRetreat"],"picked":"Moonworks:StiffCrystal+1","floor":35},{"not_picked":["Moonworks:EvilSpyWorkPreparation","Moonworks:JonathanRush+1"],"picked":"Moonworks:MiracleRedBeanIceCream+1","floor":37},{"not_picked":["Moonworks:MiracleRedBeanIceCream+1","Moonworks:UnpaidWork"],"picked":"Moonworks:Dash+1","floor":38},{"not_picked":["Moonworks:JonathanRush+1","Moonworks:Assault","Moonworks:x16BigRocket"],"picked":"SKIP","floor":39},{"not_picked":["Moonworks:CloudOfSeagulls","Moonworks:IndiscriminateFireSupport","Moonworks:JonathanRush+1"],"picked":"SKIP","floor":44},{"not_picked":["Moonworks:ImmovableObject+1","Moonworks:JonathanRush"],"picked":"Moonworks:BigMagnum","floor":47},{"not_picked":["Moonworks:LulusLuckyEgg","Moonworks:AccelHyper"],"picked":"Moonworks:SakisCookie+1","floor":48}],"player_experience":1535749,"relics_obtained":[{"floor":6,"key":"Mercury Hourglass"},{"floor":8,"key":"War Paint"},{"floor":9,"key":"Omamori"},{"floor":13,"key":"Odd Mushroom"},{"floor":23,"key":"Gambling Chip"},{"floor":24,"key":"Enchiridion"},{"floor":26,"key":"PureWhite:ReiMu"},{"floor":30,"key":"Toy Ornithopter"},{"floor":41,"key":"StoneCalendar"},{"floor":43,"key":"Bottled Lightning"}],"event_choices":[{"damage_healed":0,"gold_gain":0,"player_choice":"Grow","damage_taken":0,"max_hp_gain":0,"max_hp_loss":0,"event_name":"Living Wall","floor":2,"gold_loss":0,"cards_upgraded":["Moonworks:ReflectiveShell"]},{"damage_healed":0,"gold_gain":0,"player_choice":"Donut","damage_taken":0,"max_hp_gain":5,"max_hp_loss":0,"event_name":"Big Fish","floor":12,"gold_loss":0},{"damage_healed":0,"gold_gain":0,"player_choice":"Fought Mushrooms","damage_taken":0,"max_hp_gain":0,"max_hp_loss":0,"event_name":"Mushrooms","floor":13,"gold_loss":0},{"damage_healed":0,"gold_gain":0,"player_choice":"Upgraded","damage_taken":0,"max_hp_gain":0,"max_hp_loss":0,"event_name":"Upgrade Shrine","floor":19,"gold_loss":0,"cards_upgraded":["Moonworks:CrystalBarrier"]},{"damage_healed":0,"gold_gain":0,"player_choice":"Obtained Book","damage_taken":16,"max_hp_gain":0,"max_hp_loss":0,"event_name":"Cursed Tome","floor":24,"gold_loss":0},{"damage_healed":0,"gold_gain":0,"player_choice":"Shed Blood","damage_taken":18,"max_hp_gain":5,"max_hp_loss":0,"event_name":"Forgotten Altar","floor":28,"gold_loss":0},{"cards_removed":["Moonworks:CookingTime"],"damage_healed":23,"gold_gain":0,"player_choice":"Offered Uncommon","damage_taken":0,"max_hp_gain":0,"max_hp_loss":0,"event_name":"Bonfire Elementals","floor":36,"gold_loss":0},{"damage_healed":0,"gold_gain":0,"player_choice":"Fight","damage_taken":0,"max_hp_gain":0,"max_hp_loss":0,"event_name":"Mysterious Sphere","floor":41,"gold_loss":0},{"damage_healed":0,"gold_gain":0,"player_choice":"Copied","damage_taken":0,"max_hp_gain":0,"max_hp_loss":0,"event_name":"Duplicator","floor":46,"gold_loss":0,"cards_obtained":["Moonworks:Accelerator"]}],"is_beta":false,"boss_relics":[{"not_picked":["Velvet Choker","SacredBark"],"picked":"Tiny House"},{"not_picked":["theSenshi:MoonKaleidoScopeRelic","bronze:MakeshiftBattery"],"picked":"Sozu"}],"items_purged_floors":[],"is_endless":false,"potions_floor_spawned":[3,5,13,16,20,31,35,37,41,48],"ascension_level":5}}