{"host":"4aszh1v8x6uog22d","time":1613490800,"event":{"mods":["AchievementEnabler","Act Like it!","Aspiration","BaseMod","Colored Powertips","Conspire","Downfall","Gensokyo","GungeonMod","Hallownest","Marisa£®ÏF”Í°°ƒß¿Ì…≥£©","Minty Spire (QoL Compilation)","Pale of the Ancients","Quick Restart","Random Character Button","Replay The Spire","StSLib","The Jungle"],"gold_per_floor":[99,115,9627,9645,9658,9658,9658,9658,9658,9669,9569,9599,9616,9632,9644,9749,9749,9649,9666,9686,9686,9700,8982,9009,9009,8354,8370,7535,7549,7564,7596,7615,7712,7712,7612,7628,6975,6992,7009,5945,5993,5993,6023,6023,6055,6073,6073,6093,6110,6110,6110,6138,5174,5174,5174,5174],"floor_reached":57,"language":"ZHS","playtime":3763,"items_purged":["champ:Strike","Delirium","champ:Defend","champ:Strike","champ:Defend","champ:Defend","champ:Strike"],"score":1778,"play_id":"21d4b8d5-87e5-46e9-8bce-96e8ec83c2f2","local_time":"20210216235320","is_ascension_mode":true,"campfire_choices":[{"data":"champ:Strike","floor":1.0,"key":"PURGE"},{"floor":9.0,"key":"RECALL"},{"floor":11.0,"key":"REST"},{"floor":18.0,"key":"DIG"},{"data":"champ:BerserkerStyle","floor":35.0,"key":"SMITH"},{"data":"Magnetism","floor":42,"key":"SMITH"},{"data":"Master of Strategy","floor":47,"key":"SMITH"},{"data":"Deep Breath","floor":54,"key":"SMITH"}],"circlet_count":0,"master_deck":["champ:Taunt","champ:FanOfKnives","champ:BerserkersShout","Apotheosis+1","expansioncontent:DashGenerateEvil+1","champ:VampiricStrike","champ:AdrenalArmor+1","champ:StanceDance","champ:BerserkerStyle+1","champ:FaceSlap","champ:ShieldSlam","champ:ShieldWall","champ:TripleStrike","champ:Duel","champ:RisingSlash","Necronomicurse","champ:FanOfKnives","champ:CrookedStrike","champ:BerserkerStyle","ReplayTheSpireMod:Brewmster","Magnetism+1","ReplayTheSpireMod:Brewmster","champ:ShieldSlam","Pot Of Greed","Pot Of Greed","Pot Of Greed","Master of Strategy+1","Deep Breath+1","champ:StrikeOfGenius","champ:ArenaPreparation+1","champ:GladiatorForm","champ:HeavySlash","champ:StanceDance+1","champ:ShieldSlam","champ:Duel+1","Pot Of Greed","expansioncontent:QuickStudy","champ:ShieldSlam","champ:CrookedStrike+1","champ:StanceDance+1","champ:RapidStrikes"],"relics":["champ:ChampionCrown","Bottled Lightning","Nunchaku","Guide Book","Blue Candle","Ring of Searing","downfall:HeartBlessingRed","DemoMod:JetPack","SlaversCollar","downfall:HeartBlessingGreen","aspiration:FrozenJewel","Necronomicon","DemoMod:WeirdEgg","ReplayTheSpireMod:ShopPack","Bottled Tornado","Orichalcum","Medical Kit","Grinning Jar","Lantern","Ornamental Fan","DemoMod:GlassGuonStoneRelic","ReplayTheSpireMod:Ninjato","Coffee Dripper","downfall:HeartBlessingBlue","ReplayTheSpireMod:TigerMarble","Letter Opener","DemoMod:OrangeGuonStone","DemoMod:GreenGuonStone","DemoMod:MeatBun","Bag of Preparation","Oddly Smooth Stone","aspiration:FetidBarrel","Bronze Scales","DemoMod:GundromedaStrain","FossilizedHelix","Sling"],"acts_visited":["Exordium","TheCity","TheBeyond","TheEnding"],"potions_floor_usage":[55,55,55,56,56,56],"damage_taken":[{"damage":10.0,"enemies":"Small Slimes","floor":2.0,"turns":3.0},{"damage":0.0,"enemies":"downfall:FleeingMerchant","floor":3.0,"turns":1.0},{"damage":25.0,"enemies":"2 Louse","floor":4.0,"turns":3.0},{"damage":5.0,"enemies":"conspire:RoseBush","floor":5.0,"turns":2.0},{"damage":1.0,"enemies":"3 Louse","floor":10.0,"turns":1.0},{"damage":31.0,"enemies":"Gremlin Nob","floor":12.0,"turns":4.0},{"damage":11.0,"enemies":"Exordium Wildlife","floor":13.0,"turns":4.0},{"damage":10.0,"enemies":"Exordium Thugs","floor":14.0,"turns":2.0},{"damage":5.0,"enemies":"2 Fungi Beasts","floor":15.0,"turns":2.0},{"damage":31.0,"enemies":"DF_ARCHETYPE_STREAMLINE","floor":16.0,"turns":6.0},{"damage":14.0,"enemies":"conspire:FuzzyDice","floor":19.0,"turns":3.0},{"damage":20.0,"enemies":"Spheric Guardian","floor":20.0,"turns":3.0},{"damage":21.0,"enemies":"Chosen and Byrds","floor":22.0,"turns":3.0},{"damage":22.0,"enemies":"Snecko","floor":27.0,"turns":3.0},{"damage":0.0,"enemies":"Centurion and Healer","floor":29.0,"turns":2.0},{"damage":19.0,"enemies":"Snake Plant","floor":30.0,"turns":3.0},{"damage":7.0,"enemies":"conspire:Head Lice","floor":31.0,"turns":4.0},{"damage":15.0,"enemies":"Snecko","floor":32.0,"turns":2.0},{"damage":34.0,"enemies":"WA_ARCHETYPE_CALM","floor":33.0,"turns":1.0},{"damage":40.0,"enemies":"3 Darklings","floor":36.0,"turns":2.0},{"damage":58,"enemies":"3 Shapes","floor":38,"turns":3},{"damage":94,"enemies":"Writhing Mass","floor":39,"turns":3},{"damage":87,"enemies":"R_Hoarder","floor":43,"turns":3},{"damage":38,"enemies":"Reptomancer","floor":45,"turns":2},{"damage":5,"enemies":"Spire Growth","floor":46,"turns":2},{"damage":5,"enemies":"3 Darklings","floor":48,"turns":2},{"damage":142,"enemies":"Transient","floor":49,"turns":1},{"damage":84,"enemies":"SI_POISON_ARCHETYPE","floor":50,"turns":3},{"damage":33,"enemies":"downfall:CharBossMerchant","floor":52,"turns":2},{"damage":107,"enemies":"downfall:NeowBoss","floor":55,"turns":4},{"damage":134,"enemies":"downfall:NeowBossFinal","floor":56,"turns":2}],"seed_played":"9168931208185898951","potions_obtained":[{"floor":2.0,"key":"Milkshake"},{"floor":4.0,"key":"Elixir"},{"floor":14.0,"key":"DuplicationPotion"},{"floor":15.0,"key":"Swift Potion"},{"floor":16.0,"key":"Swift Potion"},{"floor":29.0,"key":"Energy Potion"},{"floor":31.0,"key":"champ:OpenerPotion"},{"floor":46,"key":"Flashbang"}],"is_trial":false,"path_per_floor":["R","M","$","M","M","?","T","?","R","M","R","E","M","M","M","B",null,"R","M","M","?","M","$","T","?","$","M","$","M","M","E","M","B",null,"R","M","$","M","M","$","T","R","E","?","E","M","R","M","M","B",null,"E","$","R","B","B",null],"character_chosen":"THE_CHAMP","items_purchased":["Bottled Lightning","Nunchaku","expansioncontent:DashGenerateEvil","Guide Book","DemoMod:WeirdEgg","ReplayTheSpireMod:ShopPack","champ:CrookedStrike","champ:BerserkerStyle","Bottled Tornado","Orichalcum","Medical Kit","champ:ShieldSlam","Grinning Jar","Lantern","Ornamental Fan","Master of Strategy","Deep Breath","champ:ShieldSlam","ReplayTheSpireMod:TigerMarble","Letter Opener","expansioncontent:QuickStudy","DemoMod:OrangeGuonStone","DemoMod:GreenGuonStone","DemoMod:MeatBun","DemoMod:GundromedaStrain","FossilizedHelix","Sling"],"campfire_rested":1,"item_purchase_floors":[3,3,3,3,23,23,23,23,23,26,26,26,26,28,28,28,28,37,37,37,40,40,40,40,53,53,53],"current_hp_per_floor":[90,90,90,85,85,85,85,85,85,84,90,69,63,53,53,50,90,90,90,80,64,63,63,63,63,63,56,56,56,46,46,45,45,90,100,95,95,90,85,99,99,99,94,94,89,84,84,79,78,57,100,100,100,100,100,100],"gold":5174,"neow_bonus":"REMOVE_CARD","is_daily":false,"chose_seed":false,"campfire_upgraded":4,"win_rate":0.0,"timestamp":1613490800,"path_taken":["R","M","$","M","M","?","T","?","R","M","R","E","M","M","M","BOSS","R","M","M","?","M","$","T","?","$","M","?","?","M","E","M","BOSS","R","M","$","M","M","$","T","R","E","?","E","M","R","?","M","BOSS","E","$","R","BOSS","BOSS"],"items_purchased_type":["Relic","Relic","Card","Relic","Relic","Relic","Card","Card","Relic","Relic","Relic","Card","Relic","Relic","Relic","Card","Card","Card","Relic","Relic","Card","Relic","Relic","Relic","Relic","Relic","Relic"],"build_version":"2020-12-22","purchased_purges":7,"victory":true,"max_hp_per_floor":[90,90,90,90,90,90,90,90,90,90,90,90,90,90,90,90,90,90,90,90,90,90,90,90,90,90,90,90,90,90,90,90,90,90,100,100,100,100,100,100,100,100,100,100,100,100,100,100,100,100,100,100,100,100,100,100],"card_choices":[{"not_picked":["champ:GutPunch","champ:EndlessRage"],"picked":"champ:FanOfKnives","floor":2.0},{"not_picked":["champ:CrownThrow","champ:AdrenalArmor"],"picked":"champ:BerserkersShout","floor":3.0},{"not_picked":["champ:BerserkersShout","champ:Backstep"],"picked":"champ:VampiricStrike","floor":4.0},{"not_picked":["champ:PreemptiveStrike","champ:Shatter","champ:GutPunch"],"picked":"SKIP","floor":5.0},{"not_picked":["champ:PreciseThrust","champ:BerserkersShout"],"picked":"champ:StanceDance","floor":10.0},{"not_picked":["champ:Encircle","champ:HeartStrike"],"picked":"champ:BerserkerStyle","floor":12.0},{"not_picked":["champ:Circumvent","champ:FalseCounter"],"picked":"champ:FaceSlap","floor":13.0},{"not_picked":["champ:GutPunch","champ:Backstep"],"picked":"champ:ShieldSlam","floor":14.0},{"not_picked":["champ:DefensiveStyle","champ:BerserkersShout"],"picked":"champ:ShieldWall","floor":15.0},{"not_picked":["champ:SteelEdge","champ:GladiatorForm"],"picked":"champ:TripleStrike","floor":16.0},{"not_picked":["champ:DefensiveShout","champ:DeathBlow+1"],"picked":"champ:Duel","floor":19.0},{"not_picked":["champ:TornadoPunch","champ:FancyFootwork"],"picked":"champ:RisingSlash","floor":20.0},{"not_picked":["champ:GutPunch","champ:DefensiveShout"],"picked":"champ:FanOfKnives","floor":22.0},{"not_picked":["Violence","Master of Strategy"],"picked":"ReplayTheSpireMod:Brewmster","floor":23.0},{"not_picked":["ReplayTheSpireMod:Trickstab","ReplayTheSpireMod:Uncanny Aura"],"picked":"Magnetism","floor":23.0},{"not_picked":["Replay:Sssssssssstrike","Poisoned Strike"],"picked":"ReplayTheSpireMod:Brewmster","floor":23.0},{"not_picked":["champ:Backstep","champ:BringItOn","champ:FanOfKnives"],"picked":"SKIP","floor":27.0},{"not_picked":["champ:AdrenalArmor","champ:Shatter"],"picked":"champ:StrikeOfGenius","floor":29.0},{"not_picked":["champ:EndlessRage","champ:BladeFlurry"],"picked":"champ:ArenaPreparation","floor":30.0},{"not_picked":["champ:PerfectedStrike","champ:CrownThrow"],"picked":"champ:GladiatorForm","floor":31.0},{"not_picked":["champ:Shatter","champ:ArenaPreparation","champ:Endure"],"picked":"SKIP","floor":32.0},{"not_picked":["champ:LastStand","champ:SwordThrow"],"picked":"champ:HeavySlash","floor":33.0},{"not_picked":["champ:Endure+1","champ:BladeFlurry+1"],"picked":"champ:StanceDance+1","floor":36.0},{"not_picked":["champ:SetATrap+1","champ:DefensiveShout","champ:IronFortress+1"],"picked":"SKIP","floor":38},{"not_picked":["champ:SetATrap+1","champ:DefensiveShout","champ:IronFortress+1"],"picked":"SKIP","floor":38},{"not_picked":["champ:TornadoPunch+1","champ:IgnorePain"],"picked":"champ:Duel+1","floor":39},{"not_picked":["champ:Haymaker+1","champ:DefensiveShout","champ:SetATrap+1"],"picked":"SKIP","floor":43},{"not_picked":["champ:FaceSlap+1","champ:Backstep+1"],"picked":"champ:ShieldSlam","floor":45},{"not_picked":["champ:TornadoPunch","champ:Haymaker+1"],"picked":"champ:CrookedStrike+1","floor":46},{"not_picked":["champ:BringItOn","champ:AdrenalArmor"],"picked":"champ:StanceDance+1","floor":48},{"not_picked":["champ:GutPunch","champ:FanOfKnives+1"],"picked":"champ:RapidStrikes","floor":49},{"not_picked":["champ:FancyFootwork+1","champ:BringItOn","champ:PreemptiveStrike+1"],"picked":"SKIP","floor":52}],"player_experience":472009,"relics_obtained":[{"floor":7.0,"key":"Blue Candle"},{"floor":8.0,"key":"Ring of Searing"},{"floor":12.0,"key":"DemoMod:JetPack"},{"floor":18.0,"key":"aspiration:FrozenJewel"},{"floor":21.0,"key":"Necronomicon"},{"floor":31.0,"key":"ReplayTheSpireMod:Ninjato"},{"floor":41,"key":"Bag of Preparation"},{"floor":43,"key":"Oddly Smooth Stone"},{"floor":45,"key":"aspiration:FetidBarrel"},{"floor":52,"key":"Bronze Scales"}],"event_choices":[{"damage_healed":0,"gold_gain":0,"player_choice":"Forge","damage_taken":0,"max_hp_gain":0,"max_hp_loss":0,"event_name":"Accursed Blacksmith","floor":44,"gold_loss":0,"cards_upgraded":["champ:ArenaPreparation"]}],"is_beta":false,"boss_relics":[{"not_picked":["conspire:SlowCooker","Replay:Wanted Poster"],"picked":"SlaversCollar"},{"not_picked":["Snecko Eye","Replay:Fungal Core"],"picked":"Coffee Dripper"}],"items_purged_floors":[3,23,26,28,37,40,53],"is_endless":false,"potions_floor_spawned":[2,4,14,15,16,22,29,31,32,43,46,49],"ascension_level":1}}