{"host":"ox77rn1xcurm2t5a","time":1613516029,"event":{"mods":["2.2 Compatiblity","AchievementEnabler","Act Like it!","Aspiration","BaseMod","Best Route Mod","Better Match","Better Note","Better Sensory Stone","Block Reminder","Colored Map","Colored Powertips","Conjunction","Conspire","Custom Start","Energized Spire","GifTheSpireLib","Gold Saver","Gremlin Skip","Halation","Highlight Path","Hubris","Infinite Spire","Minty Spire (QoL Compilation)","Pale of the Ancients","Quick Restart","Replay The Spire","Reworked Bosses","ShortenTheSpire","Spire Exporter","StSLib","Stuff the Spire","Wandering Minibosses"],"gold_per_floor":[685,361,361,361,32,32,65,65,65,91,111,76,105,4,4,105,105,123,123,123,123,4,34,34,34,34,34,65,199,218,238,238,338,438,453,465,465,483,79,110,122,122,146,161,161,186,186,212,212,212,212,212,15,15,15],"floor_reached":54,"language":"ENG","playtime":1715,"items_purged":["Defend_R","Defend_R"],"score":985,"play_id":"67fd49e3-8ea4-46f2-97a2-d210b2248e38","local_time":"20210217005349","is_ascension_mode":true,"campfire_choices":[{"floor":6.0,"key":"RECALL"},{"data":"Perfected Strike","floor":8.0,"key":"SMITH"},{"data":"ReplayTheSpireMod:Private Reserves","floor":24.0,"key":"SMITH"},{"data":"Violence","floor":27.0,"key":"SMITH"},{"data":"Thunderclap","floor":32.0,"key":"SMITH"},{"floor":47,"key":"REST"},{"floor":49,"key":"REST"},{"data":"infinitespire:Gouge","floor":52,"key":"SMITH"}],"circlet_count":0,"master_deck":["Strike_R+1","Strike_R+1","Strike_R+1","Strike_R+1","Strike_R+1","Defend_R+1","Perfected Strike+1","Rampage+1","Inflame+1","Flex+1","Violence+1","ReplayTheSpireMod:Private Reserves+1","Headbutt","Shockwave+1","Pommel Strike","Thunderclap+1","Bash+1","Anger+1","Flex+1","Battle Trance+1","Battle Trance+1","Battle Trance+1","infinitespire:Gouge+1","Metallicize"],"relics":["Black Blood","halation:PromiseList","Replay:Bottled Eggs","StuffTheSpire:Mouthbags","halation:TwoAmDonut","Replay:Ringing Soul","conspire:Flyswatter","conspire:InfiniteJournal","ReplayTheSpireMod:ShopPack","Pet Ghost","Blood Vial","Replay:Wanted Poster","halation:NonexistentMirror","Sundial","Art of War","Lantern","Happy Flower","Replay:Bottled Snecko","Smiling Mask","Incense Burner","conspire:TreasureMap"],"acts_visited":["Exordium","TheCity","TheBeyond","TheEnding"],"potions_floor_usage":[38,40,40,41,48],"damage_taken":[{"damage":5.0,"enemies":"Small Slimes","floor":1.0,"turns":5.0},{"damage":6.0,"enemies":"Gremlin Nob","floor":7.0,"turns":3.0},{"damage":20.0,"enemies":"3 Sentries","floor":10.0,"turns":6.0},{"damage":1.0,"enemies":"2 Louse","floor":11.0,"turns":2.0},{"damage":0.0,"enemies":"Gremlin Nob","floor":13.0,"turns":3.0},{"damage":27.0,"enemies":"The Guardian","floor":16.0,"turns":6.0},{"damage":12.0,"enemies":"Chosen","floor":18.0,"turns":4.0},{"damage":0.0,"enemies":"3 Byrds","floor":20.0,"turns":1.0},{"damage":56.0,"enemies":"Slavers","floor":23.0,"turns":5.0},{"damage":5.0,"enemies":"Gremlin Leader","floor":28.0,"turns":6.0},{"damage":0.0,"enemies":"Cultist and Chosen","floor":29.0,"turns":7.0},{"damage":31.0,"enemies":"Centurion and Healer","floor":30.0,"turns":4.0},{"damage":9.0,"enemies":"3 Cultists","floor":31.0,"turns":4.0},{"damage":56,"enemies":"bossMod:newChamp","floor":33,"turns":8},{"damage":13,"enemies":"3 Darklings","floor":35,"turns":5},{"damage":10,"enemies":"Orb Walker","floor":36,"turns":3},{"damage":0,"enemies":"Jaw Worm Horde","floor":38,"turns":2},{"damage":40,"enemies":"Nemesis","floor":40,"turns":3},{"damage":35,"enemies":"3 Darklings","floor":41,"turns":4},{"damage":32,"enemies":"4 Shapes","floor":44,"turns":3},{"damage":38,"enemies":"R_Hoarder","floor":46,"turns":4},{"damage":22,"enemies":"Giant Head","floor":48,"turns":4},{"damage":72,"enemies":"bossMod:newAwakened","floor":50,"turns":11},{"damage":117,"enemies":"Shield and Spear","floor":54,"turns":3}],"seed_played":"3452161843124278874","potions_obtained":[{"floor":10.0,"key":"SmokeBomb"},{"floor":11.0,"key":"Block Potion"},{"floor":13.0,"key":"GamblersBrew"},{"floor":23.0,"key":"CultistPotion"},{"floor":30.0,"key":"Regen Potion"},{"floor":36,"key":"EntropicBrew"},{"floor":46,"key":"SpeedPotion"}],"is_trial":false,"path_per_floor":["M","$","?","?","$","R","E","R","T","E","M","?","E","$","R_BF","B",null,"M","?","M","?","$","E","R","$","T","R","E","M","M","M","R","B",null,"M","M","?","M","$","E","M","AVR","T","M","T","E","R","E","R","B",null,"R","$","E"],"character_chosen":"IRONCLAD","items_purchased":["Replay:Bottled Eggs","StuffTheSpire:Mouthbags","EssenceOfSteel","Strength Potion","Strength Potion","ReplayTheSpireMod:ShopPack","halation:NonexistentMirror","Sundial","Metallicize","conspire:TreasureMap"],"campfire_rested":2,"item_purchase_floors":[2,5,5,14,14,22,39,39,53,53],"current_hp_per_floor":[80,80,64,64,64,64,64,64,64,50,55,75,83,83,83,62,83,86,86,86,86,89,48,48,48,48,48,58,72,58,78,78,36,101,100,104,104,107,107,79,61,64,64,46,46,22,55,47,80,22,113,113,116,0,0],"gold":15,"neow_bonus":"RANDOM_COMMON_RELIC","is_daily":false,"chose_seed":false,"campfire_upgraded":5,"win_rate":0.0,"timestamp":1613516029,"path_taken":["M","$","?","?","$","R","E","R","T","E","?","?","E","$","R_BF","BOSS","M","?","M","?","?","E","R","$","T","R","E","?","M","M","R","BOSS","M","M","?","M","$","E","M","AVR","T","M","?","E","R","E","R","BOSS","R","$","E"],"items_purchased_type":["Relic","Relic","Potion","Potion","Potion","Relic","Relic","Relic","Card","Relic"],"build_version":"2020-12-22","purchased_purges":2,"victory":false,"max_hp_per_floor":[80,80,80,80,80,80,80,80,80,80,80,80,83,83,83,83,83,86,86,86,86,89,92,92,92,92,92,95,95,98,101,101,101,101,101,104,104,107,107,107,110,113,113,113,113,113,113,113,113,113,113,113,116,116,116],"card_choices":[{"not_picked":["Havoc","Cleave"],"picked":"Perfected Strike","floor":1.0},{"not_picked":["Bludgeon","Iron Wave"],"picked":"Rampage","floor":7.0},{"not_picked":["Life Link","Havoc","Wild Strike"],"picked":"SKIP","floor":10.0},{"not_picked":["Havoc","ReplayTheSpireMod:Strike From Hell","Flex"],"picked":"SKIP","floor":11.0},{"not_picked":["infinitespire:OneForAll","Ghostly Armor"],"picked":"Inflame","floor":13.0},{"not_picked":["Havoc","Intimidate"],"picked":"Flex+1","floor":18.0},{"not_picked":["hubris:EnhanceAbility","Secret Technique"],"picked":"Violence","floor":22.0},{"not_picked":["hubris:Ssssneak","Deep Breath"],"picked":"ReplayTheSpireMod:Private Reserves","floor":22.0},{"not_picked":["hubris:ReadiedAction","StuffTheSpire:Resist+1"],"picked":"Headbutt","floor":23.0},{"not_picked":["Hemokinesis+1","infinitespire:OneForAll"],"picked":"Shockwave+1","floor":28.0},{"not_picked":["Body Slam","Dual Wield","StuffTheSpire:Incineration"],"picked":"SKIP","floor":29.0},{"not_picked":["Replay:Many Hands","Sentinel"],"picked":"Pommel Strike","floor":30.0},{"not_picked":["Anger","Headbutt"],"picked":"Thunderclap","floor":31.0},{"not_picked":["Wild Strike","StuffTheSpire:RockThrow+1","True Grit+1"],"picked":"SKIP","floor":35},{"not_picked":["Replay:Undeath\u0027s Touch","Twin Strike"],"picked":"Anger+1","floor":36},{"not_picked":["StuffTheSpire:Pyroclast+1","Burning Pact+1"],"picked":"Flex+1","floor":38},{"not_picked":["Clothesline","Replay:Undeath\u0027s Touch+1","Eclipse"],"picked":"SKIP","floor":40},{"not_picked":["StuffTheSpire:Incineration","Havoc"],"picked":"Battle Trance+1","floor":41},{"not_picked":["Reckless Charge+1","Fire Breathing+1","Burning Pact"],"picked":"SKIP","floor":44},{"not_picked":["Replay:Undeath\u0027s Touch+1","ReplayTheSpireMod:Muscle Training","Power Through"],"picked":"SKIP","floor":46},{"not_picked":["Entrench+1","Exhume","Reckless Charge"],"picked":"SKIP","floor":48}],"player_experience":3119618,"relics_obtained":[{"floor":7.0,"key":"halation:TwoAmDonut"},{"floor":9.0,"key":"Replay:Ringing Soul"},{"floor":10.0,"key":"conspire:Flyswatter"},{"floor":13.0,"key":"conspire:InfiniteJournal"},{"floor":23.0,"key":"Pet Ghost"},{"floor":28.0,"key":"Blood Vial"},{"floor":40,"key":"Art of War"},{"floor":43,"key":"Happy Flower"},{"floor":45,"key":"Replay:Bottled Snecko"},{"floor":46,"key":"Smiling Mask"},{"floor":48,"key":"Incense Burner"}],"event_choices":[{"damage_healed":0.0,"max_hp_gain":0.0,"max_hp_loss":0.0,"gold_gain":0.0,"event_name":"Shining Light","player_choice":"Entered Light","floor":3.0,"gold_loss":0.0,"damage_taken":16.0,"cards_upgraded":["Bash","Defend_R"]},{"damage_healed":20.0,"max_hp_gain":0.0,"max_hp_loss":0.0,"gold_gain":0.0,"event_name":"The Cleric","player_choice":"Healed","floor":12.0,"gold_loss":35.0,"damage_taken":0.0},{"damage_healed":0.0,"max_hp_gain":0.0,"max_hp_loss":0.0,"gold_gain":0.0,"event_name":"Accursed Blacksmith","player_choice":"Forge","floor":19.0,"gold_loss":0.0,"damage_taken":0.0,"cards_upgraded":["Inflame"]},{"cards_removed":["Defend_R"],"damage_healed":0.0,"max_hp_gain":0.0,"max_hp_loss":0.0,"gold_gain":0.0,"event_name":"Bonfire Elementals","player_choice":"Offered Basic","floor":21.0,"gold_loss":0.0,"damage_taken":0.0}],"is_beta":false,"boss_relics":[{"not_picked":["aspiration:PoetsPen_weak","Abe\u0027s Treasure"],"picked":"Black Blood"},{"not_picked":["infinitespire:Burning Sword","energizedSpire:StickyHand"],"picked":"Replay:Wanted Poster"}],"items_purged_floors":[2,5],"is_endless":false,"potions_floor_spawned":[10,11,13,20,23,30,36,38,46],"killed_by":"Shield and Spear","ascension_level":4}}