{"host":"enu5gq013fznxjyt","time":1613452901,"event":{"mods":["BaseMod","Better Note","Block Reminder","Colored Powertips","Minty Spire (QoL Compilation)","Quick Restart","Relic Stats","StSLib"],"gold_per_floor":[112,112,127,145,162,194,212,67,93,93,113,113,113,125,125,224,224,236,251,251,251,251,251,264,16,62,62,62,75,109,109,109,109,109],"floor_reached":33,"language":"ENG","playtime":1028,"items_purged":["Strike_B","Defend_B"],"score":267,"play_id":"a46406d2-fd17-486e-9a3a-e7a9e19405dc","local_time":"20210215212141","is_ascension_mode":false,"campfire_choices":[{"floor":12.0,"key":"REST"},{"floor":15.0,"key":"REST"},{"data":"White Noise","floor":23,"key":"SMITH"},{"floor":27,"key":"RECALL"},{"data":"White Noise","floor":32,"key":"SMITH"}],"circlet_count":0,"master_deck":["Strike_B","Strike_B","Strike_B","Defend_B","Defend_B","Zap","Dualcast","Streamline","Sweeping Beam","White Noise+1","Ball Lightning","Hello World","Cold Snap","Defragment","Ball Lightning","Seek","Storm+1","Steam","White Noise+1","Blind","Auto Shields","Compile Driver","Regret","Writhe","Rip and Tear+1","Leap"],"relics":["Cracked Core","NeowsBlessing","Turnip","Juzu Bracelet","Anchor","Cursed Key","DataDisk","Oddly Smooth Stone","Blood Vial","Symbiotic Virus"],"acts_visited":["Exordium","TheCity"],"potions_floor_usage":[33],"damage_taken":[{"damage":0.0,"enemies":"Cultist","floor":1.0,"turns":1.0},{"damage":0.0,"enemies":"Jaw Worm","floor":3.0,"turns":1.0},{"damage":0.0,"enemies":"2 Louse","floor":4.0,"turns":1.0},{"damage":15.0,"enemies":"2 Fungi Beasts","floor":5.0,"turns":3.0},{"damage":21.0,"enemies":"3 Sentries","floor":6.0,"turns":5.0},{"damage":12.0,"enemies":"Exordium Thugs","floor":7.0,"turns":4.0},{"damage":12.0,"enemies":"Exordium Wildlife","floor":11.0,"turns":3.0},{"damage":6.0,"enemies":"Blue Slaver","floor":14.0,"turns":3.0},{"damage":43.0,"enemies":"Slime Boss","floor":16.0,"turns":6.0},{"damage":9.0,"enemies":"Shell Parasite","floor":18.0,"turns":4.0},{"damage":2.0,"enemies":"Chosen","floor":19.0,"turns":3.0},{"damage":3,"enemies":"Snake Plant","floor":24,"turns":4},{"damage":0,"enemies":"Chosen and Byrds","floor":29,"turns":3},{"damage":24,"enemies":"Gremlin Leader","floor":30,"turns":6},{"damage":50,"enemies":"Automaton","floor":33,"turns":6}],"seed_played":"1562073799771327685","potions_obtained":[{"floor":3.0,"key":"Fire Potion"},{"floor":5.0,"key":"SkillPotion"},{"floor":11.0,"key":"SpeedPotion"},{"floor":14.0,"key":"PotionOfCapacity"},{"floor":16.0,"key":"Fire Potion"},{"floor":19.0,"key":"Weak Potion"},{"floor":29,"key":"AttackPotion"}],"is_trial":false,"path_per_floor":["M","?","M","M","M","E","M","$","T","?","M","R","?","M","R","B",null,"M","M","?","?","?","R","M","$","T","R","?","M","E","$","R","B"],"character_chosen":"DEFECT","items_purchased":["Defragment","DataDisk"],"campfire_rested":2,"item_purchase_floors":[8,25],"current_hp_per_floor":[75,75,75,75,60,39,27,27,27,27,15,37,37,31,53,10,75,66,64,64,64,64,64,61,61,61,61,61,63,41,41,41,0,0],"gold":109,"neow_bonus":"THREE_ENEMY_KILL","is_daily":false,"chose_seed":false,"campfire_upgraded":2,"win_rate":0.0,"timestamp":1613452901,"path_taken":["M","?","M","M","M","E","M","?","T","?","M","R","?","M","R","BOSS","M","M","?","?","?","R","M","?","T","R","?","M","E","$","R","BOSS"],"items_purchased_type":["Card","Relic"],"build_version":"2020-12-22","purchased_purges":2,"victory":false,"max_hp_per_floor":[75,75,75,75,75,75,75,75,75,75,75,75,75,75,75,75,75,75,75,75,75,75,75,75,75,75,75,75,75,75,75,75,75,75],"relic_stats":{"Blood Vial":6,"counters":[15,53],"Turnip":[4],"Juzu Bracelet":1,"Cursed Key":1,"obtain_stats":[{"Blood Vial":28,"Anchor":13,"DataDisk":25,"NeowsBlessing":0,"Oddly Smooth Stone":26,"Turnip":6,"Juzu Bracelet":10,"Cracked Core":0,"Cursed Key":17,"Symbiotic Virus":30},{"Blood Vial":12,"Anchor":7,"DataDisk":12,"NeowsBlessing":0,"Oddly Smooth Stone":12,"Turnip":5,"Juzu Bracelet":6,"Cracked Core":0,"Cursed Key":9,"Symbiotic Virus":14},{"Blood Vial":38,"Anchor":18,"DataDisk":38,"NeowsBlessing":0,"Oddly Smooth Stone":38,"Turnip":11,"Juzu Bracelet":15,"Cracked Core":0,"Cursed Key":27,"Symbiotic Virus":47}]},"card_choices":[{"not_picked":["Gash","Sunder"],"picked":"Streamline","floor":1.0},{"not_picked":["Doom and Gloom","Gash"],"picked":"Sweeping Beam","floor":3.0},{"not_picked":["Consume","Scrape"],"picked":"White Noise","floor":4.0},{"not_picked":["Redo","Stack"],"picked":"Ball Lightning","floor":5.0},{"not_picked":["Reprogram","Heatsinks"],"picked":"Hello World","floor":6.0},{"not_picked":["Go for the Eyes","Gash"],"picked":"Cold Snap","floor":7.0},{"not_picked":["Beam Cell","Hologram"],"picked":"Ball Lightning","floor":11.0},{"not_picked":["Blizzard","Go for the Eyes","Beam Cell"],"picked":"SKIP","floor":14.0},{"not_picked":["All For One","Machine Learning"],"picked":"Seek","floor":16.0},{"not_picked":["Compile Driver+1","Hologram"],"picked":"Storm+1","floor":18.0},{"not_picked":["Steam Power","Streamline+1"],"picked":"Steam","floor":19.0},{"not_picked":["Coolheaded+1","Streamline","Go for the Eyes"],"picked":"SKIP","floor":24},{"not_picked":["Fusion","Stack"],"picked":"Rip and Tear+1","floor":29},{"not_picked":["Beam Cell+1","Compile Driver+1"],"picked":"Leap","floor":30}],"player_experience":251022,"relics_obtained":[{"floor":6.0,"key":"Turnip"},{"floor":26,"key":"Oddly Smooth Stone"},{"floor":30,"key":"Symbiotic Virus"}],"event_choices":[{"cards_removed":["Defend_B"],"damage_healed":0.0,"max_hp_gain":0.0,"max_hp_loss":0.0,"gold_gain":0.0,"event_name":"Living Wall","player_choice":"Forget","floor":2.0,"gold_loss":0.0,"damage_taken":0.0},{"damage_healed":0.0,"max_hp_gain":0.0,"max_hp_loss":0.0,"gold_gain":0.0,"event_name":"Big Fish","player_choice":"Box","floor":10.0,"gold_loss":0.0,"damage_taken":0.0,"relics_obtained":["Juzu Bracelet"],"cards_obtained":["Regret"]},{"damage_healed":0.0,"max_hp_gain":0.0,"max_hp_loss":0.0,"gold_gain":0.0,"event_name":"WeMeetAgain","player_choice":"Gave Potion","floor":13.0,"gold_loss":0.0,"damage_taken":0.0,"relics_obtained":["Anchor"]},{"cards_removed":["Regret"],"damage_healed":0,"gold_gain":0,"player_choice":"Purged","damage_taken":0,"max_hp_gain":0,"max_hp_loss":0,"event_name":"Purifier","floor":20,"gold_loss":0},{"damage_healed":0,"gold_gain":0,"player_choice":"Copied","damage_taken":0,"max_hp_gain":0,"max_hp_loss":0,"event_name":"Duplicator","floor":21,"gold_loss":0,"cards_obtained":["White Noise"]},{"damage_healed":0,"gold_gain":0,"player_choice":"3 cards matched","damage_taken":0,"max_hp_gain":0,"max_hp_loss":0,"event_name":"Match and Keep!","floor":22,"gold_loss":0,"cards_obtained":["Blind","Auto Shields","Compile Driver"]},{"damage_healed":0,"gold_gain":0,"player_choice":"Opened","damage_taken":0,"relics_obtained":["Blood Vial"],"max_hp_gain":0,"max_hp_loss":0,"event_name":"The Mausoleum","floor":28,"gold_loss":0,"cards_obtained":["Writhe"]}],"is_beta":false,"boss_relics":[{"not_picked":["Coffee Dripper","Busted Crown"],"picked":"Cursed Key"}],"items_purged_floors":[8,25],"is_endless":false,"potions_floor_spawned":[3,5,11,14,16,19,24,29],"killed_by":"Automaton","ascension_level":0}}