{"host":"utqe55yv0jihe4d6","time":1613446632,"event":{"mods":["2.2 Compatiblity","AchievementEnabler","BaseMod","Block Reminder","Colored Map","Colored Powertips","Minty Spire (QoL Compilation)","Quick Restart","Rare Cards Sparkle","Relic Stats","SuperFastMode"],"gold_per_floor":[362,375,450,19,38,38,63,63,115,141,141,141,158,191,191,265,265,276,276,0,20,34,59,59,94,117,151,170,170,183,195,195,274,274,285,301,1300,1300,861,893,893,893],"floor_reached":41,"language":"ENG","playtime":1909,"items_purged":["Strike_R+1","Normality"],"score":1033,"play_id":"e007d590-0585-4313-bca5-6d3b5015b388","local_time":"20210215223712","is_ascension_mode":true,"campfire_choices":[{"floor":6.0,"key":"REST"},{"data":"Apotheosis","floor":8.0,"key":"SMITH"},{"floor":12.0,"key":"REST"},{"data":"Disarm","floor":15.0,"key":"SMITH"},{"floor":24,"key":"REST"},{"floor":32,"key":"REST"}],"circlet_count":0,"master_deck":["AscendersBane","Strike_R+1","Strike_R+1","Strike_R+1","Defend_R+1","Defend_R+1","Defend_R+1","Bash+1","Twin Strike","Feel No Pain","Apotheosis+1","Reaper+1","Flash of Steel","Body Slam","Thunderclap","Disarm+1","Impervious","Spot Weakness","Disarm","Burning Pact","Heavy Blade+1","Dark Embrace","Battle Trance","Second Wind+1","Limit Break","Flame Barrier+1","Normality","True Grit","Mayhem","Dark Embrace","Panacea","Spot Weakness"],"relics":["Burning Blood","Toy Ornithopter","Strawberry","Mercury Hourglass","Vajra","Black Star","Membership Card","Blood Vial","Bottled Flame","Du-Vu Doll","Singing Bowl","Ancient Tea Set","Red Mask","SlaversCollar","Omamori","Regal Pillow","InkBottle","Happy Flower"],"acts_visited":["Exordium","TheCity","TheBeyond"],"potions_floor_usage":[23,23,27,36,40,40],"damage_taken":[{"damage":8.0,"enemies":"2 Louse","floor":1.0,"turns":4.0},{"damage":4.0,"enemies":"Jaw Worm","floor":2.0,"turns":4.0},{"damage":14.0,"enemies":"Small Slimes","floor":5.0,"turns":4.0},{"damage":21.0,"enemies":"Lagavulin","floor":7.0,"turns":7.0},{"damage":27.0,"enemies":"Gremlin Nob","floor":10.0,"turns":4.0},{"damage":0.0,"enemies":"3 Louse","floor":13.0,"turns":3.0},{"damage":16.0,"enemies":"3 Sentries","floor":14.0,"turns":6.0},{"damage":38.0,"enemies":"Hexaghost","floor":16.0,"turns":12.0},{"damage":14,"enemies":"3 Byrds","floor":18,"turns":5},{"damage":28,"enemies":"Spheric Guardian","floor":21,"turns":7},{"damage":26,"enemies":"Snecko","floor":22,"turns":8},{"damage":2,"enemies":"Gremlin Leader","floor":23,"turns":8},{"damage":42,"enemies":"Book of Stabbing","floor":25,"turns":7},{"damage":25,"enemies":"Masked Bandits","floor":27,"turns":6},{"damage":40,"enemies":"Cultist and Chosen","floor":28,"turns":9},{"damage":17,"enemies":"Centurion and Healer","floor":30,"turns":7},{"damage":1,"enemies":"Snake Plant","floor":31,"turns":6},{"damage":51,"enemies":"Champ","floor":33,"turns":20},{"damage":11,"enemies":"3 Shapes","floor":35,"turns":12},{"damage":10,"enemies":"Orb Walker","floor":36,"turns":4},{"damage":86,"enemies":"Nemesis","floor":40,"turns":11},{"damage":11,"enemies":"Sphere and 2 Shapes","floor":41,"turns":5}],"seed_played":"713124215067852094","potions_obtained":[{"floor":5.0,"key":"SmokeBomb"},{"floor":7.0,"key":"Block Potion"},{"floor":10.0,"key":"LiquidBronze"},{"floor":25,"key":"SkillPotion"},{"floor":30,"key":"DistilledChaos"},{"floor":31,"key":"SkillPotion"}],"is_trial":false,"path_per_floor":["M","M","?","$","M","R","E","R","T","E","?","R","M","E","R","B",null,"M","?","$","M","M","E","R","E","T","?","M","?","M","M","R","B",null,"M","M","?","?","$","E","M"],"character_chosen":"IRONCLAD","items_purchased":["Apotheosis","Reaper","Fire Potion","Flash of Steel","Membership Card","Disarm","Burning Pact","Omamori","Regal Pillow","True Grit","Mayhem","FearPotion","Dark Embrace","Panacea"],"campfire_rested":4,"item_purchase_floors":[4,4,4,4,20,20,20,39,39,39,39,39,39,39],"current_hp_per_floor":[48,50,39,39,35,57,49,49,56,44,19,43,49,54,54,31,69,70,70,70,48,34,69,82,46,46,36,20,20,17,31,57,22,72,71,74,74,74,74,7,0,0],"gold":893,"neow_bonus":"TWO_FIFTY_GOLD","is_daily":false,"chose_seed":false,"campfire_upgraded":2,"win_rate":0.0,"timestamp":1613446632,"path_taken":["M","M","?","$","M","R","E","R","T","E","?","R","M","E","R","BOSS","M","?","$","M","M","E","R","E","T","?","M","?","?","M","R","BOSS","M","M","?","?","$","E","M"],"items_purchased_type":["Card","Card","Potion","Card","Relic","Card","Card","Relic","Relic","Card","Card","Potion","Card","Card"],"build_version":"2020-12-22","purchased_purges":2,"victory":false,"max_hp_per_floor":[75,75,75,75,75,75,75,75,82,82,82,82,82,82,82,82,82,82,82,82,82,82,82,82,82,82,84,86,86,88,88,88,88,88,90,90,90,90,90,90,90,90],"relic_stats":{"Blood Vial":18,"Regal Pillow":0,"Singing Bowl":8,"Happy Flower":[1],"counters":[22,155],"Black Star":3,"obtain_stats":[{"Regal Pillow":39,"Singing Bowl":25,"Happy Flower":40,"Vajra":14,"Omamori":39,"Ancient Tea Set":26,"Burning Blood":0,"Mercury Hourglass":10,"Blood Vial":23,"Du-Vu Doll":25,"SlaversCollar":34,"Bottled Flame":23,"Strawberry":9,"Black Star":17,"Red Mask":27,"Membership Card":20,"Toy Ornithopter":7,"InkBottle":40},{"Regal Pillow":20,"Singing Bowl":13,"Happy Flower":21,"Vajra":7,"Omamori":20,"Ancient Tea Set":13,"Burning Blood":0,"Mercury Hourglass":5,"Blood Vial":12,"Du-Vu Doll":13,"SlaversCollar":18,"Bottled Flame":12,"Strawberry":4,"Black Star":8,"Red Mask":14,"Membership Card":9,"Toy Ornithopter":4,"InkBottle":21},{"Regal Pillow":139,"Singing Bowl":78,"Happy Flower":150,"Vajra":31,"Omamori":139,"Ancient Tea Set":78,"Burning Blood":0,"Mercury Hourglass":23,"Blood Vial":71,"Du-Vu Doll":78,"SlaversCollar":124,"Bottled Flame":71,"Strawberry":19,"Black Star":43,"Red Mask":84,"Membership Card":48,"Toy Ornithopter":19,"InkBottle":150}],"Burning Blood":126,"Toy Ornithopter":35,"InkBottle":[1],"Mercury Hourglass":[466]},"card_choices":[{"not_picked":["Headbutt","Reckless Charge"],"picked":"Twin Strike","floor":1.0},{"not_picked":["Twin Strike","Battle Trance"],"picked":"Feel No Pain","floor":2.0},{"not_picked":["Wild Strike","Havoc"],"picked":"Body Slam","floor":5.0},{"not_picked":["Dark Embrace","Rampage"],"picked":"Thunderclap","floor":7.0},{"not_picked":["Berserk","Perfected Strike"],"picked":"Disarm","floor":10.0},{"not_picked":["Perfected Strike","Reckless Charge","Infernal Blade"],"picked":"SKIP","floor":13.0},{"not_picked":["Headbutt","Feel No Pain","Sword Boomerang"],"picked":"SKIP","floor":14.0},{"not_picked":["Fiend Fire","Berserk"],"picked":"Impervious","floor":16.0},{"not_picked":["Power Through+1","Second Wind"],"picked":"Spot Weakness","floor":18},{"not_picked":["Cleave","Metallicize","Whirlwind"],"picked":"SKIP","floor":21},{"not_picked":["Havoc","Seeing Red"],"picked":"Heavy Blade+1","floor":22},{"not_picked":["Entrench","Juggernaut"],"picked":"Dark Embrace","floor":23},{"not_picked":["Power Through","Thunderclap"],"picked":"Battle Trance","floor":25},{"not_picked":["Dropkick","Clash","Flex"],"picked":"Singing Bowl","floor":27},{"not_picked":["Perfected Strike","Warcry","Headbutt"],"picked":"Singing Bowl","floor":28},{"not_picked":["Warcry","Armaments","Ghostly Armor"],"picked":"Singing Bowl","floor":30},{"not_picked":["Wild Strike","Flex"],"picked":"Second Wind+1","floor":31},{"not_picked":["Double Tap","Berserk"],"picked":"Limit Break","floor":33},{"not_picked":["Thunderclap","Pommel Strike","Twin Strike"],"picked":"Singing Bowl","floor":35},{"not_picked":["Blood for Blood","Body Slam"],"picked":"Flame Barrier+1","floor":36},{"not_picked":["Carnage","Whirlwind+1"],"picked":"Spot Weakness","floor":40}],"player_experience":3073818,"relics_obtained":[{"floor":7.0,"key":"Toy Ornithopter"},{"floor":9.0,"key":"Strawberry"},{"floor":10.0,"key":"Mercury Hourglass"},{"floor":14.0,"key":"Vajra"},{"floor":23,"key":"Blood Vial"},{"floor":23,"key":"Bottled Flame"},{"floor":25,"key":"Du-Vu Doll"},{"floor":25,"key":"Singing Bowl"},{"floor":26,"key":"Ancient Tea Set"},{"floor":27,"key":"Red Mask"},{"floor":40,"key":"InkBottle"},{"floor":40,"key":"Happy Flower"}],"event_choices":[{"damage_healed":0.0,"max_hp_gain":0.0,"max_hp_loss":0.0,"gold_gain":75.0,"event_name":"World of Goop","player_choice":"Gather Gold","floor":3.0,"gold_loss":0.0,"damage_taken":11.0},{"damage_healed":0.0,"max_hp_gain":0.0,"max_hp_loss":0.0,"gold_gain":0.0,"event_name":"Shining Light","player_choice":"Entered Light","floor":11.0,"gold_loss":0.0,"damage_taken":25.0,"cards_upgraded":["Bash","Reaper"]},{"damage_healed":0,"gold_gain":0,"player_choice":"Simplicity","damage_taken":0,"max_hp_gain":0,"max_hp_loss":0,"event_name":"Back to Basics","floor":19,"gold_loss":0,"cards_upgraded":["Strike_R","Strike_R","Strike_R","Strike_R","Strike_R","Defend_R","Defend_R","Defend_R","Defend_R"]},{"damage_healed":0,"gold_gain":0,"player_choice":"Fought Bandits","damage_taken":0,"max_hp_gain":0,"max_hp_loss":0,"event_name":"Masked Bandits","floor":27,"gold_loss":0},{"cards_removed":["Strike_R"],"damage_healed":0,"gold_gain":0,"player_choice":"Purged","damage_taken":0,"max_hp_gain":0,"max_hp_loss":0,"event_name":"Purifier","floor":29,"gold_loss":0},{"damage_healed":0,"gold_gain":999,"player_choice":"Gold","damage_taken":0,"max_hp_gain":0,"max_hp_loss":0,"event_name":"MindBloom","floor":37,"gold_loss":0,"cards_obtained":["Normality","Normality"]},{"cards_removed":["Defend_R"],"damage_healed":0,"gold_gain":0,"player_choice":"Removed Skill","damage_taken":0,"max_hp_gain":0,"max_hp_loss":0,"event_name":"Falling","floor":38,"gold_loss":0}],"is_beta":false,"boss_relics":[{"not_picked":["Black Blood","Philosopher\u0027s Stone"],"picked":"Black Star"},{"not_picked":["Pandora\u0027s Box","Snecko Eye"],"picked":"SlaversCollar"}],"items_purged_floors":[20,39],"is_endless":false,"potions_floor_spawned":[5,7,10,16,21,22,25,30,31,35],"killed_by":"Sphere and 2 Shapes","ascension_level":20}}