{"host":"kpcx2wrn7eq3nf7c","time":1613457576,"event":{"mods":["100% Spire Juice","Act Like it!","BaseMod","CapriCore","Friendly Minions","Gensokyo","Hermit","Koishi","Marisa（霧雨　魔理沙）","Minty Spire (QoL Compilation)","StSLib","The Animator","The Immortal","The Servant 0.9.4","Waifu the Spire","Youmu（魂魄妖梦）"],"gold_per_floor":[113,113,113,113,132,132,162,162,162,162,175,175,175,200,80,200,80,96,46,46,71,96,15,25,25,25,25,25,46,82,101,101,101,101],"floor_reached":33,"language":"ZHS","playtime":1589,"items_purged":[],"score":298,"play_id":"891d8309-27b8-4d27-9d6d-148dfdb20f7e","local_time":"20210216143936","is_ascension_mode":false,"campfire_choices":[{"data":"Moonworks:RedAndBlue","floor":6,"key":"SMITH"},{"floor":8,"key":"REST"},{"data":"Moonworks:CloudOfSeagulls","floor":10,"key":"SMITH"},{"data":"Moonworks:MiracleRedBeanIceCream","floor":12,"key":"SMITH"},{"data":"Moonworks:ScrambledEve","floor":15,"key":"SMITH"},{"data":"Moonworks:OutOfAmmo","floor":25,"key":"SMITH"},{"data":"Moonworks:CloudOfSeagulls","floor":28,"key":"SMITH"},{"floor":32,"key":"REST"}],"circlet_count":0,"master_deck":["Moonworks:Strike","Moonworks:Strike","Moonworks:Strike","Moonworks:Defend","Moonworks:Defend","Moonworks:Defend","Moonworks:Defend","Moonworks:Ambush","Moonworks:LongDistanceShot","Moonworks:RedAndBlue+1","Moonworks:CloudOfSeagulls+1","Moonworks:MiracleRedBeanIceCream+1","Moonworks:ScrambledEve+1","Moonworks:OutOfAmmo+1","Moonworks:CloudOfSeagulls+1","Moonworks:ScrambledEve","Moonworks:LulusLuckyEgg","Moonworks:SealedMemories+1","Moonworks:GoAway"],"relics":["Moonworks:BrokenBomb","Moonworks:Homemark","Golden Idol","HornCleat","Sundial","White Beast Statue","Black Star","Blood Vial","InkBottle","StrikeDummy","Blue Candle","The Courier"],"acts_visited":["Exordium","Gensokyo:Gensokyoer"],"potions_floor_usage":[22,30,30],"damage_taken":[{"damage":1,"enemies":"Jaw Worm","floor":1,"turns":4},{"damage":4,"enemies":"2 Louse","floor":5,"turns":2},{"damage":0,"enemies":"Small Slimes","floor":11,"turns":3},{"damage":10,"enemies":"Exordium Thugs","floor":14,"turns":3},{"damage":10,"enemies":"Hexaghost","floor":16,"turns":9},{"damage":6,"enemies":"Gensokyo:3_Dogs","floor":18,"turns":6},{"damage":11,"enemies":"Gensokyo:2_Gloops","floor":21,"turns":5},{"damage":21,"enemies":"Gensokyo:Slime_Group","floor":22,"turns":5},{"damage":12,"enemies":"Gensokyo:Koishi","floor":23,"turns":6},{"damage":19,"enemies":"Gensokyo:Wraith","floor":29,"turns":4},{"damage":12,"enemies":"Gensokyo:Reisen","floor":30,"turns":6},{"damage":26,"enemies":"Gensokyo:Chomper_and_Gloop","floor":31,"turns":4},{"damage":33,"enemies":"Gensokyo:Eternal_Rivals","floor":33,"turns":3}],"seed_played":"-4620659345081227309","potions_obtained":[{"floor":11,"key":"GamblersBrew"},{"floor":14,"key":"LiquidBronze"},{"floor":16,"key":"SteroidPotion"},{"floor":18,"key":"BlessingOfTheForge"},{"floor":22,"key":"SkillPotion"},{"floor":23,"key":"PowerPotion"},{"floor":29,"key":"EssenceOfSteel"},{"floor":30,"key":"LiquidBronze"},{"floor":31,"key":"EntropicBrew"}],"is_trial":false,"path_per_floor":["M","?","?","?","M","R","?","R","T","R","M","R","?","M","R","B",null,"M","?","$","M","M","E","?","R","T","?","R","M","E","M","R","B"],"character_chosen":"THE_STARBREAKER","items_purchased":[],"campfire_rested":2,"item_purchase_floors":[],"current_hp_per_floor":[65,65,49,24,20,20,20,39,39,39,39,39,44,39,39,34,71,70,77,77,66,50,43,43,43,43,43,43,31,26,7,29,0,0],"gold":101,"neow_bonus":"TEN_PERCENT_HP_BONUS","is_daily":false,"chose_seed":false,"campfire_upgraded":6,"win_rate":0.0,"timestamp":1613457576,"path_taken":["M","?","?","?","M","R","?","R","T","R","M","R","?","M","R","BOSS","M","?","?","?","M","E","?","R","T","?","R","M","E","M","R","BOSS"],"items_purchased_type":[],"build_version":"2020-12-22","purchased_purges":0,"victory":false,"max_hp_per_floor":[66,66,66,66,66,66,66,66,66,66,66,66,71,71,71,71,71,71,78,78,78,78,78,74,74,74,74,74,74,74,74,74,74,74],"card_choices":[{"not_picked":["Moonworks:CloudOfSeagulls","Moonworks:UnpaidWork"],"picked":"Moonworks:RedAndBlue","floor":1},{"not_picked":["Moonworks:ImOnFire","Moonworks:Assault"],"picked":"Moonworks:CloudOfSeagulls","floor":5},{"not_picked":["Moonworks:MiracleWalker","Moonworks:CloudOfSeagulls"],"picked":"Moonworks:MiracleRedBeanIceCream","floor":11},{"not_picked":["Moonworks:JonathanRush","Moonworks:Assault"],"picked":"Moonworks:ScrambledEve","floor":14},{"not_picked":["Moonworks:MetallicMonocoque","Moonworks:ShieldCounter"],"picked":"Moonworks:OutOfAmmo","floor":16},{"not_picked":["Moonworks:DeployBits","Moonworks:LulusLuckyEgg","Moonworks:IndiscriminateFireSupport+1"],"picked":"SKIP","floor":18},{"not_picked":["Moonworks:ImOnFire+1","Moonworks:FinalSurgery"],"picked":"Moonworks:CloudOfSeagulls","floor":21},{"not_picked":["Moonworks:DeployBits+1","Moonworks:EvilSpyWorkPreparation"],"picked":"Moonworks:ScrambledEve","floor":22},{"not_picked":["Moonworks:DeployBits","Moonworks:ImOnFire"],"picked":"Moonworks:LulusLuckyEgg","floor":23},{"not_picked":["Moonworks:DeployBits","Moonworks:JonathanRush","Moonworks:BigMagnum+1"],"picked":"SKIP","floor":29},{"not_picked":["Moonworks:DeployBits","Moonworks:FinalSurgery"],"picked":"Moonworks:SealedMemories+1","floor":30},{"not_picked":["Moonworks:LulusLuckyEgg","Moonworks:NicePresent"],"picked":"Moonworks:GoAway","floor":31}],"player_experience":1248772,"relics_obtained":[{"floor":9,"key":"White Beast Statue"},{"floor":23,"key":"Blood Vial"},{"floor":23,"key":"InkBottle"},{"floor":26,"key":"StrikeDummy"},{"floor":30,"key":"Blue Candle"},{"floor":30,"key":"The Courier"}],"event_choices":[{"cards_removed":["Moonworks:Strike"],"damage_healed":0,"gold_gain":0,"player_choice":"Forget","damage_taken":0,"max_hp_gain":0,"max_hp_loss":0,"event_name":"Living Wall","floor":2,"gold_loss":0},{"damage_healed":0,"gold_gain":0,"player_choice":"Take Damage","damage_taken":16,"relics_obtained":["Golden Idol"],"max_hp_gain":0,"max_hp_loss":0,"event_name":"Golden Idol","floor":3,"gold_loss":0},{"damage_healed":0,"gold_gain":0,"player_choice":"Success","damage_taken":25,"relics_obtained":["HornCleat"],"max_hp_gain":0,"max_hp_loss":0,"event_name":"Scrap Ooze","floor":4,"gold_loss":0},{"damage_healed":0,"gold_gain":30,"player_choice":"Searched \u00272\u0027 times","damage_taken":0,"relics_obtained":["Sundial"],"max_hp_gain":0,"max_hp_loss":0,"event_name":"Dead Adventurer","floor":7,"gold_loss":0},{"damage_healed":0,"gold_gain":0,"player_choice":"Donut","damage_taken":0,"max_hp_gain":5,"max_hp_loss":0,"event_name":"Big Fish","floor":13,"gold_loss":0}],"is_beta":false,"boss_relics":[{"not_picked":["Philosopher\u0027s Stone","Snecko Eye"],"picked":"Black Star"}],"items_purged_floors":[],"is_endless":false,"potions_floor_spawned":[11,14,16,18,21,22,23,29,30,31],"killed_by":"Gensokyo:Eternal_Rivals","ascension_level":0}}