{"host":"yaxsefyig1et0yi2","time":1613513414,"event":{"mods":["Aspiration","BaseMod","BetterRewards","Colored Powertips","Conspire","Displayed Cursed Tome","Downfall","Halation","Hubris","Infinite Spire","JesterMod","Minty Spire (QoL Compilation)","Quick Restart","RatMod","Replay The Spire","Reworked Bosses","Spikes Relics","StSLib","The Bug Knight","The Jungle"],"gold_per_floor":[110,128,143,24,35,66,79,79,127,127,160,160,178,193,193,297,397,408,427,427,477,496,496,527,527,572,586,586,603,486,496,496,601,601,613,269,269,269,308,308,323,343,343,361,379,379,396,431,431,431],"floor_reached":51,"language":"ENG","playtime":3659,"items_purged":[],"score":688,"play_id":"61efddce-8470-4a0a-a71a-f1c203d5f608","local_time":"20210216171014","is_ascension_mode":false,"campfire_choices":[{"data":"Eruption","floor":8.0,"key":"SMITH"},{"data":"BattleHymn","floor":10.0,"key":"SMITH"},{"floor":15.0,"key":"REST"},{"data":"Fasting2","floor":23.0,"key":"SMITH"},{"data":"Halt","floor":25.0,"key":"SMITH"},{"data":"infinitespire:NeuralNetwork","floor":32.0,"key":"SMITH"},{"data":"Replay:Dark Deal","floor":40.0,"key":"SMITH"},{"data":"Replay:Dark Deal","floor":46.0,"key":"SMITH"},{"data":"Crescendo","floor":49,"key":"SMITH"}],"circlet_count":0,"master_deck":["conspire:GhostlyStrike","conspire:GhostlyStrike","conspire:GhostlyStrike","conspire:GhostlyStrike","conspire:GhostlyDefend","conspire:GhostlyDefend","conspire:GhostlyDefend","conspire:GhostlyDefend","Eruption+1","Vigilance","FlurryOfBlows","Tantrum","WheelKick","PathToVictory","BattleHymn+1","SashWhip","Prostrate","Halt+1","FollowUp","Prostrate","Prostrate","Wish","ThirdEye+1","FollowUp","Fasting2+1","Indignation","Consecrate","infinitespire:NeuralNetwork+1","BowlingBash+1","Replay:LoomingThreat+1","CrushJoints+1","Alpha","Consecrate","Replay:Dark Deal+1","Replay:Dark Deal+1","Halt","Halt","Adaptation","DeceiveReality+1","PathToVictory+1","Consecrate+1","Crescendo+1"],"relics":["PureWater","NeowsBlessing","hubris:SlimyHat","Omamori","ReplayTheSpireMod:Shallot","Replay:Grab Bag","Replay:Wanted Poster","Replay:Bronze Core","aspiration:RitualDagger","hubris:Towel","hubris:ToyBattleship","Oddly Smooth Stone","Sandwich","halation:NonexistentMirror","hubris:PeanutButter","infinitespire:WardingShard"],"acts_visited":["Exordium","TheCity","TheBeyond"],"potions_floor_usage":[48,48,50,50],"damage_taken":[{"damage":0.0,"enemies":"Cultist","floor":1.0,"turns":1.0},{"damage":0.0,"enemies":"2 Louse","floor":2.0,"turns":1.0},{"damage":0.0,"enemies":"Jaw Worm","floor":3.0,"turns":1.0},{"damage":5.0,"enemies":"Looter","floor":5.0,"turns":2.0},{"damage":31.0,"enemies":"Lagavulin","floor":6.0,"turns":5.0},{"damage":0.0,"enemies":"3 Louse","floor":7.0,"turns":2.0},{"damage":0.0,"enemies":"Gremlin Nob","floor":11.0,"turns":2.0},{"damage":8.0,"enemies":"Lots of Slimes","floor":13.0,"turns":4.0},{"damage":16.0,"enemies":"Exordium Thugs","floor":14.0,"turns":3.0},{"damage":4.0,"enemies":"Fading Forest","floor":16.0,"turns":11.0},{"damage":11.0,"enemies":"Chosen","floor":18.0,"turns":3.0},{"damage":6.0,"enemies":"Spheric Guardian","floor":19.0,"turns":2.0},{"damage":26.0,"enemies":"Snake Plant","floor":22.0,"turns":2.0},{"damage":20.0,"enemies":"Slavers","floor":24.0,"turns":5.0},{"damage":25.0,"enemies":"Shelled Parasite and Fungi","floor":27.0,"turns":3.0},{"damage":21.0,"enemies":"Chosen and Byrds","floor":29.0,"turns":4.0},{"damage":18.0,"enemies":"Cultist and Chosen","floor":31.0,"turns":3.0},{"damage":18.0,"enemies":"bossMod:newChamp","floor":33.0,"turns":6.0},{"damage":9.0,"enemies":"3 Darklings","floor":35.0,"turns":3.0},{"damage":6.0,"enemies":"Orb Walker","floor":41.0,"turns":2.0},{"damage":22.0,"enemies":"3 Darklings","floor":42.0,"turns":4.0},{"damage":15.0,"enemies":"Maw","floor":44.0,"turns":5.0},{"damage":7.0,"enemies":"Transient","floor":45.0,"turns":5.0},{"damage":0,"enemies":"3 Darklings","floor":47,"turns":1},{"damage":29,"enemies":"Giant Head","floor":48,"turns":6},{"damage":5,"enemies":"Replay:Hell Engine","floor":50,"turns":3}],"seed_played":"-5694716131548371479","potions_obtained":[{"floor":5.0,"key":"FearPotion"},{"floor":7.0,"key":"BlessingOfTheForge"},{"floor":13.0,"key":"hexamod:SoulburnPotion"},{"floor":18.0,"key":"LiquidBronze"},{"floor":22.0,"key":"Adrenaline Potion"},{"floor":29.0,"key":"ColorlessPotion"},{"floor":37.0,"key":"Milkshake"},{"floor":37.0,"key":"Milkshake"},{"floor":37.0,"key":"DistilledChaos"},{"floor":39.0,"key":"SpeedPotion"},{"floor":39.0,"key":"infinitespire:BlackPotion"},{"floor":42.0,"key":"champ:CounterPotion"},{"floor":45.0,"key":"LiquidMemories"},{"floor":48,"key":"Strength Potion"}],"is_trial":false,"path_per_floor":["M","M","M","$","M","E","M","R","T","R","E","?","M","M","R","B",null,"M","M","?","?","M","R","E","R","T","M","?","M","$","M","R","B",null,"M","$","?","$","?","R","M","M","T","M","M","R","M","E","R","B",null],"character_chosen":"WATCHER","items_purchased":["PathToVictory","BattleHymn","Replay:LoomingThreat+1","halation:NonexistentMirror","Replay:Dark Deal"],"campfire_rested":1,"item_purchase_floors":[4,4,30,36,36],"current_hp_per_floor":[72,72,72,72,67,36,36,36,36,36,36,36,28,12,33,37,72,61,55,55,55,29,29,9,9,9,72,53,45,45,48,48,72,72,72,72,72,72,44,44,61,66,66,71,72,72,72,72,72,69],"gold":431,"neow_bonus":"THREE_ENEMY_KILL","is_daily":false,"chose_seed":false,"campfire_upgraded":8,"win_rate":0.0,"timestamp":1613513414,"path_taken":["M","M","M","?","M","E","M","R","T","R","E","?","M","M","R","BOSS","M","M","?","?","M","R","E","R","T","?","?","M","?","M","R","BOSS","M","$","?","?","?","R","M","M","T","M","M","R","M","E","R","BOSS"],"items_purchased_type":["Card","Card","Card","Relic","Card"],"build_version":"2020-12-22","purchased_purges":0,"victory":true,"max_hp_per_floor":[72,72,72,72,72,72,72,72,72,72,72,72,72,72,72,72,72,72,72,72,72,72,72,72,72,72,72,72,72,72,72,72,72,72,72,72,72,72,72,72,72,72,72,72,72,72,72,72,72,72],"card_choices":[{"not_picked":["Replay:AtTheReady","LikeWater"],"picked":"FlurryOfBlows","floor":1.0},{"not_picked":["Nirvana","CrushJoints"],"picked":"Tantrum","floor":2.0},{"not_picked":["Collect","ReachHeaven"],"picked":"WheelKick","floor":3.0},{"not_picked":["CutThroughFate","FlyingSleeves"],"picked":"SashWhip","floor":5.0},{"not_picked":["CutThroughFate","Worship"],"picked":"Prostrate","floor":6.0},{"not_picked":["Evaluate","Replay:DivineShield"],"picked":"Halt","floor":7.0},{"not_picked":["Collect","Vault"],"picked":"FollowUp","floor":11.0},{"not_picked":["WheelKick","MentalFortress"],"picked":"Prostrate","floor":13.0},{"not_picked":["Evaluate","Consecrate"],"picked":"Prostrate","floor":14.0},{"not_picked":["Brilliance","ConjureBlade"],"picked":"Wish","floor":16.0},{"not_picked":["Replay:Cycle","JustLucky+1"],"picked":"ThirdEye+1","floor":18.0},{"not_picked":["EmptyBody+1","FearNoEvil"],"picked":"FollowUp","floor":19.0},{"not_picked":["Evaluate","Replay:DivineShield"],"picked":"Fasting2","floor":22.0},{"not_picked":["Replay:ManipulateFuture+1","EmptyBody"],"picked":"Indignation","floor":24.0},{"not_picked":["Replay:BluntJabs","ThirdEye"],"picked":"Consecrate","floor":27.0},{"not_picked":["infinitespire:Starlight","hubris:Fate"],"picked":"infinitespire:NeuralNetwork","floor":28.0},{"not_picked":["Sanctity","EmptyBody+1"],"picked":"BowlingBash+1","floor":29.0},{"not_picked":["LikeWater","Fasting2"],"picked":"CrushJoints+1","floor":31.0},{"not_picked":["SpiritShield","Omniscience"],"picked":"Alpha","floor":33.0},{"not_picked":["CutThroughFate","FollowUp"],"picked":"Consecrate","floor":35.0},{"not_picked":["FollowUp+1","SashWhip"],"picked":"Halt","floor":39.0},{"not_picked":["SashWhip+1","Replay:DivineShield+1"],"picked":"Adaptation","floor":41.0},{"not_picked":["CrushJoints","ThirdEye"],"picked":"DeceiveReality+1","floor":42.0},{"not_picked":["TalkToTheHand","CutThroughFate"],"picked":"PathToVictory+1","floor":44.0},{"not_picked":["ReachHeaven","CutThroughFate"],"picked":"Consecrate+1","floor":45.0},{"not_picked":["EmptyFist","CrushJoints+1"],"picked":"Crescendo","floor":47},{"not_picked":["Evaluate+1","ClearTheMind","Protect"],"picked":"SKIP","floor":48}],"player_experience":292222,"relics_obtained":[{"floor":6.0,"key":"hubris:SlimyHat"},{"floor":9.0,"key":"Omamori"},{"floor":11.0,"key":"ReplayTheSpireMod:Shallot"},{"floor":24.0,"key":"hubris:ToyBattleship"},{"floor":26.0,"key":"Oddly Smooth Stone"},{"floor":43.0,"key":"hubris:PeanutButter"},{"floor":48,"key":"infinitespire:WardingShard"}],"event_choices":[{"damage_healed":0.0,"max_hp_gain":0.0,"max_hp_loss":0.0,"gold_gain":0.0,"event_name":"conspire:LoneGhost","player_choice":"Agree","floor":12.0,"gold_loss":0.0,"damage_taken":0.0},{"damage_healed":0.0,"max_hp_gain":0.0,"max_hp_loss":0.0,"gold_gain":100.0,"event_name":"The Joust","player_choice":"Bet on Murderer","floor":21.0,"gold_loss":50.0,"damage_taken":0.0},{"damage_healed":0.0,"max_hp_gain":0.0,"max_hp_loss":0.0,"gold_gain":0.0,"event_name":"Lab","player_choice":"Got Potions","floor":37.0,"gold_loss":0.0,"damage_taken":0.0}],"is_beta":false,"boss_relics":[{"not_picked":["Ectoplasm","halation:PlatinumPhoenix"],"picked":"Replay:Grab Bag"},{"not_picked":["halation:CatFaceCupcake","halation:SmartPhone"],"picked":"Replay:Wanted Poster"},{"not_picked":["infinitespire:Cupcake","ReplayTheSpireMod:Onyx Gauntlets"],"picked":"Replay:Bronze Core"},{"not_picked":["hubris:HollowSoul","Pandora\u0027s Box"],"picked":"aspiration:RitualDagger"},{"not_picked":["Astrolabe","conspire:RunicOctahedron"],"picked":"Sandwich"}],"items_purged_floors":[],"is_endless":false,"potions_floor_spawned":[5,7,13,18,22,29,42,45,48],"ascension_level":0}}