{"host":"tr0r177cvmpvg89h","time":1613517400,"event":{"mods":["BaseMod","Colored Map","DeckTracker","Minty Spire (QoL Compilation)","StSLib","SuperFastMode"],"gold_per_floor":[109,124,299,311,325,352,352,368,368,368,383,398,411,423,423,423,423],"floor_reached":16,"language":"KOR","playtime":1353,"items_purged":[],"score":108,"play_id":"3713ea3c-3868-4467-b592-bc5f6effb630","local_time":"20210217081640","is_ascension_mode":false,"campfire_choices":[{"data":"Clash","floor":7,"key":"SMITH"},{"data":"Hemokinesis","floor":10,"key":"SMITH"},{"data":"Dual Wield","floor":15,"key":"SMITH"}],"circlet_count":0,"master_deck":["Strike_R","Strike_R","Strike_R","Strike_R","Strike_R","Defend_R","Defend_R","Defend_R","Defend_R","Bash","Hemokinesis+1","Thunderclap","Doubt","Feel No Pain","Power Through","Clash+1","Dual Wield+1","Headbutt","Anger","Shrug It Off"],"relics":["Burning Blood","CaptainsWheel","Paper Frog","Singing Bowl"],"acts_visited":["Exordium"],"potions_floor_usage":[6,6,13,14,16],"damage_taken":[{"damage":12,"enemies":"2 Louse","floor":1,"turns":3},{"damage":7,"enemies":"Jaw Worm","floor":2,"turns":3},{"damage":3,"enemies":"Cultist","floor":4,"turns":3},{"damage":4,"enemies":"Blue Slaver","floor":5,"turns":4},{"damage":19,"enemies":"3 Sentries","floor":6,"turns":10},{"damage":5,"enemies":"Red Slaver","floor":8,"turns":3},{"damage":14,"enemies":"Looter","floor":11,"turns":5},{"damage":14,"enemies":"3 Louse","floor":12,"turns":4},{"damage":18,"enemies":"Red Slaver","floor":13,"turns":5},{"damage":9,"enemies":"2 Fungi Beasts","floor":14,"turns":2},{"damage":32,"enemies":"Slime Boss","floor":16,"turns":8}],"seed_played":"630110919185051345","potions_obtained":[{"floor":1,"key":"ColorlessPotion"},{"floor":5,"key":"CultistPotion"},{"floor":12,"key":"PowerPotion"},{"floor":13,"key":"Weak Potion"},{"floor":14,"key":"Regen Potion"}],"is_trial":false,"path_per_floor":["M","M","?","M","M","E","R","M","T","R","M","M","M","M","R","B"],"character_chosen":"IRONCLAD","items_purchased":[],"campfire_rested":0,"item_purchase_floors":[],"current_hp_per_floor":[50,49,49,52,54,41,41,42,42,42,34,26,14,11,11,0,0],"gold":423,"neow_bonus":"ONE_RARE_RELIC","is_daily":false,"chose_seed":false,"campfire_upgraded":3,"win_rate":0.0,"timestamp":1613517400,"path_taken":["M","M","?","M","M","E","R","M","T","R","M","M","M","M","R","BOSS"],"items_purchased_type":[],"build_version":"2020-12-22","purchased_purges":0,"victory":false,"max_hp_per_floor":[80,80,80,80,80,80,80,80,80,80,80,80,80,80,80,80,80],"card_choices":[{"not_picked":["Reckless Charge","Warcry"],"picked":"Hemokinesis","floor":1},{"not_picked":["Shrug It Off","Flex"],"picked":"Thunderclap","floor":2},{"not_picked":["Anger","Cleave"],"picked":"Feel No Pain","floor":4},{"not_picked":["Searing Blow","Clothesline"],"picked":"Power Through","floor":5},{"not_picked":["Fire Breathing","Perfected Strike"],"picked":"Clash","floor":6},{"not_picked":["Shrug It Off","Battle Trance","Twin Strike"],"picked":"SKIP","floor":8},{"not_picked":["Uppercut","Entrench"],"picked":"Dual Wield","floor":11},{"not_picked":["Disarm","Fire Breathing"],"picked":"Headbutt","floor":12},{"not_picked":["Exhume","Cleave"],"picked":"Anger","floor":13},{"not_picked":["Power Through","Armaments"],"picked":"Shrug It Off","floor":14}],"player_experience":70825,"relics_obtained":[{"floor":6,"key":"Paper Frog"},{"floor":9,"key":"Singing Bowl"}],"event_choices":[{"damage_healed":0,"gold_gain":175,"player_choice":"AGREE","damage_taken":0,"max_hp_gain":0,"max_hp_loss":0,"event_name":"Liars Game","floor":3,"gold_loss":0,"cards_obtained":["Doubt"]}],"is_beta":false,"boss_relics":[],"items_purged_floors":[],"is_endless":false,"potions_floor_spawned":[1,5,12,13,14],"killed_by":"Slime Boss","ascension_level":0}}