{"host":"pj05r22d3fegil3v","time":1613466116,"event":{"mods":["BaseMod","Better Altar","Better Match","Better Note","Better Sensory Stone","Better Skull","Better Third Choice","BetterRewards","Card Filter","Colored Powertips","Curses Come First","Custom Start","DeckTracker","Displayed Cursed Tome","Evolution","Minty Spire (QoL Compilation)","Quick Restart","Rare Cards Sparkle","Relic Filter Mod","Smile Girya","StSLib","Weighted Paths","everything is the same but u backflip on backflip","slay the spire mod where everything is the same but ironclad has a cowboy hat"],"gold_per_floor":[115,129,179,60,110,138,138,156,229,229,293,313,343,412,412,509,509,524,574,585,652,720,752,752,767,794,794,820,252,252,271,271,367,367,387,87,105,155,253,285,285,298,298,298,348,373,373,389,389,389,389,389,59,90,90],"floor_reached":56,"language":"ENG","playtime":3026,"items_purged":["Zap","Dualcast","Recycle","Leap","Leap"],"score":1720,"play_id":"a796b254-988b-4ff0-a537-4f054d9f015d","local_time":"20210216040156","is_ascension_mode":true,"campfire_choices":[{"data":"Defragment","floor":7,"key":"SMITH"},{"data":"Defragment","floor":10,"key":"SMITH"},{"data":"Capacitor","floor":15,"key":"SMITH"},{"data":"Consume","floor":24,"key":"SMITH"},{"data":"Turbo","floor":27,"key":"SMITH"},{"data":"Coolheaded","floor":30,"key":"SMITH"},{"data":"Coolheaded","floor":32,"key":"SMITH"},{"data":"Blizzard","floor":41,"key":"SMITH"},{"data":"Blizzard","floor":44,"key":"SMITH"},{"floor":47,"key":"RECALL"},{"data":"Cold Snap","floor":49,"key":"SMITH"},{"data":"Cold Snap","floor":52,"key":"SMITH"}],"circlet_count":0,"master_deck":["Cold Snap+1","Cold Snap+1","Cold Snap+1","Cold Snap+1","Defragment+1","Defragment+1","Blizzard+1","Capacitor+1","Blizzard+1","Coolheaded+1","Mayhem+1","Consume+1","Coolheaded+1","Turbo+1","Coolheaded+1","Coolheaded+1","Mayhem+1","Chill"],"relics":["Cracked Core","EVO:Axolotl","Whetstone","SsserpentHead","Centennial Puzzle","Lantern","Inserter","StrikeDummy","Anchor","Oddly Smooth Stone","Lee\u0027s Waffle","Prayer Wheel","Philosopher\u0027s Stone","Sling","Bird Faced Urn","Blood Vial","Unceasing Top","DollysMirror","Du-Vu Doll"],"acts_visited":["Exordium","TheCity","TheBeyond","TheEnding"],"potions_floor_usage":[11,23,55,55,55],"damage_taken":[{"damage":0,"enemies":"Cultist","floor":1,"turns":4},{"damage":1,"enemies":"2 Louse","floor":2,"turns":2},{"damage":9,"enemies":"3 Sentries","floor":6,"turns":6},{"damage":0,"enemies":"Small Slimes","floor":8,"turns":3},{"damage":1,"enemies":"Gremlin Gang","floor":11,"turns":3},{"damage":0,"enemies":"Gremlin Nob","floor":13,"turns":4},{"damage":0,"enemies":"Looter","floor":14,"turns":3},{"damage":5,"enemies":"Slime Boss","floor":16,"turns":8},{"damage":15,"enemies":"3 Byrds","floor":18,"turns":5},{"damage":0,"enemies":"Shell Parasite","floor":20,"turns":7},{"damage":1,"enemies":"Cultist and Chosen","floor":21,"turns":8},{"damage":2,"enemies":"Shelled Parasite and Fungi","floor":22,"turns":7},{"damage":32,"enemies":"Slavers","floor":23,"turns":5},{"damage":0,"enemies":"Centurion and Healer","floor":25,"turns":7},{"damage":6,"enemies":"Book of Stabbing","floor":28,"turns":9},{"damage":4,"enemies":"3 Cultists","floor":31,"turns":5},{"damage":3,"enemies":"Champ","floor":33,"turns":14},{"damage":21,"enemies":"3 Darklings","floor":35,"turns":5},{"damage":0,"enemies":"Orb Walker","floor":37,"turns":3},{"damage":0,"enemies":"2 Orb Walkers","floor":39,"turns":7},{"damage":0,"enemies":"Giant Head","floor":40,"turns":9},{"damage":0,"enemies":"Transient","floor":42,"turns":5},{"damage":16,"enemies":"Nemesis","floor":46,"turns":7},{"damage":15,"enemies":"3 Darklings","floor":48,"turns":4},{"damage":0,"enemies":"Donu and Deca","floor":50,"turns":7},{"damage":23,"enemies":"Shield and Spear","floor":54,"turns":6},{"damage":39,"enemies":"The Heart","floor":55,"turns":8}],"seed_played":"-8842350741956787184","potions_obtained":[{"floor":8,"key":"FocusPotion"},{"floor":11,"key":"Energy Potion"},{"floor":12,"key":"CultistPotion"},{"floor":12,"key":"Weak Potion"},{"floor":20,"key":"CultistPotion"},{"floor":21,"key":"PowerPotion"},{"floor":22,"key":"DuplicationPotion"},{"floor":33,"key":"SteroidPotion"},{"floor":35,"key":"SkillPotion"}],"is_trial":false,"path_per_floor":["M","M","?","$","?","E","R","M","T","R","M","?","E","M","R","B",null,"M","?","M","M","M","E","R","M","T","R","E","$","R","M","R","B",null,"M","$","M","?","?","E","R","M","T","R","?","E","R","M","R","B",null,"R","$","E","B",null],"character_chosen":"DEFECT","items_purchased":["Defragment","Whetstone","Defragment","Blizzard","Capacitor","Blizzard","Lee\u0027s Waffle","Prayer Wheel","Sling","DollysMirror"],"campfire_rested":0,"item_purchase_floors":[0,0,0,0,4,4,29,29,36,53],"current_hp_per_floor":[50,49,42,42,42,33,33,33,33,33,32,32,32,32,32,27,76,61,61,61,60,58,26,26,26,26,26,20,83,83,79,79,76,83,62,62,62,62,62,70,70,79,79,79,79,63,63,58,58,68,79,79,79,56,31],"gold":90,"neow_bonus":"","is_daily":false,"chose_seed":false,"campfire_upgraded":11,"win_rate":0.0,"timestamp":1613466116,"path_taken":["M","M","?","$","?","E","R","M","T","R","?","?","E","?","R","BOSS","M","?","M","?","?","E","R","M","T","R","E","$","R","M","R","BOSS","M","$","M","?","?","E","R","M","T","R","?","E","R","M","R","BOSS","R","$","E","BOSS"],"items_purchased_type":["Card","Relic","Card","Card","Card","Card","Relic","Relic","Relic","Relic"],"build_version":"2020-12-22","purchased_purges":5,"victory":true,"max_hp_per_floor":[76,76,76,76,76,76,76,76,76,76,76,76,76,76,76,76,76,76,76,76,76,76,76,76,76,76,76,76,83,83,83,83,83,83,83,83,83,79,79,79,79,79,79,79,79,79,79,79,79,79,79,79,79,79,79],"card_choices":[{"not_picked":["Compile Driver","Redo","Go for the Eyes"],"picked":"SKIP","floor":1},{"not_picked":["Turbo","Melter","Sweeping Beam"],"picked":"SKIP","floor":2},{"not_picked":["Conserve Battery","Skim","Leap"],"picked":"SKIP","floor":6},{"not_picked":["Go for the Eyes","Aggregate","Streamline"],"picked":"SKIP","floor":8},{"not_picked":["Go for the Eyes","Hologram","Beam Cell"],"picked":"SKIP","floor":11},{"not_picked":["FTL","Meteor Strike"],"picked":"Coolheaded","floor":13},{"not_picked":["Conserve Battery","Loop","Redo"],"picked":"SKIP","floor":14},{"not_picked":["Ball Lightning","Rebound","Conserve Battery+1"],"picked":"SKIP","floor":18},{"not_picked":["Doom and Gloom","Streamline"],"picked":"Consume","floor":20},{"not_picked":["Stack","Heatsinks","BootSequence"],"picked":"SKIP","floor":21},{"not_picked":["Genetic Algorithm","Barrage+1"],"picked":"Coolheaded","floor":22},{"not_picked":["Sweeping Beam","Recycle"],"picked":"Turbo","floor":23},{"not_picked":["Genetic Algorithm","Stack","Sunder+1"],"picked":"SKIP","floor":25},{"not_picked":["Glacier","Turbo","Double Energy"],"picked":"SKIP","floor":28},{"not_picked":["Barrage","Ball Lightning","Thunder Strike"],"picked":"SKIP","floor":31},{"not_picked":["Stack","Blizzard","Barrage"],"picked":"SKIP","floor":31},{"not_picked":["Go for the Eyes","Turbo+1","Ball Lightning"],"picked":"SKIP","floor":35},{"not_picked":["Streamline+1","Sweeping Beam","Darkness"],"picked":"SKIP","floor":35},{"not_picked":["Scrape+1","Steam+1"],"picked":"Coolheaded+1","floor":37},{"not_picked":["Compile Driver+1","Leap+1","Gash"],"picked":"SKIP","floor":37},{"not_picked":["Darkness","Stack","Sweeping Beam"],"picked":"SKIP","floor":40},{"not_picked":["Fusion","Conserve Battery","Leap+1"],"picked":"SKIP","floor":42},{"not_picked":["Go for the Eyes+1","Cold Snap","FTL"],"picked":"SKIP","floor":42},{"not_picked":["Auto Shields","Melter+1","Hyperbeam"],"picked":"SKIP","floor":46},{"not_picked":["Stack","Conserve Battery"],"picked":"Coolheaded+1","floor":48},{"not_picked":["Rebound+1","Steam","Steam Power"],"picked":"SKIP","floor":48},{"not_picked":["Barrage+1","Go for the Eyes"],"picked":"Chill","floor":54}],"player_experience":126261,"relics_obtained":[{"floor":6,"key":"Centennial Puzzle"},{"floor":13,"key":"Lantern"},{"floor":23,"key":"StrikeDummy"},{"floor":26,"key":"Anchor"},{"floor":28,"key":"Oddly Smooth Stone"},{"floor":39,"key":"Bird Faced Urn"},{"floor":40,"key":"Blood Vial"},{"floor":46,"key":"Unceasing Top"},{"floor":54,"key":"Du-Vu Doll"}],"event_choices":[{"cards_removed":["Leap"],"damage_healed":0,"gold_gain":0,"player_choice":"Card Removal","damage_taken":7,"max_hp_gain":0,"max_hp_loss":0,"event_name":"Golden Wing","floor":3,"gold_loss":0},{"damage_healed":0,"gold_gain":0,"cards_transformed":["Leap"],"player_choice":"Transformed","damage_taken":0,"max_hp_gain":0,"max_hp_loss":0,"event_name":"Transmorgrifier","floor":5,"gold_loss":0,"cards_obtained":["Recycle"]},{"damage_healed":0,"gold_gain":0,"player_choice":"Bought 2 Potions","damage_taken":0,"max_hp_gain":0,"max_hp_loss":0,"event_name":"The Woman in Blue","floor":12,"gold_loss":0},{"damage_healed":0,"gold_gain":0,"player_choice":"Take","damage_taken":0,"max_hp_gain":0,"max_hp_loss":0,"event_name":"betterNote:BetterNote","floor":19,"gold_loss":0,"cards_obtained":["Mayhem"]},{"damage_healed":0,"gold_gain":0,"player_choice":"Max HP","damage_taken":0,"max_hp_gain":0,"max_hp_loss":4,"event_name":"Winding Halls","floor":38,"gold_loss":0},{"damage_healed":0,"gold_gain":0,"player_choice":"Fight","damage_taken":0,"max_hp_gain":0,"max_hp_loss":0,"event_name":"Mysterious Sphere","floor":39,"gold_loss":0},{"damage_healed":0,"gold_gain":3,"player_choice":"1","damage_taken":0,"max_hp_gain":0,"max_hp_loss":0,"event_name":"betterStone:BetterStone","floor":45,"gold_loss":0}],"is_beta":false,"boss_relics":[{"not_picked":["Tiny House","Calling Bell"],"picked":"Inserter"},{"not_picked":["Snecko Eye","Fusion Hammer"],"picked":"Philosopher\u0027s Stone"}],"items_purged_floors":[0,0,29,36,53],"is_endless":false,"potions_floor_spawned":[8,11,20,21,22,33,35,42],"ascension_level":1}}