{"host":"2qyxu97h6u4ukicb","time":1613516265,"event":{"mods":["AchievementEnabler","BaseMod","BetterRewards","Colored Map","Colored Powertips","Minty Spire (QoL Compilation)","Replay The Spire","Shop Mod","StSLib"],"gold_per_floor":[111,111,129,129,129,129,160,179,204,237,253,270,284,295,295,393,393,412,412,462,487,498,498,532,551,551,551,551,551,565,585,45,63,63,159,159,177,225,2,2,12,47,59,71,71],"floor_reached":44,"language":"ENG","playtime":3700,"items_purged":["Amnesia","ReplayTheSpireMod:Doomed"],"score":495,"play_id":"dd19cb9c-80c7-4e64-a42c-448b1ad76eee","local_time":"20210216165745","is_ascension_mode":false,"campfire_choices":[{"data":"Iron Wave","floor":6.0,"key":"SMITH"},{"data":"Cleave","floor":15.0,"key":"SMITH"},{"data":"Thunderclap","floor":23.0,"key":"SMITH"},{"data":"Immolate","floor":29.0,"key":"SMITH"},{"data":"ReplayTheSpireMod:Faulty Equipment","floor":34,"key":"SMITH"},{"floor":43,"key":"REST"}],"circlet_count":0,"master_deck":["Strike_R","Strike_R","Strike_R","Strike_R","Strike_R","Defend_R","Defend_R","Defend_R","Defend_R","Blood for Blood+1","Iron Wave+1","Thunderclap+1","Immolate+1","Cleave+1","Impervious","Rage+1","Second Wind+1","Evolve+1","Iron Wave+1","Anger+1","Clash","Clumsy","Overencumbered","Shame","Whirlwind+1","Delirium","Run Through"],"relics":["Burning Blood","NeowsBlessing","Akabeko","Ring of Greed","Smiling Mask","The Courier","Bronze Scales","Regal Pillow","Shuriken","MerchantsRug","Incense Burner","SacredBark","Membership Card","Magic Flower","MawBank"],"acts_visited":["Exordium","TheCity","TheBeyond"],"potions_floor_usage":[33,35,42,42],"damage_taken":[{"damage":0.0,"enemies":"Cultist","floor":1.0,"turns":1.0},{"damage":0.0,"enemies":"Small Slimes","floor":3.0,"turns":1.0},{"damage":0.0,"enemies":"Replay:BlueRogue","floor":7.0,"turns":1.0},{"damage":3.0,"enemies":"Jaw Worm","floor":8.0,"turns":4.0},{"damage":18.0,"enemies":"3 Sentries","floor":10.0,"turns":7.0},{"damage":8.0,"enemies":"Lots of Slimes","floor":11.0,"turns":3.0},{"damage":0.0,"enemies":"Looter","floor":12.0,"turns":2.0},{"damage":9.0,"enemies":"Blue Slaver","floor":13.0,"turns":2.0},{"damage":0.0,"enemies":"Lots of Slimes","floor":14.0,"turns":1.0},{"damage":43.0,"enemies":"Fading Forest","floor":16.0,"turns":11.0},{"damage":15.0,"enemies":"Spheric Guardian","floor":18.0,"turns":6.0},{"damage":10.0,"enemies":"Chosen","floor":22.0,"turns":4.0},{"damage":1.0,"enemies":"Gremlin Leader","floor":24.0,"turns":6.0},{"damage":23.0,"enemies":"Snake Plant","floor":25.0,"turns":2.0},{"damage":15.0,"enemies":"Snecko","floor":30.0,"turns":3.0},{"damage":16,"enemies":"Cultist and Chosen","floor":31,"turns":4},{"damage":30,"enemies":"Sentry and Sphere","floor":33,"turns":5},{"damage":55,"enemies":"Collector","floor":35,"turns":8},{"damage":11,"enemies":"3 Shapes","floor":37,"turns":3},{"damage":46,"enemies":"Orb Walker","floor":41,"turns":4},{"damage":50,"enemies":"R_Hoarder","floor":42,"turns":11},{"damage":162,"enemies":"Nemesis","floor":44,"turns":10}],"seed_played":"5558666612199129952","potions_obtained":[{"floor":1.0,"key":"SpeedPotion"},{"floor":3.0,"key":"Dexterity Potion"},{"floor":10.0,"key":"Energy Potion"},{"floor":25.0,"key":"PowerPotion"},{"floor":33,"key":"Death Potion"},{"floor":35,"key":"Fire Potion"},{"floor":37,"key":"FairyPotion"},{"floor":41,"key":"Block Potion"}],"is_trial":false,"path_per_floor":["M","?","M","?","$","R","E","M","T","E","M","M","M","M","R","B",null,"M","?","?","T","M","R","E","M","PTL","PTL","T","R","M","M","$","M","R","B",null,"M","T","$","?","M","E","R","E"],"character_chosen":"IRONCLAD","items_purchased":["MerchantsRug","Lee\u0027s Waffle","Flashbang","Incense Burner","Membership Card","Magic Flower","Ancient Potion"],"campfire_rested":1,"item_purchase_floors":[32,32,32,32,39,39,39],"current_hp_per_floor":[80,80,80,80,80,80,87,87,87,75,73,79,76,82,82,45,87,78,78,78,78,74,74,79,62,62,62,62,62,53,43,94,70,70,21,94,89,89,89,89,52,11,54,0,0],"gold":71,"neow_bonus":"THREE_ENEMY_KILL","is_daily":false,"chose_seed":false,"campfire_upgraded":5,"win_rate":0.0,"timestamp":1613516265,"path_taken":["M","?","?","?","?","R","E","M","T","E","M","M","?","M","R","BOSS","M","?","?","?","M","R","E","M","PTL","PTL","T","R","?","M","$","M","R","BOSS","M","?","$","?","?","E","R","E"],"items_purchased_type":["Relic","Relic","Potion","Relic","Relic","Relic","Potion"],"build_version":"2020-12-22","purchased_purges":2,"victory":false,"max_hp_per_floor":[80,80,80,80,80,80,87,87,87,87,87,87,87,87,87,87,87,87,87,87,87,87,87,87,87,87,87,87,87,87,87,94,94,94,94,94,94,94,94,94,94,94,94,94,94],"card_choices":[{"not_picked":["Pummel","Heavy Blade"],"picked":"Blood for Blood","floor":1.0},{"not_picked":["Defy Death","Warcry"],"picked":"Iron Wave","floor":3.0},{"not_picked":["Pommel Strike","Havoc","Replay:Undeath\u0027s Touch"],"picked":"SKIP","floor":7.0},{"not_picked":["Pummel","Shrug It Off","Body Slam"],"picked":"SKIP","floor":8.0},{"not_picked":["Second Wind","Body Slam"],"picked":"Heavy Blade","floor":10.0},{"not_picked":["Replay:Undeath\u0027s Touch","Feel No Pain","Burning Pact"],"picked":"SKIP","floor":11.0},{"not_picked":["Replay:Undeath\u0027s Touch","Abandon"],"picked":"Thunderclap","floor":12.0},{"not_picked":["True Grit","Rampage"],"picked":"Immolate","floor":13.0},{"not_picked":["Body Slam","Iron Wave"],"picked":"Cleave","floor":14.0},{"not_picked":["Eclipse","Corruption"],"picked":"Impervious","floor":16.0},{"not_picked":["Wild Strike","Seeing Red","Intimidate+1"],"picked":"SKIP","floor":18.0},{"not_picked":["Run Through","Flex"],"picked":"Iron Wave+1","floor":22.0},{"not_picked":["Exhume","Ghostly Armor"],"picked":"Anger+1","floor":24.0},{"not_picked":["ReplayTheSpireMod:Limb From Limb","Warcry","Wild Strike+1"],"picked":"SKIP","floor":25.0},{"not_picked":["Sever Soul","Thunderclap"],"picked":"Clash","floor":30.0},{"not_picked":["Iron Wave","Shrug It Off","Twin Strike"],"picked":"SKIP","floor":31},{"not_picked":["Anger","Rage","Run Through"],"picked":"SKIP","floor":33},{"not_picked":["Shockwave+1","True Grit"],"picked":"Whirlwind+1","floor":37},{"not_picked":["Rage+1","Body Slam","Sever Soul"],"picked":"SKIP","floor":41},{"not_picked":["Body Slam+1","Rupture"],"picked":"Run Through","floor":42}],"player_experience":823914,"relics_obtained":[{"floor":7.0,"key":"Strawberry"},{"floor":9.0,"key":"Akabeko"},{"floor":10.0,"key":"Sundial"},{"floor":20.0,"key":"Ring of Greed"},{"floor":20.0,"key":"Smiling Mask"},{"floor":20.0,"key":"The Courier"},{"floor":21.0,"key":"Bronze Scales"},{"floor":24.0,"key":"Regal Pillow"},{"floor":28.0,"key":"Shuriken"},{"floor":42,"key":"MawBank"}],"event_choices":[{"damage_healed":0.0,"max_hp_gain":0.0,"max_hp_loss":0.0,"gold_gain":0.0,"event_name":"Upgrade Shrine","player_choice":"Upgraded","floor":2.0,"gold_loss":0.0,"damage_taken":0.0,"cards_upgraded":["Blood for Blood"]},{"damage_healed":0.0,"max_hp_gain":0.0,"max_hp_loss":0.0,"gold_gain":0.0,"event_name":"Ghosts","player_choice":"Ignored","floor":19.0,"gold_loss":0.0,"damage_taken":0.0},{"damage_healed":0,"gold_gain":0,"player_choice":"Ignored","damage_taken":0,"max_hp_gain":0,"max_hp_loss":0,"event_name":"SecretPortal","floor":40,"gold_loss":0}],"is_beta":false,"boss_relics":[{"not_picked":["Mark of Pain","Replay:Bronze Core"],"picked":"Astrolabe"},{"not_picked":["ReplayTheSpireMod:DimensionalGlitch","Replay:Ancient Bell"],"picked":"SacredBark"}],"items_purged_floors":[32,39],"is_endless":false,"potions_floor_spawned":[1,3,10,25,33,35,37,41],"killed_by":"Nemesis","ascension_level":0}}