{"host":"0mhttqdumuceah7q","time":1613485929,"event":{"mods":["AchievementEnabler","BaseMod","Colored Map","DeckTracker","Minty Spire (QoL Compilation)","Permanent Neow"],"gold_per_floor":[13,29,29,49,69,102,102,134,134,74,74,87,87,97,97,97,97],"floor_reached":16,"language":"KOR","playtime":564,"items_purged":["Bash"],"score":129,"play_id":"b419e032-8272-4fec-9a7b-6aaee597e04b","local_time":"20210216233209","is_ascension_mode":true,"campfire_choices":[{"data":"Armaments","floor":7,"key":"SMITH"},{"floor":11,"key":"DIG"},{"floor":15,"key":"DIG"}],"circlet_count":0,"master_deck":["Strike_R","Strike_R","Strike_R","Strike_R","Strike_R","Defend_R","Defend_R","Wild Strike","Rage","Carnage","Rampage","Iron Wave","Armaments+1","Clothesline","Feed","Perfected Strike"],"relics":["Burning Blood","Shovel","Ancient Tea Set","The Courier","Turnip","InkBottle","Dream Catcher"],"acts_visited":["Exordium"],"potions_floor_usage":[8,8,14,16],"damage_taken":[{"damage":0,"enemies":"Cultist","floor":1,"turns":3},{"damage":9,"enemies":"Jaw Worm","floor":2,"turns":2},{"damage":0,"enemies":"2 Louse","floor":4,"turns":2},{"damage":14,"enemies":"Lots of Slimes","floor":5,"turns":3},{"damage":19,"enemies":"Gremlin Nob","floor":6,"turns":4},{"damage":20,"enemies":"Lagavulin","floor":8,"turns":4},{"damage":9,"enemies":"3 Louse","floor":12,"turns":4},{"damage":25,"enemies":"Gremlin Gang","floor":14,"turns":4},{"damage":33,"enemies":"Hexaghost","floor":16,"turns":9}],"seed_played":"-3135976178158505418","potions_obtained":[{"floor":2,"key":"Weak Potion"},{"floor":4,"key":"LiquidMemories"},{"floor":6,"key":"DistilledChaos"},{"floor":14,"key":"Fruit Juice"}],"is_trial":false,"path_per_floor":["M","M","$","M","M","E","R","E","T","$","R","M","?","M","R","B"],"character_chosen":"IRONCLAD","items_purchased":[],"campfire_rested":0,"item_purchase_floors":[],"current_hp_per_floor":[80,77,77,80,72,59,59,45,45,45,45,42,42,31,31,0,0],"gold":97,"neow_bonus":"TRANSFORM_TWO_CARDS","is_daily":false,"chose_seed":false,"campfire_upgraded":1,"win_rate":0.0,"timestamp":1613485929,"path_taken":["M","M","?","M","M","E","R","E","T","$","R","M","?","M","R","BOSS"],"items_purchased_type":[],"build_version":"2020-12-22","purchased_purges":1,"victory":false,"max_hp_per_floor":[80,80,80,80,80,80,80,80,80,80,80,80,80,88,88,88,88],"card_choices":[{"not_picked":["Warcry","True Grit"],"picked":"Clothesline","floor":1},{"not_picked":["Thunderclap","Anger"],"picked":"Carnage","floor":2},{"not_picked":["Sword Boomerang","Battle Trance"],"picked":"Rampage","floor":4},{"not_picked":["Clothesline","Shrug It Off"],"picked":"Iron Wave","floor":5},{"not_picked":["Blood for Blood","Carnage"],"picked":"Armaments","floor":6},{"not_picked":["Power Through","Whirlwind"],"picked":"Clothesline","floor":8},{"not_picked":["Sever Soul","Pummel"],"picked":"Feed","floor":12},{"not_picked":["Anger","Thunderclap"],"picked":"Perfected Strike","floor":14}],"player_experience":116383,"relics_obtained":[{"floor":6,"key":"Shovel"},{"floor":8,"key":"Ancient Tea Set"},{"floor":9,"key":"The Courier"},{"floor":11,"key":"Turnip"},{"floor":15,"key":"Dream Catcher"}],"event_choices":[{"cards_removed":["Clothesline"],"damage_healed":0,"gold_gain":0,"player_choice":"Gave Card","damage_taken":0,"relics_obtained":["InkBottle"],"max_hp_gain":0,"max_hp_loss":0,"event_name":"WeMeetAgain","floor":13,"gold_loss":0}],"is_beta":false,"boss_relics":[],"items_purged_floors":[10],"is_endless":false,"potions_floor_spawned":[2,4,6,14],"killed_by":"Hexaghost","ascension_level":3}}