{"host":"5h6e4l6hpn0p5lap","time":1613446214,"event":{"mods":["AchievementEnabler","BaseMod","Better Altar","Better Match","Better Sensory Stone","Better Skull","Better Third Choice","Colored Map","Filter the Spire","Minty Spire (QoL Compilation)","StSLib"],"gold_per_floor":[111,125,125,125,145,145,159,159,212,237,237,237,247,280,280,377,377,397,414,425,454,257,290,290,305,330,330,330,350,369,393,393,499,526,541,567,467,522,522,522,542,144,153,153,153,196,215,244,244,244,244],"floor_reached":50,"language":"ENG","playtime":2031,"items_purged":["Strike_G","Strike_G","Strike_G"],"score":756,"play_id":"3bb59e2c-f12b-4f5b-b4ec-2b67c11a7d63","local_time":"20210215223014","is_ascension_mode":true,"campfire_choices":[{"data":"Dagger Spray","floor":6,"key":"SMITH"},{"data":"Neutralize","floor":8,"key":"SMITH"},{"data":"Slice","floor":12,"key":"SMITH"},{"floor":15,"key":"REST"},{"data":"Accuracy","floor":24,"key":"SMITH"},{"data":"Accuracy","floor":28,"key":"SMITH"},{"floor":32,"key":"REST"},{"floor":40,"key":"REST"},{"floor":45,"key":"REST"},{"floor":49,"key":"REST"}],"circlet_count":0,"master_deck":["Defend_G","Defend_G","Defend_G","Defend_G","Survivor","Neutralize+1","Slice+1","Dagger Spray+1","Blade Dance","Blade Dance","Masterful Stab","Blade Dance","Burst","Backstab","Calculated Gamble","Accuracy+1","Acrobatics","Accuracy+1","PanicButton","Blade Dance+1","Backflip","Blur","Corpse Explosion","Noxious Fumes+1","Calculated Gamble+1","Tools of the Trade+1","Deflect+1","Blur","Panacea","Clumsy","Backflip+1","Accuracy","PiercingWail+1"],"relics":["Ring of the Snake","Toy Ornithopter","Bronze Scales","Omamori","Ninja Scroll","Cursed Key","Red Mask","Tiny Chest","CeramicFish","Astrolabe","Mango","Centennial Puzzle","Membership Card","Oddly Smooth Stone","Art of War","White Beast Statue"],"acts_visited":["Exordium","TheCity","TheBeyond"],"potions_floor_usage":[10,14,16,19,21,23,29,30,33,41,46,46,47,50,50,50],"damage_taken":[{"damage":4,"enemies":"Cultist","floor":1,"turns":5},{"damage":1,"enemies":"2 Louse","floor":2,"turns":4},{"damage":0,"enemies":"Small Slimes","floor":5,"turns":3},{"damage":0,"enemies":"2 Fungi Beasts","floor":7,"turns":3},{"damage":41,"enemies":"Lagavulin","floor":10,"turns":6},{"damage":0,"enemies":"Exordium Wildlife","floor":13,"turns":1},{"damage":22,"enemies":"Gremlin Nob","floor":14,"turns":4},{"damage":15,"enemies":"Slime Boss","floor":16,"turns":10},{"damage":1,"enemies":"3 Byrds","floor":18,"turns":3},{"damage":0,"enemies":"2 Thieves","floor":19,"turns":2},{"damage":13,"enemies":"Shelled Parasite and Fungi","floor":20,"turns":3},{"damage":4,"enemies":"Masked Bandits","floor":21,"turns":2},{"damage":7,"enemies":"Slavers","floor":23,"turns":4},{"damage":1,"enemies":"Centurion and Healer","floor":25,"turns":4},{"damage":0,"enemies":"Snake Plant","floor":29,"turns":3},{"damage":23,"enemies":"Shelled Parasite and Fungi","floor":30,"turns":3},{"damage":6,"enemies":"Cultist and Chosen","floor":31,"turns":3},{"damage":32,"enemies":"Champ","floor":33,"turns":8},{"damage":10,"enemies":"3 Darklings","floor":35,"turns":3},{"damage":0,"enemies":"Orb Walker","floor":36,"turns":1},{"damage":17,"enemies":"2 Orb Walkers","floor":38,"turns":2},{"damage":29,"enemies":"Sphere and 2 Shapes","floor":41,"turns":5},{"damage":25,"enemies":"Reptomancer","floor":46,"turns":7},{"damage":45,"enemies":"Spire Growth","floor":47,"turns":4},{"damage":11,"enemies":"Maw","floor":48,"turns":6},{"damage":61,"enemies":"Awakened One","floor":50,"turns":9}],"seed_played":"2722671982079250783","potions_obtained":[{"floor":2,"key":"Dexterity Potion"},{"floor":10,"key":"PowerPotion"},{"floor":14,"key":"EssenceOfSteel"},{"floor":16,"key":"Block Potion"},{"floor":19,"key":"Explosive Potion"},{"floor":20,"key":"BlessingOfTheForge"},{"floor":21,"key":"AttackPotion"},{"floor":23,"key":"Block Potion"},{"floor":25,"key":"GhostInAJar"},{"floor":38,"key":"LiquidMemories"},{"floor":46,"key":"AttackPotion"},{"floor":47,"key":"Block Potion"},{"floor":48,"key":"DistilledChaos"}],"is_trial":false,"path_per_floor":["M","M","$","?","M","R","M","R","T","E","?","R","M","E","R","B",null,"M","M","M","?","$","E","R","M","T","?","R","M","M","M","R","B",null,"M","M","$","?","T","R","M","$","T","?","R","E","M","M","R","B"],"character_chosen":"THE_SILENT","items_purchased":["Accuracy","PanicButton","Membership Card","Oddly Smooth Stone","Block Potion","Poison Potion","Panacea","AttackPotion"],"campfire_rested":5,"item_purchase_floors":[22,22,42,42,42,42,42,42],"current_hp_per_floor":[59,58,58,58,58,58,58,58,58,22,45,45,45,28,49,39,62,61,66,53,54,54,52,52,51,51,70,70,70,47,41,62,35,61,51,51,51,48,48,73,49,49,49,54,79,64,24,13,38,0,0],"gold":244,"neow_bonus":"RANDOM_COMMON_RELIC","is_daily":false,"chose_seed":false,"campfire_upgraded":5,"win_rate":0.0,"timestamp":1613446214,"path_taken":["M","?","$","?","M","R","M","R","T","E","?","R","M","E","R","BOSS","M","M","M","?","$","E","R","M","T","?","R","M","?","M","R","BOSS","M","M","$","?","?","R","M","$","T","?","R","E","M","M","R","BOSS"],"items_purchased_type":["Card","Card","Relic","Relic","Potion","Potion","Card","Potion"],"build_version":"2020-12-22","purchased_purges":3,"victory":false,"max_hp_per_floor":[70,70,70,70,70,70,70,70,70,70,70,70,70,70,70,70,70,70,70,70,70,70,70,70,70,70,70,70,70,70,70,70,70,70,70,70,70,84,84,84,84,84,84,84,84,84,84,84,84,84,84],"card_choices":[{"not_picked":["Outmaneuver","Prepared"],"picked":"Slice","floor":1},{"not_picked":["Outmaneuver","Sucker Punch"],"picked":"Dagger Spray","floor":2},{"not_picked":["Crippling Poison","Finisher","A Thousand Cuts"],"picked":"SKIP","floor":5},{"not_picked":["Terror","Dodge and Roll"],"picked":"Blade Dance","floor":7},{"not_picked":["Outmaneuver","Choke"],"picked":"Blade Dance","floor":10},{"not_picked":["Sucker Punch","Finisher"],"picked":"Masterful Stab","floor":13},{"not_picked":["Bouncing Flask","Acrobatics"],"picked":"Blade Dance","floor":14},{"not_picked":["Doppelganger","Storm of Steel"],"picked":"Burst","floor":16},{"not_picked":["Outmaneuver","Quick Slash"],"picked":"Backstab","floor":18},{"not_picked":["Outmaneuver","Heel Hook"],"picked":"Calculated Gamble","floor":19},{"not_picked":["Dagger Throw+1","Footwork"],"picked":"Accuracy","floor":20},{"not_picked":["Escape Plan","Sucker Punch"],"picked":"Acrobatics","floor":21},{"not_picked":["Flying Knee+1","Slice"],"picked":"Blade Dance+1","floor":23},{"not_picked":["Backstab","Underhanded Strike","Bane"],"picked":"SKIP","floor":25},{"not_picked":["Underhanded Strike","Endless Agony+1"],"picked":"Backflip","floor":29},{"not_picked":["Crippling Poison+1","Night Terror","Dagger Spray+1"],"picked":"SKIP","floor":30},{"not_picked":["Noxious Fumes+1","Dagger Spray"],"picked":"Blur","floor":31},{"not_picked":["Bullet Time","Glass Knife"],"picked":"Corpse Explosion","floor":33},{"not_picked":["Underhanded Strike","Deflect","Well Laid Plans"],"picked":"SKIP","floor":35},{"not_picked":["Poisoned Stab+1","Masterful Stab"],"picked":"Deflect+1","floor":36},{"not_picked":["Bouncing Flask","Cloak And Dagger+1"],"picked":"Blur","floor":41},{"not_picked":["Flying Knee+1","Endless Agony+1"],"picked":"Backflip+1","floor":46},{"not_picked":["Cloak And Dagger+1","Eviscerate+1"],"picked":"Accuracy","floor":47},{"not_picked":["Dagger Spray+1","Quick Slash+1"],"picked":"PiercingWail+1","floor":48}],"player_experience":1120975,"relics_obtained":[{"floor":9,"key":"Bronze Scales"},{"floor":10,"key":"Omamori"},{"floor":14,"key":"Ninja Scroll"},{"floor":21,"key":"Red Mask"},{"floor":23,"key":"Tiny Chest"},{"floor":26,"key":"CeramicFish"},{"floor":38,"key":"Mango"},{"floor":39,"key":"Centennial Puzzle"},{"floor":43,"key":"Art of War"},{"floor":46,"key":"White Beast Statue"}],"event_choices":[{"damage_healed":0,"gold_gain":0,"player_choice":"Ignored","damage_taken":0,"max_hp_gain":0,"max_hp_loss":0,"event_name":"Golden Wing","floor":4,"gold_loss":0},{"damage_healed":23,"gold_gain":0,"player_choice":"Banana","damage_taken":0,"max_hp_gain":0,"max_hp_loss":0,"event_name":"Big Fish","floor":11,"gold_loss":0},{"damage_healed":0,"gold_gain":0,"player_choice":"Fought Bandits","damage_taken":0,"max_hp_gain":0,"max_hp_loss":0,"event_name":"Masked Bandits","floor":21,"gold_loss":0},{"damage_healed":23,"gold_gain":0,"player_choice":"Heal","damage_taken":0,"max_hp_gain":0,"max_hp_loss":0,"event_name":"The Library","floor":27,"gold_loss":0},{"damage_healed":0,"gold_gain":0,"player_choice":"Fight","damage_taken":0,"max_hp_gain":0,"max_hp_loss":0,"event_name":"Mysterious Sphere","floor":38,"gold_loss":0},{"damage_healed":5,"gold_gain":0,"player_choice":"LEAVE ","damage_taken":0,"relics_obtained":[],"max_hp_gain":0,"max_hp_loss":0,"event_name":"betterSkull:BetterSkull","floor":44,"gold_loss":0,"cards_upgraded":[]}],"is_beta":false,"boss_relics":[{"not_picked":["Pandora\u0027s Box","Philosopher\u0027s Stone"],"picked":"Cursed Key"},{"not_picked":["Tiny House","SacredBark"],"picked":"Astrolabe"}],"items_purged_floors":[22,37,42],"is_endless":false,"potions_floor_spawned":[2,10,14,16,19,20,21,23,25,38,46,47,48],"killed_by":"Awakened One","ascension_level":9}}