{"host":"6q3dr8ktfc8vdn9h","time":1613502652,"event":{"mods":["2.2 Compatiblity","AchievementEnabler","Act Like it!","AlwaysNeverKeys","Ascension Reborn","Aspiration","BaseMod","Better Note","BetterRewards","Challenge The Spire","Colored Powertips","Conspire","Downfall","Energized Spire","Gensokyo","GifTheSpireLib","Gold Saver","Halation","Hallownest","Hubris","Humility","Infinite Spire","Jedi Mod","Minty Spire (QoL Compilation)","Pale of the Ancients","Permanent Neow","Prisma Mod","Quick Restart","Rare Cards Sparkle","RatMod","Replay The Spire","Shop Mod","Spicy Shops","Spikes Relics","StSLib","Stuff the Spire","SuperFastMode","Synergy Search","The Jungle","Unceasing Turn Reminder"],"gold_per_floor":[99,113,133,147,158,158,158,158,175,75,92,110,110,122,142,247,247,247,266,10,27,27,27,27],"floor_reached":22,"language":"ENG","playtime":790,"items_purged":[],"score":182,"play_id":"d8b710b5-7805-4e21-8ce7-198e7fa8b939","local_time":"20210216141052","is_ascension_mode":true,"campfire_choices":[{"data":"Slimebound:Split","floor":6,"key":"SMITH"},{"floor":10,"key":"REST"},{"data":"Slimebound:PrepareCrush","floor":18,"key":"SMITH"}],"circlet_count":0,"master_deck":["Slimebound:Strike_Slimebound","Slimebound:Strike_Slimebound","Slimebound:Tackle","Slimebound:Defend_Slimebound","Slimebound:Defend_Slimebound","Slimebound:Defend_Slimebound","Slimebound:Split+1","Slimebound:CorrosiveSpit","Slimebound:SplitAcid","Slimebound:SplitLeeching","Slimebound:PressTheAttack","Slimebound:SplitAcid","Injury","Slimebound:SelfFormingGoo+1","Slimebound:FlameTackle","Slimebound:RainOfGoop","StuffTheSpire:Innocence","Slimebound:Prepare","Slimebound:SplitBruiser","Slimebound:PrepareCrush+1","Slimebound:ViciousTackle","Slimebound:Repurpose","Slimebound:SplitLeeching"],"relics":["Slimebound:AbsorbEndCombat","Meat on the Bone","Frozen Egg 2","downfall:HeartBlessingBlue","Busted Crown","Mummified Hand"],"acts_visited":["Exordium","TheCity"],"potions_floor_usage":[9,16,16,22],"damage_taken":[{"damage":22,"enemies":"Jaw Worm","floor":2,"turns":4},{"damage":0,"enemies":"conspire:RoseBush","floor":3,"turns":3},{"damage":2,"enemies":"2 Louse","floor":4,"turns":3},{"damage":0,"enemies":"conspire:2 RoseBushes","floor":5,"turns":4},{"damage":7,"enemies":"Exordium Thugs","floor":9,"turns":3},{"damage":3,"enemies":"Large Slime","floor":11,"turns":5},{"damage":15,"enemies":"2 Fungi Beasts","floor":12,"turns":3},{"damage":0,"enemies":"Exordium Wildlife","floor":14,"turns":3},{"damage":13,"enemies":"Gremlin Gang","floor":15,"turns":6},{"damage":40,"enemies":"IC_STATUS_ARCHETYPE","floor":16,"turns":6},{"damage":36,"enemies":"Spheric Guardian","floor":19,"turns":6},{"damage":6,"enemies":"downfall:FleeingMerchant","floor":20,"turns":4},{"damage":23,"enemies":"conspire:FuzzyDice","floor":21,"turns":5},{"damage":37,"enemies":"Centurion and Healer","floor":22,"turns":5}],"seed_played":"4169911435189522121","potions_obtained":[{"floor":3,"key":"Dexterity Potion"},{"floor":4,"key":"Cursed Concoction"},{"floor":5,"key":"Toxic Potion"},{"floor":15,"key":"hexamod:SoulburnPotion"},{"floor":21,"key":"Explosive Potion"}],"is_trial":false,"path_per_floor":["R","M","M","M","M","R","T","?","M","R","M","M","?","M","M","B",null,"R","M","$","M","M"],"character_chosen":"SLIMEBOUND","items_purchased":["Mummified Hand"],"campfire_rested":1,"item_purchase_floors":[20],"current_hp_per_floor":[65,47,49,47,49,49,49,49,44,75,75,62,55,59,52,32,75,75,43,39,32,0,0,0],"gold":27,"neow_bonus":"REMOVE_CARD","is_daily":false,"chose_seed":false,"campfire_upgraded":2,"win_rate":0.0,"timestamp":1613502652,"path_taken":["R","M","M","M","M","R","T","?","M","R","M","M","?","M","M","BOSS","R","M","$","M","M"],"items_purchased_type":["Relic"],"build_version":"2020-12-22","purchased_purges":0,"victory":false,"max_hp_per_floor":[65,65,65,65,65,65,65,65,65,75,75,75,75,75,75,75,75,75,75,75,75,75,75,75],"card_choices":[{"not_picked":["Slimebound:GoopTackle","Slimebound:HauntingLick"],"picked":"Slimebound:SplitAcid","floor":2},{"not_picked":["Slimebound:RainOfGoop","Slimebound:TongueLash"],"picked":"Slimebound:SplitLeeching","floor":3},{"not_picked":["Slimebound:ComboTackle","Slimebound:Schlurp"],"picked":"Slimebound:PressTheAttack","floor":4},{"not_picked":["Slimebound:LeechEnergy","Slimebound:ComboTackle"],"picked":"Slimebound:SplitAcid","floor":5},{"not_picked":["Slimebound:FlameTackle","Slimebound:LivingWall"],"picked":"Slimebound:SelfFormingGoo+1","floor":9},{"not_picked":["Slimebound:ItLooksTasty","Slimebound:SlimeSpikes"],"picked":"Slimebound:FlameTackle","floor":11},{"not_picked":["Slimebound:DivideAndConquer","Slimebound:FinishingTackle"],"picked":"Slimebound:RainOfGoop","floor":12},{"not_picked":["Slimebound:ViciousTackle","Slimebound:LeadByExample+1"],"picked":"Slimebound:Prepare","floor":14},{"not_picked":["Slimebound:SplitMire","Slimebound:RollThrough"],"picked":"Slimebound:SplitBruiser","floor":15},{"not_picked":["Slimebound:SelfFormingGoo+1","Slimebound:RallyTheTroops"],"picked":"Slimebound:PrepareCrush","floor":16},{"not_picked":[],"picked":"Slimebound:ViciousTackle","floor":19},{"not_picked":[],"picked":"Slimebound:Repurpose","floor":20},{"not_picked":[],"picked":"Slimebound:SplitLeeching","floor":21}],"player_experience":286318,"relics_obtained":[{"floor":7,"key":"Meat on the Bone"}],"event_choices":[],"is_beta":false,"boss_relics":[{"not_picked":["halation:PinkAlligatorPlush","conspire:SeveredTorchhead"],"picked":"Busted Crown"}],"items_purged_floors":[],"is_endless":false,"potions_floor_spawned":[3,4,5,15,21],"killed_by":"Centurion and Healer","ascension_level":0,"is_humility":true}}