{"host":"3zmssa4s99zhxek5","time":1613447233,"event":{"mods":["AchievementEnabler","BaseMod","Minty Spire (QoL Compilation)","Permanent Neow","Relic Stats"],"gold_per_floor":[114,132,132,152,167,193,193,208,232,171,171,200,220,233,233,309,309,320,320,320,160,176,176,176,176],"floor_reached":24,"language":"KOR","playtime":1214,"items_purged":["Strike_P"],"score":566,"play_id":"d5d7e074-ecc0-4f5c-b009-3572f4dbb630","local_time":"20210216124713","is_ascension_mode":true,"campfire_choices":[{"data":"DevaForm","floor":7.0,"key":"SMITH"},{"floor":15.0,"key":"REST"},{"data":"Fasting2","floor":23.0,"key":"SMITH"}],"circlet_count":0,"master_deck":["AscendersBane","Defend_P+1","Defend_P+1","Defend_P","Eruption","Vigilance","SandsOfTime","BattleHymn+1","MentalFortress","DevaForm+1","LikeWater","DeusExMachina","WheelKick","WaveOfTheHand","Adaptation","Wireheading+1","LessonLearned","Perseverance+1","Devotion","Nirvana","Fasting2+1"],"relics":["PureWater","Juzu Bracelet","Potion Belt","Dream Catcher","SacredBark"],"acts_visited":["Exordium","TheCity"],"potions_floor_usage":[24,24],"damage_taken":[{"damage":2.0,"enemies":"Jaw Worm","floor":1.0,"turns":3.0},{"damage":6.0,"enemies":"Cultist","floor":2.0,"turns":4.0},{"damage":0.0,"enemies":"Small Slimes","floor":4.0,"turns":3.0},{"damage":6.0,"enemies":"Looter","floor":5.0,"turns":3.0},{"damage":16.0,"enemies":"Gremlin Nob","floor":6.0,"turns":3.0},{"damage":24.0,"enemies":"3 Louse","floor":8.0,"turns":3.0},{"damage":0.0,"enemies":"Lagavulin","floor":12.0,"turns":4.0},{"damage":5.0,"enemies":"Red Slaver","floor":13.0,"turns":3.0},{"damage":6.0,"enemies":"Looter","floor":14.0,"turns":2.0},{"damage":0.0,"enemies":"Slime Boss","floor":16.0,"turns":6.0},{"damage":53.0,"enemies":"3 Byrds","floor":18.0,"turns":7.0},{"damage":14.0,"enemies":"Chosen","floor":22.0,"turns":8.0},{"damage":56,"enemies":"Slavers","floor":24,"turns":2}],"seed_played":"16886032773047882","potions_obtained":[{"floor":1.0,"key":"Weak Potion"},{"floor":2.0,"key":"SteroidPotion"},{"floor":5.0,"key":"Fruit Juice"},{"floor":14.0,"key":"SteroidPotion"},{"floor":16.0,"key":"Strength Potion"},{"floor":18.0,"key":"Regen Potion"}],"is_trial":false,"path_per_floor":["M","M","?","M","M","E","R","M","T","?","?","E","M","M","R","B",null,"M","?","?","$","M","R","E"],"character_chosen":"WATCHER","items_purchased":["Regen Potion"],"campfire_rested":1,"item_purchase_floors":[21],"current_hp_per_floor":[59,53,53,53,47,31,31,7,7,7,7,7,7,1,21,21,56,3,3,3,3,38,38,0,0],"gold":176,"neow_bonus":"REMOVE_TWO","is_daily":false,"chose_seed":false,"campfire_upgraded":2,"win_rate":0.0,"timestamp":1613447233,"path_taken":["M","M","?","M","M","E","R","M","T","?","?","E","M","M","R","BOSS","M","?","?","$","M","R","E"],"items_purchased_type":["Potion"],"build_version":"2020-12-22","purchased_purges":1,"victory":false,"max_hp_per_floor":[62,62,62,62,62,62,62,62,62,62,62,62,67,67,67,67,67,67,67,67,67,67,67,67,67],"relic_stats":{"Dream Catcher":1,"counters":[13,51],"Juzu Bracelet":1,"obtain_stats":[{"Potion Belt":9,"Dream Catcher":12,"SacredBark":17,"Juzu Bracelet":6,"PureWater":0},{"Potion Belt":6,"Dream Catcher":7,"SacredBark":10,"Juzu Bracelet":5,"PureWater":0},{"Potion Belt":19,"Dream Catcher":23,"SacredBark":34,"Juzu Bracelet":16,"PureWater":0}]},"card_choices":[{"not_picked":["Halt","Pray"],"picked":"SandsOfTime","floor":1.0},{"not_picked":["CrushJoints","Crescendo"],"picked":"BattleHymn","floor":2.0},{"not_picked":["Sanctity","CutThroughFate"],"picked":"MentalFortress","floor":4.0},{"not_picked":["WaveOfTheHand","Crescendo"],"picked":"DevaForm","floor":5.0},{"not_picked":["Crescendo","Protect"],"picked":"LikeWater","floor":6.0},{"not_picked":["FollowUp","Halt"],"picked":"DeusExMachina","floor":8.0},{"not_picked":["EmptyFist","Protect"],"picked":"WheelKick","floor":12.0},{"not_picked":["FollowUp","SandsOfTime"],"picked":"WaveOfTheHand","floor":13.0},{"not_picked":["Study","PathToVictory"],"picked":"Adaptation","floor":14.0},{"not_picked":["Evaluate","JustLucky"],"picked":"Wireheading","floor":15.0},{"not_picked":["Brilliance","Omniscience"],"picked":"LessonLearned","floor":16.0},{"not_picked":["Study","Vengeance"],"picked":"Perseverance","floor":18.0},{"not_picked":["EmptyBody","CrushJoints"],"picked":"Fasting2","floor":22.0}],"player_experience":1650488,"relics_obtained":[{"floor":6.0,"key":"Juzu Bracelet"},{"floor":9.0,"key":"Potion Belt"},{"floor":12.0,"key":"Dream Catcher"}],"event_choices":[{"damage_healed":0.0,"max_hp_gain":0.0,"max_hp_loss":0.0,"gold_gain":0.0,"event_name":"Upgrade Shrine","player_choice":"Upgraded","floor":3.0,"gold_loss":0.0,"damage_taken":0.0,"cards_upgraded":["BattleHymn"]},{"damage_healed":0.0,"max_hp_gain":0.0,"max_hp_loss":0.0,"gold_gain":0.0,"event_name":"World of Goop","player_choice":"Left Gold","floor":10.0,"gold_loss":61.0,"damage_taken":0.0},{"damage_healed":0.0,"max_hp_gain":0.0,"max_hp_loss":0.0,"gold_gain":0.0,"event_name":"Shining Light","player_choice":"Ignored","floor":11.0,"gold_loss":0.0,"damage_taken":0.0},{"damage_healed":0.0,"max_hp_gain":0.0,"max_hp_loss":0.0,"gold_gain":0.0,"cards_transformed":["Strike_P","Strike_P"],"event_name":"Drug Dealer","player_choice":"Became Test Subject","floor":19.0,"gold_loss":0.0,"damage_taken":0.0,"cards_obtained":["Devotion","Nirvana"]},{"damage_healed":0.0,"max_hp_gain":0.0,"max_hp_loss":0.0,"gold_gain":0.0,"event_name":"Accursed Blacksmith","player_choice":"Forge","floor":20.0,"gold_loss":0.0,"damage_taken":0.0,"cards_upgraded":["Perseverance"]}],"is_beta":false,"boss_relics":[{"not_picked":["Ectoplasm","VioletLotus"],"picked":"SacredBark"}],"items_purged_floors":[21],"is_endless":false,"potions_floor_spawned":[1,2,5,14,16,18],"killed_by":"Slavers","ascension_level":20}}