{"host":"l85rtarfuh0ld3b1","time":1613448859,"event":{"mods":["Act Like it!","BaseMod","BetterRewards","CapriCore","Decade(王小明)","Gensokyo","KinomotoSakuraMod(木之本樱)","Koishi","Marisa（F雨　魔理沙）","Minty Spire (QoL Compilation)","Permanent Neow","Reimu（博丽灵梦）","Remilia（蕾米莉亚）","Shop Mod","StSLib","TestMod","The Administrix","The Immortal","The Servant 0.9.4","WarShipGirlsR/战舰少女R mod","Yakumo Yukari mod"],"gold_per_floor":[111,19,627,627,627,627,657,657,657,657,682,716,739,579,579,687,687,706,706,714,496,521,521,511,542,564,587,617,617,307,307,307,410,410,429,429,554,568,618,645,645,744,760,768,768,767,777,802,802,802,802,802,197,236,236],"floor_reached":56,"language":"ZHS","playtime":3557,"items_purged":["rmod:strick","rmod:strick","rmod:defend","rmod:defend","rmod:strick","rmod:defend","rmod:defend","rmod:strick","rmod:intelligenceanalysis+1","Gluttony_TH","Gensokyo:AllTheWorldsEvil","Poor:ReiMu","Panache","rmod:highspeedmaneuver","rmod:highspeedmaneuver+1","rmod:smokecover+1","rmod:capitalist+1","rmod:capitalist+1","rmod:maingunfire+1","rmod:maingunfire","rmod:salvage+1","rmod:fletcherpendant+1","rmod:selfconfidence"],"score":1661,"play_id":"911a43d2-05a6-4f74-9b44-02385fd386dc","local_time":"20210216121419","is_ascension_mode":false,"campfire_choices":[{"data":"rmod:expedition","floor":6,"key":"SMITH"},{"floor":8,"key":"RECALL"},{"data":"1","floor":10,"key":"LIFT"},{"data":"Gensokyo:MorningMist","floor":15,"key":"SMITH"},{"data":"Gensokyo:HouraiInAPot","floor":23,"key":"SMITH"},{"data":"Manipulate","floor":29,"key":"SMITH"},{"data":"Finesse","floor":32,"key":"SMITH"},{"data":"rmod:expedition+1","floor":41,"key":"SMITH"},{"data":"rmod:expedition+2","floor":49,"key":"SMITH"},{"data":"rmod:abidefaith","floor":52,"key":"SMITH"}],"circlet_count":0,"master_deck":["rmod:basicallowance+1","rmod:expedition+3","rmod:ring+1","rmod:generalist+1","rmod:lonelyqueen+1","rmod:abidefaith+1","Reprogram+1","rmod:u235+1","rmod:acesubmarine+1","rmod:openingtorpedo+1","rmod:highspeedmaneuver+1","KillingBlow+1","rmod:maintain+1","ForbiddenFruit+1","True Grit+1","Gensokyo:MorningMist+1","Gensokyo:HouraiInAPot+1","Manipulate+1","Finesse+1","Gensokyo:ShootingStar","Advance+1","Finesse+1","Parasite","Parasite","rmod:u235","Deep Breath","EndlessAdversity+1","Contraction","rmod:tearstotiara","Koishi:YoukaiPolygraph"],"relics":["rmod:firstchargereward","testmod-TestBox","testmod-Prudence","MerchantsRug","rmod:equipmentrecovery","Juzu Bracelet","Ice Cream","PrismaticShard","testmod-Justice","testmod-Charity","Prayer Wheel","testmod-RainbowHikingShoes","Question Card","ClockworkSouvenir","Singing Bowl","Tiny Chest","testmod-Acrobat","Girya","Membership Card","testmod-Laevatain","rmod:extraamm","Frozen Egg 2","testmod-HeartOfDaVinci","testmod-CrystalShield","testmod-ConstraintPeriapt","FairyMaid","Mastiff:ReiMu","CeramicFish","BreadOfAWashokuLover","testmod-Alchemist","Paper Frog","Gensokyo:NagashiBinaDoll","Bronze Scales","Koishi:BloodstainedWhiteRose","testmod-DragonStarHat","Oddly Smooth Stone","Snake Skull","Necronomicon","Empty Cage","Gensokyo:RedStar","Bag of Preparation","Dream Catcher","Gungnir","KSMOD_TouyasBicycle","Pen Nib","Runic Pyramid","Nunchaku","DollysMirror","testmod-ObsoleteBoomerang","Happy Flower","ShroomBag","Ornamental Fan","Anchor","Paper Crane","Pan","testmod-Hope"],"acts_visited":["Gensokyo:Gensokyo","Gensokyo:Gensokyoer","TheBeyond","TheEnding"],"potions_floor_usage":[0,0,0,0,0,0,0,0,0,0,0,0,0,0,0,0,0,0,0,37],"damage_taken":[{"damage":0,"enemies":"Gensokyo:3_Fairies","floor":1,"turns":2},{"damage":4,"enemies":"Gensokyo:Mamizou","floor":7,"turns":2},{"damage":6,"enemies":"Gensokyo:Cirno","floor":12,"turns":8},{"damage":0,"enemies":"Gensokyo:Python","floor":13,"turns":1},{"damage":0,"enemies":"Gensokyo:Kokoro","floor":16,"turns":1},{"damage":0,"enemies":"Gensokyo:Chomper","floor":18,"turns":2},{"damage":0,"enemies":"Gensokyo:Tenshi","floor":25,"turns":1},{"damage":0,"enemies":"Gensokyo:3_Dogs","floor":27,"turns":1},{"damage":4,"enemies":"Gensokyo:Koishi","floor":28,"turns":2},{"damage":24,"enemies":"Gensokyo:Kaguya","floor":33,"turns":6},{"damage":0,"enemies":"Orb Walker","floor":35,"turns":2},{"damage":6,"enemies":"3 Shapes","floor":38,"turns":1},{"damage":0,"enemies":"2 Orb Walkers","floor":39,"turns":2},{"damage":15,"enemies":"Nemesis","floor":40,"turns":4},{"damage":5,"enemies":"Writhing Mass","floor":47,"turns":1},{"damage":0,"enemies":"Maw","floor":48,"turns":3},{"damage":71,"enemies":"Time Eater","floor":50,"turns":4},{"damage":5,"enemies":"Shield and Spear","floor":54,"turns":2},{"damage":77,"enemies":"The Heart","floor":55,"turns":3}],"seed_played":"-7791563371817832426","potions_obtained":[{"floor":0,"key":"SkillPotion"},{"floor":0,"key":"DuplicationPotion"},{"floor":0,"key":"Energy Potion"},{"floor":0,"key":"Dexterity Potion"},{"floor":0,"key":"LiquidMemories"},{"floor":1,"key":"AttackPotion"},{"floor":12,"key":"Fire Potion"},{"floor":13,"key":"CultistPotion"},{"floor":25,"key":"BlessingOfTheForge"},{"floor":28,"key":"Swift Potion"},{"floor":35,"key":"EntropicBrew"},{"floor":39,"key":"DistilledChaos"},{"floor":40,"key":"Strength Potion"}],"is_trial":false,"path_per_floor":["M","?","$","?","$","R","E","R","T","R","T","E","M","?","R","B",null,"M","?","?","$","T","R","?","E","T","M","E","R","$","?","R","B",null,"M","T","$","M","?","E","R","?","T","?","T","$","M","M","R","B",null,"R","$","E","B",null],"character_chosen":"PRAEFECT","items_purchased":["MerchantsRug","rmod:equipmentrecovery","Juzu Bracelet","Panache","rmod:expedition","Molten Egg 2","Ice Cream","PrismaticShard","rmod:ring","rmod:generalist+1","Pear","testmod-Justice","testmod-Charity","rmod:salvage+1","Prayer Wheel","testmod-RainbowHikingShoes","Question Card","ClockworkSouvenir","Lee\u0027s Waffle","rmod:highspeedmaneuver","Singing Bowl","Strawberry","War Paint","Toxic Egg 2","rmod:smokecover+1","Tiny Chest","testmod-Acrobat","testmod-Faith","rmod:intelligenceanalysis+1","rmod:lonelyqueen+1","Mango","EntropicBrew","rmod:supportaircraftcarrier+1","rmod:abidefaith","Fruit Juice","Orrery","EntropicBrew","rmod:u235+1","rmod:goodfighter+1","Girya","Membership Card","rmod:acesubmarine+1","Bottled Flame","testmod-SpacePotion","Fruit Juice","Fruit Juice","Bottled Lightning","testmod-Laevatain","Matryoshka","rmod:openingtorpedo+1","Fruit Juice","rmod:extraamm","Frozen Egg 2","Mummified Hand","Fruit Juice","testmod-HeartOfDaVinci","Omamori","Fruit Juice","TheEssenceOfRealm","rmod:highspeedmaneuver+1","testmod-CrystalShield","testmod-ConstraintPeriapt","FairyMaid","Mastiff:ReiMu","rmod:maintain+1","testmod-SpacePotion","Cauldron","Fruit Juice","TypeBBloodRedTea","Fruit Juice","testmod-SpacePotion","Fruit Juice","RedBat","CeramicFish","Bottled Tornado","BreadOfAWashokuLover","testmod-SpacePotion","EntropicBrew","Boundary_crack","Antimatter_spacedebris","testmod-SpacePotion","rmod:capitalist+1","EntropicBrew","testmod-Alchemist","Parasol_purpleEX","Potion Belt","Bag of Preparation","Finesse","Fruit Juice","DollysMirror","Deep Breath","Anchor","Paper Crane","Pan","rmod:tearstotiara"],"campfire_rested":0,"item_purchase_floors":[0,0,0,0,0,0,0,0,0,0,0,0,0,0,0,0,0,0,0,0,0,0,0,0,0,0,0,0,0,0,0,0,0,0,0,0,0,0,0,0,0,0,0,0,0,0,0,0,0,0,0,0,0,0,0,0,0,0,0,0,0,0,0,0,0,0,0,0,0,0,0,0,0,0,0,0,0,0,0,0,0,0,0,0,0,0,21,30,37,37,46,53,53,53,53],"current_hp_per_floor":[203,204,235,235,235,235,239,239,239,239,240,258,268,268,268,276,276,282,282,283,287,288,288,292,298,299,308,313,313,316,324,324,351,368,377,377,390,404,419,429,429,430,432,433,433,436,448,473,473,427,503,503,505,513,461],"gold":236,"neow_bonus":"","is_daily":false,"chose_seed":false,"campfire_upgraded":8,"win_rate":0.0,"timestamp":1613448859,"path_taken":["M","?","$","?","?","R","E","R","T","R","?","E","M","?","R","BOSS","M","?","?","$","?","R","?","E","T","M","E","R","?","?","R","BOSS","M","?","$","M","?","E","R","?","T","?","?","$","M","M","R","BOSS","R","$","E","BOSS"],"items_purchased_type":["Relic","Relic","Relic","Card","Card","Relic","Relic","Relic","Card","Card","Relic","Relic","Relic","Card","Relic","Relic","Relic","Relic","Relic","Card","Relic","Relic","Relic","Relic","Card","Relic","Relic","Relic","Card","Card","Relic","Potion","Card","Card","Potion","Relic","Potion","Card","Card","Relic","Relic","Card","Relic","Potion","Potion","Potion","Relic","Relic","Relic","Card","Potion","Relic","Relic","Relic","Potion","Relic","Relic","Potion","Relic","Card","Relic","Relic","Relic","Relic","Card","Potion","Relic","Potion","Relic","Potion","Potion","Potion","Relic","Relic","Relic","Relic","Potion","Potion","Relic","Relic","Potion","Card","Potion","Relic","Relic","Relic","Relic","Card","Potion","Relic","Card","Relic","Relic","Relic","Card"],"build_version":"2020-12-22","purchased_purges":23,"victory":true,"max_hp_per_floor":[203,204,235,235,235,235,243,243,243,243,244,264,271,271,271,276,276,282,282,283,287,288,288,292,298,299,308,314,314,317,324,324,368,368,377,377,390,407,419,444,444,445,447,448,448,451,466,482,482,503,503,503,505,518,536],"card_choices":[{"not_picked":["SporeBomb+1","Koishi:Vanish+1","Koishi:EmbersOfLove+1","EndlessAdversity+1"],"picked":"Singing Bowl","floor":0},{"not_picked":["Conquer:ReiMu+1","ScarletDevil+1","BowlingBash+1"],"picked":"Reprogram+1","floor":0},{"not_picked":["SpreadBorder2:ReiMu+1","Hibiki_Attack3+1","LeisurelyOfLord+1","Potential+1"],"picked":"Singing Bowl","floor":0},{"not_picked":["ClowCardTheWindy+1","MokouMod:ResoluteFlare+1","MokouMod:CrimsonFlare+1","Intuition:ReiMu+1"],"picked":"Singing Bowl","floor":0},{"not_picked":["Double Energy+1","Go for the Eyes+1","Streamline+1","MokouMod:InfernalWave+1"],"picked":"Singing Bowl","floor":0},{"not_picked":["Conquer:ReiMu+1","ScarletDevil+1","Reprogram+1","BowlingBash+1"],"picked":"Singing Bowl","floor":0},{"not_picked":["SpreadBorder2:ReiMu+1","Hibiki_Attack3+1","LeisurelyOfLord+1","Potential+1"],"picked":"Singing Bowl","floor":0},{"not_picked":["ClowCardTheWindy+1","MokouMod:ResoluteFlare+1","MokouMod:CrimsonFlare+1","Intuition:ReiMu+1"],"picked":"Singing Bowl","floor":0},{"not_picked":["SubAcupoint:ReiMu+1","AdministrixMod:LifeforceNet+1","KamenRideDenO+1","Bane+1"],"picked":"Singing Bowl","floor":0},{"not_picked":["Koishi:UnansweredLove+1","MokouMod:HeatCyclone+1","FearNoEvil+1","Redo+1"],"picked":"Singing Bowl","floor":1},{"not_picked":["FlurryOfBlows+1","Anger+1","Decade_Invisible+1","Conserve Battery+1"],"picked":"Singing Bowl","floor":1},{"not_picked":["SharpContractionReality_purple","Koishi:StingingMind","SpreadBorder2:ReiMu","rmod:mineteam+1"],"picked":"Singing Bowl","floor":7},{"not_picked":["Spin","Shockwave","SatelliteIllusion+1"],"picked":"Gensokyo:MorningMist","floor":12},{"not_picked":["Hibiki_Attack1","AutoVajin","MysteriousBeam","Undo"],"picked":"Singing Bowl","floor":13},{"not_picked":["Flechettes","WreathOfFlame","Swift Strike","testmod-Automaton"],"picked":"Singing Bowl","floor":13},{"not_picked":["AdministrixMod:FearOfDeath+1","ClowCardTheDark+1","Price_of_realm_purpleEX"],"picked":"Gensokyo:HouraiInAPot","floor":16},{"not_picked":["Protect","Infinite Blades+1","MokouMod:Stoke+1","Koishi:StrangeCloudFist"],"picked":"Singing Bowl","floor":18},{"not_picked":["RainPray2:ReiMu","Koishi:PhantomStrike","MokouMod:DanceofFlames","MokouMod:TemporalFireSeal"],"picked":"Singing Bowl","floor":18},{"not_picked":["rmod:diamondstrike"],"picked":"Singing Bowl","floor":24},{"not_picked":["rmod:abidefaith"],"picked":"Singing Bowl","floor":24},{"not_picked":["Decade_Illusion","MokouMod:UncontrollableSolarReaction","Static Discharge+1","Reckless Charge"],"picked":"Singing Bowl","floor":25},{"not_picked":["OmniscientAndOmnipotent_Monster_purple","ClowCardTheChange","MokouMod:AdaptivePyromancy"],"picked":"Manipulate","floor":27},{"not_picked":["FearNoEvil","Havoc","AdministrixMod:HarmonicReverence+1","Koishi:SubconsciousSweep"],"picked":"Singing Bowl","floor":27},{"not_picked":["KamenRideFaiz+1","Decade_Defend2","Feed","Maim"],"picked":"Singing Bowl","floor":28},{"not_picked":[],"picked":"Gensokyo:ShootingStar","floor":33},{"not_picked":["SoulSculpture","Rainbow","AdministrixMod:Mastermind","CollectingQuirk"],"picked":"Singing Bowl","floor":33},{"not_picked":["Nest_LightFlightworm_purple","OmniscientAndOmnipotent_Monster_purple+1","AdvanceAttack_purple","WitchLeyline+1"],"picked":"Singing Bowl","floor":35},{"not_picked":["rmod:chargemoney+1","rmod:steelsupply+1","rmod:diamondstrike"],"picked":"Advance+1","floor":35},{"not_picked":["KamenRideHibiki+1","RideBooker_Skill_3+1","Iron Wave+1","UnstableMagic"],"picked":"Singing Bowl","floor":38},{"not_picked":["testmod-LifeRuler","Koishi:Prune+1","MonsterNeedle_purple","Koishi:FleetingPhantom+1"],"picked":"Singing Bowl","floor":38},{"not_picked":["Blade_Beat","MokouMod:SearingShot+1","NineCharacters:ReiMu+1","Blade_Metal"],"picked":"Singing Bowl","floor":39},{"not_picked":["ClowCardTheStorm+1","ClowCardTheLight+1","AdministrixMod:ShadowPlay+1","MokouMod:AdaptivePyromancy"],"picked":"Singing Bowl","floor":40},{"not_picked":["MokouMod:InfernalWave","Acceleration","FormRideBasshaa+1","testmod-SubstituteBySubterfuge+1"],"picked":"Singing Bowl","floor":47},{"not_picked":["Potential","Quick Slash+1","ClowCardTheLight+1","SealNeedle:ReiMu"],"picked":"Singing Bowl","floor":47},{"not_picked":["Pommel Strike","Worldmountain_purple+1","DragClaw","ClowCardTheShadow"],"picked":"Singing Bowl","floor":48},{"not_picked":["testmod-RabbitOfFibonacci+1","MokouMod:FlareStarter","Koishi:DNAsFlaw"],"picked":"EndlessAdversity+1","floor":48},{"not_picked":["OctopathSalyBorderN:ReiMu","Rearm","StarBarrage"],"picked":"Koishi:YoukaiPolygraph","floor":54}],"player_experience":621671,"relics_obtained":[{"floor":7,"key":"Bronze Scales"},{"floor":9,"key":"Koishi:BloodstainedWhiteRose"},{"floor":9,"key":"testmod-DragonStarHat"},{"floor":11,"key":"Oddly Smooth Stone"},{"floor":12,"key":"Snake Skull"},{"floor":22,"key":"Dream Catcher"},{"floor":25,"key":"Gungnir"},{"floor":26,"key":"KSMOD_TouyasBicycle"},{"floor":28,"key":"Pen Nib"},{"floor":36,"key":"Nunchaku"},{"floor":39,"key":"testmod-ObsoleteBoomerang"},{"floor":40,"key":"Happy Flower"},{"floor":43,"key":"ShroomBag"},{"floor":45,"key":"Ornamental Fan"},{"floor":54,"key":"testmod-Hope"}],"event_choices":[{"damage_healed":0,"gold_gain":0,"player_choice":"Swap Relic","damage_taken":0,"relics_obtained":["Lee\u0027s Waffle"],"max_hp_gain":0,"max_hp_loss":0,"event_name":"给自己的盒子","floor":31,"relics_lost":["Lee\u0027s Waffle"],"gold_loss":0},{"damage_healed":0,"gold_gain":0,"player_choice":"Fight","damage_taken":0,"max_hp_gain":0,"max_hp_loss":0,"event_name":"Mysterious Sphere","floor":39,"gold_loss":0},{"damage_healed":0,"gold_gain":100,"player_choice":"Pray","damage_taken":0,"max_hp_gain":0,"max_hp_loss":0,"event_name":"Golden Shrine","floor":42,"gold_loss":0},{"damage_healed":0,"gold_gain":0,"cards_transformed":["JA"],"player_choice":"Transformed","damage_taken":0,"max_hp_gain":0,"max_hp_loss":0,"event_name":"Transmorgrifier","floor":44,"gold_loss":0,"cards_obtained":["rmod:u235"]}],"is_beta":false,"boss_relics":[{"not_picked":["testmod-IncinerationGenerator","Pandora\u0027s Box"],"picked":"Empty Cage"},{"not_picked":["Velvet Choker","Calling Bell"],"picked":"Runic Pyramid"}],"items_purged_floors":[0,0,0,0,0,0,0,0,0,0,0,0,0,0,0,0,0,0,0,0,21,30,53],"is_endless":false,"potions_floor_spawned":[1,12,13,25,28,35,39,40],"ascension_level":0}}