{"host":"0kwl2uefibxd2nsv","time":1613485210,"event":{"mods":["Act Like it!","Aspiration","BaseMod","Better Note","BetterRewards","DeckTracker","Googly Eyes","Hubris","Jedi Mod","Minty Spire (QoL Compilation)","Reliquary","Shop Mod","StS++","StSLib"],"gold_per_floor":[115,115,27,27,27,27,62,62,89,89,110,128,172,195,195,320,320,335,335,88,88,268,308,308,348,396,414,434,453,469,485,485,609,609,625,625,646,670,684,684,707,722,798,841,856,739,802,825,825,825],"floor_reached":51,"language":"ENG","playtime":3309,"items_purged":["Strike_G","Strike_G","Strike_G","Defend_G","Strike_G","Strike_G"],"score":1634,"play_id":"1f2b1e47-5d87-4003-b872-f41e8fe9407d","local_time":"20210216152010","is_ascension_mode":true,"campfire_choices":[{"floor":6.0,"key":"REST"},{"data":"Noxious Fumes","floor":8.0,"key":"SMITH"},{"data":"Catalyst","floor":10.0,"key":"SMITH"},{"data":"hubris:EnhanceAbility","floor":15.0,"key":"SMITH"},{"data":"Venomology","floor":24.0,"key":"SMITH"},{"data":"Deadly Poison","floor":32.0,"key":"SMITH"},{"data":"Neutralize","floor":40,"key":"SMITH"},{"data":"Leg Sweep","floor":49,"key":"SMITH"}],"circlet_count":0,"master_deck":["AscendersBane","Defend_G","Defend_G","Defend_G","Survivor","Neutralize+1","Flying Knee","Backflip","Catalyst+1","hubris:EnhanceAbility+1","Footwork+1","Noxious Fumes+1","Deflect","Dash","Deadly Poison+1","Venomology+1","Dodge and Roll+1","Leg Sweep+1","Flying Knee+1","Blur+1","PiercingWail+1","jedi:pocketpoison+1","Blur","Dodge and Roll"],"relics":["Ring of the Snake","Membership Card","aspiration:FrozenJewel","TwistedFunnel","Golden Idol","hubris:FunFungus","Lantern","jedi:kaleidoscope","reliquary:RustamsPendant","Ice Cream","aspiration:Lifesprig","Oddly Smooth Stone","hubris:RunicObelisk","hubris:Towel","Oddly Smooth Stone","Question Card","Bag of Preparation","FossilizedHelix"],"acts_visited":["Exordium","TheCity","TheBeyond"],"potions_floor_usage":[38,38,39,39,42,44,45,47,50,50],"damage_taken":[{"damage":0.0,"enemies":"Cultist","floor":1.0,"turns":3.0},{"damage":3.0,"enemies":"Lagavulin","floor":7.0,"turns":7.0},{"damage":0.0,"enemies":"2 Louse","floor":11.0,"turns":3.0},{"damage":0.0,"enemies":"Small Slimes","floor":12.0,"turns":5.0},{"damage":0.0,"enemies":"3 Sentries","floor":13.0,"turns":7.0},{"damage":0.0,"enemies":"3 Louse","floor":14.0,"turns":2.0},{"damage":12.0,"enemies":"Slime Boss","floor":16.0,"turns":10.0},{"damage":0.0,"enemies":"Spheric Guardian","floor":18.0,"turns":4.0},{"damage":0.0,"enemies":"Gremlin Leader","floor":23.0,"turns":6.0},{"damage":0.0,"enemies":"Slavers","floor":25.0,"turns":6.0},{"damage":0.0,"enemies":"3 Byrds","floor":27.0,"turns":4.0},{"damage":0.0,"enemies":"Shelled Parasite and Fungi","floor":28.0,"turns":5.0},{"damage":0.0,"enemies":"Centurion and Healer","floor":29.0,"turns":5.0},{"damage":0.0,"enemies":"Chosen and Byrds","floor":30.0,"turns":4.0},{"damage":0.0,"enemies":"Sentry and Sphere","floor":31.0,"turns":5.0},{"damage":5.0,"enemies":"hubris:MusketHawk","floor":33.0,"turns":8.0},{"damage":2.0,"enemies":"3 Darklings","floor":35.0,"turns":5.0},{"damage":0.0,"enemies":"Orb Walker","floor":37.0,"turns":4.0},{"damage":0,"enemies":"Transient","floor":38,"turns":5},{"damage":0,"enemies":"Writhing Mass","floor":39,"turns":7},{"damage":0,"enemies":"Spire Growth","floor":41,"turns":5},{"damage":0,"enemies":"4 Shapes","floor":42,"turns":4},{"damage":3,"enemies":"Nemesis","floor":44,"turns":7},{"damage":0,"enemies":"3 Darklings","floor":45,"turns":5},{"damage":0,"enemies":"Mind Bloom Boss Battle","floor":47,"turns":5},{"damage":0,"enemies":"Spire Growth","floor":48,"turns":5},{"damage":0,"enemies":"Donu and Deca","floor":50,"turns":12}],"seed_played":"5645629169813105896","potions_obtained":[{"floor":12.0,"key":"GamblersBrew"},{"floor":13.0,"key":"LiquidBronze"},{"floor":14.0,"key":"FearPotion"},{"floor":16.0,"key":"ColorlessPotion"},{"floor":27.0,"key":"Block Potion"},{"floor":29.0,"key":"PowerPotion"},{"floor":35.0,"key":"Poison Potion"},{"floor":38,"key":"LiquidMemories"},{"floor":41,"key":"Dexterity Potion"}],"is_trial":false,"path_per_floor":["M","?","$","?","?","R","E","R","T","R","M","M","E","M","R","B",null,"M","?","$","?","?","E","R","E","T","M","M","M","M","M","R","B",null,"M","?","M","M","M","R","M","M","T","E","M","$","?","M","R","B",null],"character_chosen":"THE_SILENT","items_purchased":["Membership Card","aspiration:FrozenJewel","Flying Knee","Backflip","TwistedFunnel","Catalyst","hubris:EnhanceAbility","Footwork","Noxious Fumes","Ice Cream","Blur","Bag of Preparation"],"campfire_rested":1,"item_purchase_floors":[0,0,0,0,0,0,0,0,0,20,46,46],"current_hp_per_floor":[21,4,4,4,4,25,22,22,22,22,25,32,38,38,38,31,60,61,61,61,61,42,53,53,70,70,70,70,70,70,70,70,70,70,70,70,70,70,70,70,70,70,70,70,70,70,70,70,70,70],"gold":825,"neow_bonus":"","is_daily":false,"chose_seed":false,"campfire_upgraded":7,"win_rate":0.0,"timestamp":1613485210,"path_taken":["M","?","$","?","?","R","E","R","T","R","M","?","E","M","R","BOSS","M","?","$","?","?","E","R","E","T","M","?","M","M","M","R","BOSS","M","?","M","M","M","R","M","M","T","E","M","$","?","M","R","BOSS"],"items_purchased_type":["Relic","Relic","Card","Card","Relic","Card","Card","Card","Card","Relic","Card","Relic"],"build_version":"2020-12-22","purchased_purges":6,"victory":true,"max_hp_per_floor":[70,70,70,70,70,70,70,70,70,70,70,70,70,70,70,70,70,70,70,70,70,70,70,70,70,70,70,70,70,70,70,70,70,70,70,70,70,70,70,70,70,70,70,70,70,70,70,70,70,70],"card_choices":[{"not_picked":["Acrobatics","Bane"],"picked":"Deflect","floor":1.0},{"not_picked":["jedi:rejectivetoxin","Dagger Spray"],"picked":"Dash","floor":7.0},{"not_picked":["StSpp:TimeParadox","PiercingWail"],"picked":"Deadly Poison","floor":11.0},{"not_picked":["hubris:TrickCloak","hubris:Sniper","Flechettes"],"picked":"SKIP","floor":12.0},{"not_picked":["StSpp:Landslide","hubris:SlightOfHand","StSpp:PoisonousPunch"],"picked":"SKIP","floor":13.0},{"not_picked":["Sucker Punch","Escape Plan","Bane"],"picked":"SKIP","floor":14.0},{"not_picked":["Doppelganger","Phantasmal Killer"],"picked":"Venomology","floor":16.0},{"not_picked":["Sucker Punch","Masterful Stab+1"],"picked":"Dodge and Roll+1","floor":18.0},{"not_picked":["StSpp:PoisonousPunch","Die Die Die","Cloak And Dagger"],"picked":"SKIP","floor":23.0},{"not_picked":["Tools of the Trade","hubris:SlightOfHand","Cloak And Dagger"],"picked":"SKIP","floor":25.0},{"not_picked":["Well Laid Plans+1","Dagger Spray+1"],"picked":"Flying Knee+1","floor":27.0},{"not_picked":["Reflex","Dagger Spray+1","Prepared+1"],"picked":"SKIP","floor":28.0},{"not_picked":["Flying Knee","Poisoned Stab","Envenom"],"picked":"SKIP","floor":29.0},{"not_picked":["StSpp:Dive","Outmaneuver"],"picked":"Blur+1","floor":30.0},{"not_picked":["Dagger Spray+1","Dagger Throw","StSpp:Throw"],"picked":"SKIP","floor":31.0},{"not_picked":["Slice+1","Flying Knee+1","Prepared"],"picked":"SKIP","floor":35.0},{"not_picked":["Blade Dance","Dagger Throw+1"],"picked":"PiercingWail+1","floor":37.0},{"not_picked":["Bane","Riddle With Holes","Outmaneuver"],"picked":"SKIP","floor":38},{"not_picked":["StSpp:StrikeFirst+1","Acrobatics"],"picked":"jedi:pocketpoison+1","floor":39},{"not_picked":["Riddle With Holes+1","Concentrate","hubris:Sniper"],"picked":"SKIP","floor":41},{"not_picked":["jedi:brewingpoison","Flying Knee","Slice"],"picked":"SKIP","floor":42},{"not_picked":["Quick Slash+1","Finisher","aspiration:Lunge"],"picked":"SKIP","floor":44},{"not_picked":["jedi:pocketpoison","hubris:TrickCloak+1","Poisoned Stab+1","Outmaneuver"],"picked":"SKIP","floor":45},{"not_picked":["Dagger Throw+1","StSpp:Dive+1","hubris:SlightOfHand+1"],"picked":"Dodge and Roll","floor":48}],"player_experience":2043038,"relics_obtained":[{"floor":7.0,"key":"hubris:FunFungus"},{"floor":9.0,"key":"Lantern"},{"floor":13.0,"key":"jedi:kaleidoscope"},{"floor":23.0,"key":"aspiration:Lifesprig"},{"floor":26.0,"key":"Oddly Smooth Stone"},{"floor":43,"key":"reliquary:SculptingSteel"},{"floor":44,"key":"Question Card"},{"floor":47,"key":"FossilizedHelix"}],"event_choices":[{"damage_healed":0.0,"max_hp_gain":0.0,"max_hp_loss":0.0,"gold_gain":0.0,"event_name":"Golden Idol","player_choice":"Take Damage","floor":2.0,"gold_loss":0.0,"damage_taken":17.0,"relics_obtained":["Golden Idol"]},{"cards_removed":["Defend_G"],"damage_healed":0.0,"max_hp_gain":0.0,"max_hp_loss":0.0,"gold_gain":0.0,"event_name":"Living Wall","player_choice":"Forget","floor":4.0,"gold_loss":0.0,"damage_taken":0.0},{"damage_healed":0.0,"max_hp_gain":0.0,"max_hp_loss":0.0,"gold_gain":0.0,"event_name":"WeMeetAgain","player_choice":"Ignored","floor":5.0,"gold_loss":0.0,"damage_taken":0.0},{"cards_removed":["hubris:EnhanceAbility"],"damage_healed":0.0,"max_hp_gain":0.0,"max_hp_loss":0.0,"gold_gain":0.0,"event_name":"betterNote:BetterNote","player_choice":"Take \u0026 Give","floor":19.0,"gold_loss":0.0,"damage_taken":0.0,"cards_obtained":["Leg Sweep"]},{"damage_healed":0.0,"max_hp_gain":0.0,"max_hp_loss":0.0,"gold_gain":180.0,"event_name":"Knowing Skull","player_choice":"GOLD GOLD ","floor":22.0,"potions_obtained":[],"gold_loss":0.0,"damage_taken":19.0,"cards_obtained":[]},{"damage_healed":0,"gold_gain":0,"player_choice":"Fight","damage_taken":0,"max_hp_gain":0,"max_hp_loss":0,"event_name":"MindBloom","floor":47,"gold_loss":0}],"is_beta":false,"boss_relics":[{"not_picked":["jedi:paperlyon","Sozu"],"picked":"reliquary:RustamsPendant"},{"not_picked":["StSpp:CrystalBall","Runic Pyramid"],"picked":"hubris:RunicObelisk"}],"items_purged_floors":[0,0,0,0,3,20],"is_endless":false,"potions_floor_spawned":[12,13,14,16,18,23,27,29,33,35,38,41,45,47,48],"ascension_level":10}}