{"host":"17aj8307sanlevtk","time":1613519123,"event":{"mods":["BaseMod","Colored Map","Colored Powertips","Infinite Spire","Lobotomy","Minty Spire (QoL Compilation)","Relic Stats","Replay The Spire","StSLib"],"gold_per_floor":[117,180,196,43,43,71,71,85,85,119,131,150,150,183,183,288,288,308,233,233,233,249,249,281,281,281,294,311,311,311,340,340,436,436,456,456,366,382,382,382,414,414,462,495,511,527,527,546,546,546],"floor_reached":51,"language":"ENG","playtime":2200,"items_purged":["Injury"],"score":930,"play_id":"2e904cc3-cf97-4c06-ac23-ac84dd2943ec","local_time":"20210216174523","is_ascension_mode":true,"campfire_choices":[{"data":"Creative AI","floor":7,"key":"SMITH"},{"floor":13,"key":"REST"},{"floor":15,"key":"REST"},{"data":"Double Energy","floor":23,"key":"SMITH"},{"floor":25,"key":"REST"},{"data":"Rainbow","floor":29,"key":"SMITH"},{"floor":32,"key":"REST"},{"data":"Buffer","floor":40,"key":"SMITH"},{"data":"Pot Of Greed","floor":42,"key":"SMITH"},{"data":"Capacitor","floor":47,"key":"SMITH"},{"floor":49,"key":"REST"}],"circlet_count":0,"master_deck":["Strike_B","Strike_B","Defend_B","Defend_B","Defend_B","Defend_B","Zap+1","Dualcast","Ball Lightning","Capacitor+1","Creative AI+1","Conserve Battery","Double Energy+1","Rainbow+1","Coolheaded+1","infinitespire:Fortify","Conserve Battery+1","BootSequence","Glacier+1","Coolheaded+1","Loop+1","Buffer+1","Loop+1","Blizzard+1","Pot Of Greed+1","Pot Of Greed","Pot Of Greed","ReplayRNGCard","Cold Snap","Turbo","Defragment+1","Coolheaded+1"],"relics":["Cracked Core","NeowsBlessing","ReplayTheSpireMod:CursedCoin","Lantern","Pocketwatch","infinitespire:BottledMercury","Dead Branch","Geode","Nuclear Battery","Nunchaku","Mirror","Art of War","ReplayTheSpireMod:Lightbulb","Honey Jar","Grinning Jar","Oddly Smooth Stone","Bag of Preparation"],"acts_visited":["Exordium","TheCity","TheBeyond"],"potions_floor_usage":[14,22,31,50,50],"damage_taken":[{"damage":0,"enemies":"2 Louse","floor":1,"turns":1},{"damage":0,"enemies":"Small Slimes","floor":3,"turns":1},{"damage":0,"enemies":"Lagavulin","floor":6,"turns":1},{"damage":6,"enemies":"Jaw Worm","floor":8,"turns":3},{"damage":28,"enemies":"Gremlin Nob","floor":10,"turns":4},{"damage":12,"enemies":"2 Fungi Beasts","floor":11,"turns":2},{"damage":10,"enemies":"Exordium Wildlife","floor":12,"turns":3},{"damage":18,"enemies":"Lagavulin","floor":14,"turns":5},{"damage":14,"enemies":"The Guardian","floor":16,"turns":9},{"damage":14,"enemies":"Shell Parasite","floor":18,"turns":4},{"damage":6,"enemies":"3 Byrds","floor":22,"turns":3},{"damage":20,"enemies":"Gremlin Leader","floor":24,"turns":8},{"damage":4,"enemies":"Snake Plant","floor":27,"turns":4},{"damage":0,"enemies":"Snecko","floor":28,"turns":6},{"damage":1,"enemies":"Slavers","floor":31,"turns":5},{"damage":25,"enemies":"Automaton","floor":33,"turns":7},{"damage":0,"enemies":"Orb Walker","floor":35,"turns":3},{"damage":0,"enemies":"3 Darklings","floor":38,"turns":6},{"damage":0,"enemies":"Nemesis","floor":41,"turns":11},{"damage":31,"enemies":"Reptomancer","floor":44,"turns":9},{"damage":0,"enemies":"Maw","floor":45,"turns":9},{"damage":0,"enemies":"Jaw Worm Horde","floor":46,"turns":3},{"damage":0,"enemies":"3 Darklings","floor":48,"turns":6},{"damage":0,"enemies":"infinitespire:MassOfShapes","floor":50,"turns":14}],"seed_played":"-4225982081750297256","potions_obtained":[{"floor":1,"key":"LiquidBronze"},{"floor":3,"key":"PowerPotion"},{"floor":12,"key":"SkillPotion"},{"floor":16,"key":"SteroidPotion"},{"floor":22,"key":"Ancient Potion"},{"floor":38,"key":"Energy Potion"},{"floor":44,"key":"Regen Potion"},{"floor":45,"key":"Regen Potion"}],"is_trial":false,"path_per_floor":["M","?","M","$","?","E","R","M","T","E","M","M","R","E","R","B",null,"M","?","?","?","M","R","E","R","T","M","M","R","?","E","R","B",null,"M","?","?","M","?","R","E","R","T","E","M","M","R","M","R","B",null],"character_chosen":"DEFECT","items_purchased":["Capacitor","ReplayTheSpireMod:CursedCoin","Lantern"],"campfire_rested":5,"item_purchase_floors":[4,4,4],"current_hp_per_floor":[75,75,75,75,75,75,75,69,69,41,29,19,41,23,45,31,75,61,61,43,43,37,37,17,39,39,35,35,35,35,34,56,31,75,75,75,75,75,75,75,75,75,75,44,44,44,44,44,66,66],"gold":546,"neow_bonus":"THREE_ENEMY_KILL","is_daily":false,"chose_seed":false,"campfire_upgraded":6,"win_rate":0.0,"timestamp":1613519123,"path_taken":["M","?","M","$","?","E","R","M","T","E","?","M","R","E","R","BOSS","M","?","?","?","?","R","E","R","T","M","M","R","?","E","R","BOSS","M","?","?","?","?","R","E","R","T","E","M","M","R","M","R","BOSS"],"items_purchased_type":["Card","Relic","Card"],"build_version":"2020-12-22","purchased_purges":1,"victory":true,"max_hp_per_floor":[75,75,75,75,75,75,75,75,75,75,75,75,75,75,75,75,75,75,75,75,75,75,75,75,75,75,75,75,75,75,75,75,75,75,75,75,75,75,75,75,75,75,75,75,75,75,75,75,75,75],"relic_stats":{"Nunchaku":[8],"counters":[24,126],"Dead Branch":[53],"Art of War":[28],"Bag of Preparation":[8],"obtain_stats":[{"infinitespire:BottledMercury":9,"Lantern":4,"NeowsBlessing":0,"ReplayTheSpireMod:CursedCoin":4,"Dead Branch":10,"Oddly Smooth Stone":43,"Geode":14,"Bag of Preparation":44,"Nuclear Battery":17,"Nunchaku":21,"Honey Jar":34,"Art of War":26,"Grinning Jar":41,"Cracked Core":0,"Mirror":24,"ReplayTheSpireMod:Lightbulb":31,"Pocketwatch":6},{"infinitespire:BottledMercury":4,"Lantern":2,"NeowsBlessing":0,"ReplayTheSpireMod:CursedCoin":2,"Dead Branch":5,"Oddly Smooth Stone":19,"Geode":8,"Bag of Preparation":20,"Nuclear Battery":9,"Nunchaku":10,"Honey Jar":16,"Art of War":12,"Grinning Jar":19,"Cracked Core":0,"Mirror":12,"ReplayTheSpireMod:Lightbulb":15,"Pocketwatch":3},{"infinitespire:BottledMercury":6,"Lantern":2,"NeowsBlessing":0,"ReplayTheSpireMod:CursedCoin":2,"Dead Branch":10,"Oddly Smooth Stone":86,"Geode":20,"Bag of Preparation":95,"Nuclear Battery":29,"Nunchaku":33,"Honey Jar":66,"Art of War":44,"Grinning Jar":86,"Cracked Core":0,"Mirror":44,"ReplayTheSpireMod:Lightbulb":59,"Pocketwatch":3}],"Pocketwatch":[92]},"card_choices":[{"not_picked":["Rebound","Conserve Battery"],"picked":"Doom and Gloom","floor":1},{"not_picked":["Panic Button","Conserve Battery"],"picked":"Ball Lightning","floor":3},{"not_picked":["Coolheaded","White Noise"],"picked":"Creative AI","floor":6},{"not_picked":["Beam Cell","Heatsinks","Panic Button"],"picked":"SKIP","floor":8},{"not_picked":["Redo","Crystallizer","Compile Driver"],"picked":"SKIP","floor":10},{"not_picked":["Compile Driver","Fusion","Steam"],"picked":"SKIP","floor":11},{"not_picked":["Rainbow","Go for the Eyes"],"picked":"Conserve Battery","floor":12},{"not_picked":["Hello World","Sweeping Beam"],"picked":"Double Energy","floor":14},{"not_picked":["Fission","All For One"],"picked":"Rainbow","floor":16},{"not_picked":["Compile Driver+1","Steam"],"picked":"Coolheaded+1","floor":18},{"not_picked":["ReplayTheSpireMod:Echoes of Time","ReplayTheSpireMod:Haul"],"picked":"infinitespire:Fortify","floor":20},{"not_picked":["Redo+1","Go for the Eyes"],"picked":"Conserve Battery+1","floor":22},{"not_picked":["Chaos","Sunder"],"picked":"BootSequence","floor":24},{"not_picked":["Streamline","Go for the Eyes"],"picked":"Glacier","floor":27},{"not_picked":["ReplayTheSpireMod:System Scan","Coolheaded","Streamline"],"picked":"SKIP","floor":28},{"not_picked":["Gash","Lockon"],"picked":"Loop+1","floor":31},{"not_picked":["Machine Learning","Amplify"],"picked":"Buffer","floor":33},{"not_picked":["Self Repair+1","Streamline","Gash"],"picked":"Loop+1","floor":35},{"not_picked":["Panic Button","ReplayTheSpireMod:Calculation Training","Steam+1"],"picked":"Blizzard+1","floor":38},{"not_picked":["Meteor Strike","Conserve Battery+1","Crystallizer"],"picked":"ReplayRNGCard","floor":41},{"not_picked":["Streamline+1","Beam Cell","Steam"],"picked":"Cold Snap","floor":44},{"not_picked":["Compile Driver","Ball Lightning","Sweeping Beam+1"],"picked":"Turbo","floor":45},{"not_picked":["Double Energy+1","Consume","BasicCrystalCard"],"picked":"Defragment+1","floor":46},{"not_picked":["Heatsinks+1","Force Field","Genetic Algorithm+1"],"picked":"Coolheaded+1","floor":48}],"player_experience":573820,"relics_obtained":[{"floor":6,"key":"Pocketwatch"},{"floor":9,"key":"infinitespire:BottledMercury"},{"floor":10,"key":"Dead Branch"},{"floor":14,"key":"Geode"},{"floor":24,"key":"Mirror"},{"floor":26,"key":"Art of War"},{"floor":31,"key":"ReplayTheSpireMod:Lightbulb"},{"floor":41,"key":"Grinning Jar"},{"floor":43,"key":"Oddly Smooth Stone"},{"floor":44,"key":"Bag of Preparation"}],"event_choices":[{"damage_healed":0,"gold_gain":63,"player_choice":"Gained Gold","damage_taken":0,"max_hp_gain":0,"max_hp_loss":0,"event_name":"Golden Wing","floor":2,"gold_loss":0},{"damage_healed":0,"gold_gain":0,"player_choice":"Grow","damage_taken":0,"max_hp_gain":0,"max_hp_loss":0,"event_name":"Living Wall","floor":5,"gold_loss":0,"cards_upgraded":["Zap"]},{"cards_removed":["Strike_B"],"damage_healed":0,"gold_gain":0,"player_choice":"Gave Gold","damage_taken":0,"max_hp_gain":0,"max_hp_loss":0,"event_name":"Beggar","floor":19,"gold_loss":75},{"damage_healed":0,"gold_gain":0,"player_choice":"Copied","damage_taken":0,"max_hp_gain":0,"max_hp_loss":0,"event_name":"Duplicator","floor":30,"gold_loss":0,"cards_obtained":["Coolheaded"]},{"cards_removed":["Doom and Gloom"],"damage_healed":0,"gold_gain":0,"player_choice":"Removed Attack","damage_taken":0,"max_hp_gain":0,"max_hp_loss":0,"event_name":"Falling","floor":36,"gold_loss":0},{"cards_removed":["Strike_B"],"damage_healed":0,"gold_gain":0,"player_choice":"Upgrade and Remove","damage_taken":0,"max_hp_gain":0,"max_hp_loss":0,"event_name":"Designer","floor":37,"gold_loss":90,"cards_upgraded":["Glacier"]},{"damage_healed":0,"gold_gain":0,"player_choice":"Ignored","damage_taken":0,"max_hp_gain":0,"max_hp_loss":0,"event_name":"NoteForYourself","floor":39,"gold_loss":0}],"is_beta":false,"boss_relics":[{"not_picked":["Black Star","Calling Bell"],"picked":"Nuclear Battery"},{"not_picked":["Kintsugi","Velvet Choker"],"picked":"Honey Jar"}],"items_purged_floors":[4],"is_endless":false,"potions_floor_spawned":[1,3,12,16,18,22,38,44,45],"ascension_level":1}}