{"host":"od06gsur5w60l0yz","time":1613442161,"event":{"mods":["BaseMod","Better Match","Better Third Choice","Colored Map","Downfall","GifTheSpireLib","Googly Eyes","Hermit","Hubris","Minty Spire (QoL Compilation)","Reliquary","Replay The Spire","StSLib","The Cursed","The Forsaken","The Hierophant","The Necromancer","The Saiyan","The Senshi"],"gold_per_floor":[113,124,134,150,161,194,194,194,194,204,204,56,56,77,77,87,87],"floor_reached":16,"language":"ENG","playtime":2280,"items_purged":[],"score":104,"play_id":"5b52077a-2229-4361-8e14-7ba8f7d858f0","local_time":"20210216002241","is_ascension_mode":false,"campfire_choices":[{"floor":7,"key":"RECALL"},{"floor":13,"key":"REST"},{"floor":15,"key":"DIG"}],"circlet_count":0,"master_deck":["theForsaken:TheForsaken_Strike","theForsaken:TheForsaken_Strike","theForsaken:TheForsaken_Strike","theForsaken:TheForsaken_Strike","theForsaken:TheForsaken_Defend","theForsaken:TheForsaken_Defend","theForsaken:TheForsaken_Defend","theForsaken:TheForsaken_Defend","theForsaken:Smite","theForsaken:Penitence","theForsaken:WardingHymn","theForsaken:StoreUp","theForsaken:Purification","theForsaken:Confusion","theForsaken:ShieldBash","theForsaken:SiphonStrike+1"],"relics":["theForsaken:JudgementScales","Pet Ghost","Prayer Wheel","reliquary:QuartzCube","Pondfish Scales","hubris:EvacipatedBox","Molten Egg 2","Replay:Bandana","theForsaken:Kindling"],"acts_visited":["Exordium"],"potions_floor_usage":[5,16,16],"damage_taken":[{"damage":0,"enemies":"Cultist","floor":1,"turns":4},{"damage":0,"enemies":"2 Louse","floor":2,"turns":2},{"damage":0,"enemies":"Jaw Worm","floor":3,"turns":4},{"damage":0,"enemies":"Large Slime","floor":4,"turns":9},{"damage":10,"enemies":"Gremlin Gang","floor":5,"turns":9},{"damage":2,"enemies":"Lagavulin","floor":6,"turns":13},{"damage":7,"enemies":"Blue Slaver","floor":10,"turns":5},{"damage":13,"enemies":"Lots of Slimes","floor":14,"turns":9},{"damage":25,"enemies":"Hexaghost","floor":16,"turns":14}],"seed_played":"-7277673096346578796","potions_obtained":[{"floor":2,"key":"Block Potion"},{"floor":6,"key":"ColorlessPotion"},{"floor":10,"key":"Toxic Potion"},{"floor":14,"key":"Adrenaline Potion"}],"is_trial":false,"path_per_floor":["M","M","M","M","M","E","R","?","T","M","$","$","R","M","R_BF","B"],"character_chosen":"THE_FORSAKEN","items_purchased":["Pondfish Scales","hubris:EvacipatedBox","Molten Egg 2","Replay:Bandana"],"campfire_rested":1,"item_purchase_floors":[11,11,11,12],"current_hp_per_floor":[65,65,65,65,65,65,65,65,65,59,4,4,23,19,19,0,0],"gold":87,"neow_bonus":"RANDOM_COMMON_RELIC","is_daily":false,"chose_seed":false,"campfire_upgraded":0,"win_rate":0.0,"timestamp":1613442161,"path_taken":["M","M","M","M","?","E","R","?","T","M","?","$","R","M","R_BF","BOSS"],"items_purchased_type":["Relic","Relic","Relic","Relic"],"build_version":"2020-12-22","purchased_purges":0,"victory":false,"max_hp_per_floor":[65,65,65,65,65,65,65,65,65,65,65,65,65,65,65,65,65],"card_choices":[{"not_picked":["theForsaken:NobleSacrifice","theForsaken:WordsOfMight"],"picked":"theForsaken:WardingHymn","floor":1},{"not_picked":["theForsaken:DarkBarrier","theForsaken:Tranquility","theForsaken:SpinAttack"],"picked":"SKIP","floor":2},{"not_picked":["theForsaken:Preservation","theForsaken:Eulogy"],"picked":"theForsaken:StoreUp","floor":3},{"not_picked":["theForsaken:NobleSacrifice","theForsaken:RainingSunlight"],"picked":"theForsaken:WordsOfMight","floor":4},{"not_picked":["theForsaken:BlindFaith","theForsaken:NobleSacrifice"],"picked":"theForsaken:Purification","floor":5},{"not_picked":["theForsaken:Devotion","theForsaken:FuryStrikes"],"picked":"theForsaken:Confusion","floor":6},{"not_picked":["theForsaken:Preservation","theForsaken:NobleSacrifice"],"picked":"theForsaken:ShieldBash","floor":10},{"not_picked":["theForsaken:PowerUp","theForsaken:CreepingInfection","theForsaken:InspiringBlow"],"picked":"SKIP","floor":10},{"not_picked":["theForsaken:PanicDive","theForsaken:ChargeAttack+1"],"picked":"theForsaken:SiphonStrike+1","floor":14},{"not_picked":["theForsaken:WordsOfPestilence+1","theForsaken:CreepingInfection","theForsaken:MagicWeapon"],"picked":"SKIP","floor":14}],"player_experience":221843,"relics_obtained":[{"floor":6,"key":"Prayer Wheel"},{"floor":9,"key":"reliquary:QuartzCube"},{"floor":15,"key":"theForsaken:Kindling"}],"event_choices":[{"cards_removed":["theForsaken:WordsOfMight"],"damage_healed":0,"gold_gain":0,"player_choice":"Offered Uncommon","damage_taken":0,"max_hp_gain":0,"max_hp_loss":0,"event_name":"Bonfire Elementals","floor":8,"gold_loss":0}],"is_beta":false,"boss_relics":[],"items_purged_floors":[],"is_endless":false,"potions_floor_spawned":[2,6,10,14],"killed_by":"Hexaghost","ascension_level":0}}