{"host":"w4ub8crw9ou4a5am","time":1613500292,"event":{"mods":["2.2 Compatiblity","BaseMod","Challenge The Spire","Colored Powertips","Hermit","Hubris","Jorbs\u0027s Wanderer Trilogy","KinomotoSakuraMod(????)","Koishi","Marisa????????","Minty Spire (QoL Compilation)","Quick Restart","Rare Cards Sparkle","Remilia??????","StSLib","The Administrix","The Animator","The Bug Knight","The Cursed","The Disciple","The Hierophant","The Jungle","The Marked","The Necromancer","The Senshi","The Servant 0.9.4","WarShipGirlsR/????R mod"],"gold_per_floor":[114,189,204,204,30,30,45,60,60,75,49,64,64,79,79,179,179,194,194,209,19,34,34,34,34],"floor_reached":24,"language":"ENG","playtime":1280,"items_purged":[],"score":215,"play_id":"911343e2-152d-42ae-9f29-ca34c04d5c41","local_time":"20210216133132","daily_mods":["Specialized","ControlledChaos","Lethality"],"is_ascension_mode":false,"campfire_choices":[{"data":"hubris:EnhanceAbility","floor":6,"key":"SMITH"},{"floor":13,"key":"REST"},{"floor":15,"key":"REST"},{"floor":23,"key":"REST"}],"circlet_count":0,"master_deck":["Strike_B","Strike_B","Strike_B","Strike_B","Defend_B","Defend_B","Defend_B","Defend_B","Zap","Dualcast","FTL","FTL","FTL","FTL","FTL","Loop","Streamline","hubris:EnhanceAbility+1","White Noise","Conserve Battery","Ball Lightning","Leap","Creative AI","BootSequence","Meteor Strike","Capacitor+1","Defragment","Apotheosis","Undo","Genetic Algorithm"],"relics":["Cracked Core","Frozen Eye","Orichalcum","Blood Vial","hubris:VirtuousBlindfold","SsserpentHead"],"acts_visited":["Exordium","TheCity"],"potions_floor_usage":[10,10,18,20],"damage_taken":[{"damage":0,"enemies":"Small Slimes","floor":1,"turns":1},{"damage":4,"enemies":"Jaw Worm","floor":3,"turns":2},{"damage":0,"enemies":"Cultist","floor":7,"turns":2},{"damage":0,"enemies":"Large Slime","floor":8,"turns":3},{"damage":23,"enemies":"3 Louse","floor":10,"turns":2},{"damage":5,"enemies":"Exordium Wildlife","floor":12,"turns":3},{"damage":0,"enemies":"2 Fungi Beasts","floor":14,"turns":2},{"damage":32,"enemies":"Slime Boss","floor":16,"turns":5},{"damage":13,"enemies":"Shell Parasite","floor":18,"turns":4},{"damage":23,"enemies":"Shelled Parasite and Fungi","floor":20,"turns":5},{"damage":14,"enemies":"Cultist and Chosen","floor":22,"turns":6},{"damage":59,"enemies":"Book of Stabbing","floor":24,"turns":5}],"seed_played":"2711566965655028651","potions_obtained":[{"floor":1,"key":"FocusPotion"},{"floor":3,"key":"FocusPotion"},{"floor":10,"key":"EssenceOfSteel"},{"floor":18,"key":"Weak Potion"}],"is_trial":false,"path_per_floor":["M","?","M","T","$","R","M","M","T","M","$","M","R","M","R","B",null,"M","?","M","$","M","R","E"],"character_chosen":"DEFECT","items_purchased":["hubris:EnhanceAbility","Leap","Apotheosis","Undo"],"campfire_rested":3,"item_purchase_floors":[5,11,21,21],"current_hp_per_floor":[75,64,60,60,60,60,60,60,60,39,39,36,58,60,75,43,75,62,62,41,41,29,51,0,0],"gold":34,"neow_bonus":"","is_daily":true,"chose_seed":false,"campfire_upgraded":1,"win_rate":0.0,"timestamp":1613500292,"path_taken":["M","?","M","?","$","R","M","M","T","M","$","M","R","M","R","BOSS","M","?","M","?","M","R","E"],"items_purchased_type":["Card","Card","Card","Card"],"build_version":"2020-12-22","purchased_purges":0,"victory":false,"max_hp_per_floor":[75,75,75,75,75,75,75,75,75,75,75,75,75,75,75,75,75,75,75,75,75,75,75,75,75],"card_choices":[{"not_picked":["Leap","Heatsinks"],"picked":"Loop","floor":1},{"not_picked":["Sweeping Beam","Chaos"],"picked":"Streamline","floor":3},{"not_picked":["Melter","Sweeping Beam"],"picked":"White Noise","floor":7},{"not_picked":["White Noise","Redo"],"picked":"Conserve Battery","floor":8},{"not_picked":["Gash","Steam"],"picked":"Ball Lightning","floor":10},{"not_picked":["Sweeping Beam","Consume"],"picked":"Creative AI","floor":12},{"not_picked":["Sweeping Beam","Gash"],"picked":"BootSequence","floor":14},{"not_picked":["All For One","Creative AI"],"picked":"Meteor Strike","floor":16},{"not_picked":["Steam","Gash"],"picked":"Capacitor+1","floor":18},{"not_picked":["Redo","Sweeping Beam"],"picked":"Defragment","floor":20},{"not_picked":["Rip and Tear","Undo"],"picked":"Genetic Algorithm","floor":22}],"player_experience":1727231,"relics_obtained":[{"floor":4,"key":"Orichalcum"},{"floor":9,"key":"Blood Vial"}],"event_choices":[{"damage_healed":0,"gold_gain":75,"player_choice":"Gather Gold","damage_taken":11,"max_hp_gain":0,"max_hp_loss":0,"event_name":"World of Goop","floor":2,"gold_loss":0},{"damage_healed":0,"gold_gain":0,"player_choice":"Trade","damage_taken":0,"relics_obtained":["SsserpentHead"],"max_hp_gain":0,"max_hp_loss":0,"event_name":"FaceTrader","floor":19,"gold_loss":0}],"is_beta":false,"boss_relics":[{"not_picked":["Runic Pyramid","hubris:Backtick"],"picked":"hubris:VirtuousBlindfold"}],"items_purged_floors":[],"is_endless":false,"potions_floor_spawned":[1,3,10,18],"killed_by":"Book of Stabbing","ascension_level":0}}