{"host":"61r95uy0hn86b9iu","time":1613443499,"event":{"mods":["AchievementEnabler","BaseMod","Better Vampires","BetterRewards","Colored Powertips","Hubris","Minty Spire (QoL Compilation)","Shop Mod","StSLib"],"gold_per_floor":[116,127,127,151,14,55,55,93,116,116,135,135,150,163,163,252,252,268,143,143,143,167,167,167,167],"floor_reached":24,"language":"ENG","playtime":726,"items_purged":[],"score":499,"play_id":"2165bfb6-9366-4c2c-9f89-601447cd5296","local_time":"20210215204459","is_ascension_mode":true,"campfire_choices":[{"floor":7.0,"key":"REST"},{"floor":10.0,"key":"REST"},{"floor":15.0,"key":"REST"},{"floor":23.0,"key":"REST"}],"circlet_count":0,"master_deck":["AscendersBane","Strike_B+1","Strike_B+1","Strike_B+1","Defend_B+1","Defend_B+1","Defend_B+1","Defend_B+1","Zap","Dualcast","Conserve Battery","Beam Cell","Sweeping Beam","Defragment","Streamline","Creative AI"],"relics":["Cracked Core","Golden Idol","Oddly Smooth Stone","Art of War","Tiny Chest","SlaversCollar","MerchantsRug","Happy Flower"],"acts_visited":["Exordium","TheCity"],"potions_floor_usage":[24],"damage_taken":[{"damage":6.0,"enemies":"Small Slimes","floor":1.0,"turns":3.0},{"damage":2.0,"enemies":"Jaw Worm","floor":2.0,"turns":3.0},{"damage":1.0,"enemies":"Cultist","floor":4.0,"turns":3.0},{"damage":28.0,"enemies":"3 Sentries","floor":6.0,"turns":7.0},{"damage":22.0,"enemies":"Lagavulin","floor":8.0,"turns":6.0},{"damage":0.0,"enemies":"3 Louse","floor":11.0,"turns":1.0},{"damage":6.0,"enemies":"Exordium Wildlife","floor":13.0,"turns":3.0},{"damage":34.0,"enemies":"Exordium Thugs","floor":14.0,"turns":4.0},{"damage":0.0,"enemies":"Slime Boss","floor":16.0,"turns":6.0},{"damage":31.0,"enemies":"Spheric Guardian","floor":18.0,"turns":7.0},{"damage":18.0,"enemies":"2 Thieves","floor":22.0,"turns":5.0},{"damage":36,"enemies":"Chosen and Byrds","floor":24,"turns":3}],"seed_played":"-3356655922740548794","potions_obtained":[{"floor":2.0,"key":"Strength Potion"},{"floor":6.0,"key":"Explosive Potion"},{"floor":18.0,"key":"GamblersBrew"}],"is_trial":false,"path_per_floor":["M","M","?","M","$","E","R","E","T","R","M","?","M","M","R","B",null,"M","$","?","T","M","R","M"],"character_chosen":"DEFECT","items_purchased":["Defragment","Streamline","MerchantsRug"],"campfire_rested":4,"item_purchase_floors":[5,5,19],"current_hp_per_floor":[65,63,63,62,62,34,55,33,33,54,54,54,48,14,35,35,62,31,31,31,31,13,34,0,0],"gold":167,"neow_bonus":"RANDOM_COMMON_RELIC","is_daily":false,"chose_seed":false,"campfire_upgraded":0,"win_rate":0.0,"timestamp":1613443499,"path_taken":["M","M","?","M","$","E","R","E","T","R","M","?","?","M","R","BOSS","M","$","?","?","M","R","M"],"items_purchased_type":["Card","Card","Relic"],"build_version":"2020-12-22","purchased_purges":0,"victory":false,"max_hp_per_floor":[78,78,71,71,71,71,71,71,71,71,71,71,71,71,71,71,71,71,71,71,71,71,71,71,71],"card_choices":[{"not_picked":["Turbo","Leap"],"picked":"Conserve Battery","floor":1.0},{"not_picked":["Coolheaded","Reprogram"],"picked":"Beam Cell","floor":2.0},{"not_picked":["BootSequence","Go for the Eyes"],"picked":"Sweeping Beam","floor":4.0},{"not_picked":["Blizzard","Turbo","Redo"],"picked":"SKIP","floor":6.0},{"not_picked":["Ball Lightning","Heatsinks"],"picked":"Creative AI","floor":8.0},{"not_picked":["Force Field","Compile Driver","Go for the Eyes"],"picked":"SKIP","floor":11.0},{"not_picked":["Recycle","Steam Power","Streamline"],"picked":"SKIP","floor":13.0},{"not_picked":["Gash","Cold Snap","hubris:Ukulele"],"picked":"SKIP","floor":14.0},{"not_picked":["Beam Cell+1","Rip and Tear","Sweeping Beam"],"picked":"SKIP","floor":18.0},{"not_picked":["Cold Snap","Sweeping Beam","Hologram"],"picked":"SKIP","floor":22.0}],"player_experience":3351591,"relics_obtained":[{"floor":6.0,"key":"Oddly Smooth Stone"},{"floor":8.0,"key":"Art of War"},{"floor":9.0,"key":"Tiny Chest"},{"floor":21.0,"key":"Happy Flower"}],"event_choices":[{"damage_healed":0.0,"max_hp_gain":0.0,"max_hp_loss":7.0,"gold_gain":0.0,"event_name":"Golden Idol","player_choice":"Lose Max HP","floor":3.0,"gold_loss":0.0,"damage_taken":0.0,"relics_obtained":["Golden Idol"]},{"cards_removed":["Strike_B"],"damage_healed":0.0,"max_hp_gain":0.0,"max_hp_loss":0.0,"gold_gain":0.0,"event_name":"Wheel of Change","player_choice":"Card Removal","floor":12.0,"gold_loss":0.0,"damage_taken":0.0},{"damage_healed":0.0,"max_hp_gain":0.0,"max_hp_loss":0.0,"gold_gain":0.0,"event_name":"Back to Basics","player_choice":"Simplicity","floor":20.0,"gold_loss":0.0,"damage_taken":0.0,"cards_upgraded":["Strike_B","Strike_B","Strike_B","Defend_B","Defend_B","Defend_B","Defend_B"]}],"is_beta":false,"boss_relics":[{"not_picked":["Tiny House","SacredBark"],"picked":"SlaversCollar"}],"items_purged_floors":[],"is_endless":false,"potions_floor_spawned":[2,6,18],"killed_by":"Chosen and Byrds","ascension_level":19}}