{"host":"qy1e0kd24tpj3i2m","time":1613501023,"event":{"mods":["Act Like it!","BaseMod","Better Skull","Better Vampires","Colored Map","Colored Powertips","Custom Start","Faster Ascension Climbing","Friendly Minions","GifTheSpireLib","Gremlin Skip","Highlight Path","Minty Spire (QoL Compilation)","Permanent Neow","Poor People Problems","Quick Restart","Red Circlet Mod","Relic Filter Mod","Relic Sorter","Reorder Act Four","SacredBarkPlus","Shop Mod","StSLib","SuperFastMode","Transform Curses","没有小屋子和绿帽子啦"],"gold_per_floor":[359,72,72,72,86,86,119,137,184,184,198,214,214,30,30,150,150,166,185,185,460,475,475,516,516,516,516,516,530,530,530,530,658,658,671,1004,1004,1004,1018,1053,1053,1103,1156,754,245,259,259,273,273,273],"floor_reached":51,"language":"ZHS","playtime":2316,"items_purged":["Bash","Strike_R","Defend_R"],"score":791,"play_id":"36683d27-bf75-4d26-b62a-f7712b2b6f27","local_time":"20210217034343","is_ascension_mode":false,"campfire_choices":[{"data":"Feed","floor":6.0,"key":"SMITH"},{"data":"True Grit","floor":10.0,"key":"SMITH"},{"data":"Body Slam","floor":15.0,"key":"SMITH"},{"data":"Barricade","floor":23.0,"key":"SMITH"},{"data":"Whirlwind","floor":25.0,"key":"SMITH"},{"floor":28.0,"key":"REST"},{"data":"Flame Barrier","floor":30.0,"key":"SMITH"},{"data":"Feel No Pain","floor":32.0,"key":"SMITH"},{"data":"Limit Break","floor":41.0,"key":"SMITH"},{"data":"Flex","floor":49,"key":"SMITH"}],"circlet_count":0,"master_deck":["Strike_R","Strike_R","Strike_R+1","Defend_R","Defend_R+1","Defend_R+1","Feel No Pain+1","Pommel Strike","Whirlwind+1","Impervious","Flame Barrier+1","True Grit+1","Feed+1","Body Slam+1","Reckless Charge+1","Sentinel","Barricade+1","Shrug It Off","Seeing Red+1","Burning Pact","Combust+1","Disarm","Limit Break+1","Flex+1","Madness","Disarm","Dark Embrace+1","Rupture+1","Reaper","Flame Barrier+1","Impervious","Feel No Pain+1","Sucker Punch+1","Caltrops+1"],"relics":["Burning Blood","PreservedInsect","Nunchaku","Membership Card","Sozu","Nilry\u0027s Codex","Juzu Bracelet","Frozen Egg 2","Singing Bowl","Mark of Pain","Dream Catcher","FossilizedHelix","Vajra","Self Forming Clay","MerchantsRug","PrismaticShard","Ornamental Fan","Oddly Smooth Stone","DollysMirror","HornCleat"],"acts_visited":["Exordium","TheCity","TheBeyond"],"potions_floor_usage":[50],"damage_taken":[{"damage":0.0,"enemies":"Small Slimes","floor":1.0,"turns":5.0},{"damage":6.0,"enemies":"2 Louse","floor":5.0,"turns":2.0},{"damage":12.0,"enemies":"3 Sentries","floor":7.0,"turns":6.0},{"damage":0.0,"enemies":"Cultist","floor":8.0,"turns":4.0},{"damage":0.0,"enemies":"Exordium Wildlife","floor":11.0,"turns":6.0},{"damage":0.0,"enemies":"2 Fungi Beasts","floor":12.0,"turns":3.0},{"damage":53.0,"enemies":"The Guardian","floor":16.0,"turns":19.0},{"damage":18.0,"enemies":"2 Thieves","floor":18.0,"turns":5.0},{"damage":5.0,"enemies":"3 Byrds","floor":19.0,"turns":4.0},{"damage":22.0,"enemies":"Shelled Parasite and Fungi","floor":22.0,"turns":7.0},{"damage":38.0,"enemies":"Book of Stabbing","floor":24.0,"turns":6.0},{"damage":0.0,"enemies":"3 Cultists","floor":29.0,"turns":6.0},{"damage":42.0,"enemies":"Collector","floor":33.0,"turns":12.0},{"damage":7.0,"enemies":"Orb Walker","floor":35.0,"turns":5.0},{"damage":0.0,"enemies":"3 Shapes","floor":39.0,"turns":7.0},{"damage":49.0,"enemies":"Reptomancer","floor":40.0,"turns":7.0},{"damage":8.0,"enemies":"Mind Bloom Boss Battle","floor":42.0,"turns":7.0},{"damage":4,"enemies":"Maw","floor":46,"turns":9},{"damage":0,"enemies":"Jaw Worm Horde","floor":48,"turns":3},{"damage":24,"enemies":"Time Eater","floor":50,"turns":11}],"seed_played":"7247802728891029622","potions_obtained":[{"floor":7.0,"key":"SteroidPotion"},{"floor":8.0,"key":"Dexterity Potion"},{"floor":16.0,"key":"Energy Potion"}],"is_trial":false,"path_per_floor":["M","$","?","?","M","R","E","M","T","R","M","M","?","$","R","B",null,"M","M","?","?","M","R","E","R","T","?","R","M","R","T","R","B",null,"M","?","?","?","M","E","R","?","T","$","$","M","?","M","R","B",null],"character_chosen":"IRONCLAD","items_purchased":["Orrery","PreservedInsect","Membership Card","Vajra","Self Forming Clay","MerchantsRug","PrismaticShard","Rupture+1","Reaper","Ornamental Fan","Oddly Smooth Stone","DollysMirror","Impervious","Feel No Pain+1"],"campfire_rested":1,"item_purchase_floors":[2,2,14,44,44,44,44,44,45,45,45,45,45,45],"current_hp_per_floor":[80,80,60,60,60,60,58,68,68,68,78,88,69,69,69,26,100,92,97,81,81,69,69,37,37,37,37,70,76,76,76,76,44,116,115,115,100,100,110,67,67,67,67,67,67,72,72,78,78,60],"gold":273,"neow_bonus":"TWO_FIFTY_GOLD","is_daily":false,"chose_seed":false,"campfire_upgraded":9,"win_rate":0.0,"timestamp":1613501023,"path_taken":["M","$","?","?","M","R","E","?","T","R","M","M","?","$","R","BOSS","M","M","?","?","M","R","E","R","T","?","R","M","R","?","R","BOSS","M","?","?","?","M","E","R","?","T","?","$","M","?","M","R","BOSS"],"items_purchased_type":["Relic","Relic","Relic","Relic","Relic","Relic","Relic","Card","Card","Relic","Relic","Relic","Card","Card"],"build_version":"2020-12-22","purchased_purges":3,"victory":true,"max_hp_per_floor":[80,80,80,80,80,80,84,88,88,88,92,96,96,96,96,100,100,104,108,108,108,112,112,112,112,112,112,112,112,112,112,112,116,116,116,116,116,116,120,120,120,122,122,122,122,122,122,122,122,122],"card_choices":[{"not_picked":["Havoc","Sever Soul"],"picked":"Feel No Pain","floor":1.0},{"not_picked":["Searing Blow","Havoc"],"picked":"Pommel Strike","floor":2.0},{"not_picked":["Spot Weakness","Headbutt"],"picked":"Whirlwind","floor":2.0},{"not_picked":["Twin Strike","Perfected Strike"],"picked":"Impervious","floor":2.0},{"not_picked":["Pommel Strike","True Grit"],"picked":"Flame Barrier","floor":2.0},{"not_picked":["Pommel Strike","Heavy Blade"],"picked":"True Grit","floor":2.0},{"not_picked":["Uppercut","Carnage"],"picked":"Feed","floor":5.0},{"not_picked":["Cleave","Shrug It Off"],"picked":"Body Slam","floor":7.0},{"not_picked":["Thunderclap","Havoc"],"picked":"Reckless Charge","floor":8.0},{"not_picked":["Thunderclap","Headbutt"],"picked":"Sentinel","floor":11.0},{"not_picked":["Pummel","Anger","Clothesline"],"picked":"SKIP","floor":12.0},{"not_picked":["Pummel","Anger","Clothesline"],"picked":"SKIP","floor":12.0},{"not_picked":["Demon Form","Brutality"],"picked":"Barricade","floor":16.0},{"not_picked":["Clash","Twin Strike"],"picked":"Shrug It Off","floor":18.0},{"not_picked":["Armaments","Searing Blow"],"picked":"Seeing Red+1","floor":19.0},{"not_picked":["Thunderclap","Pummel","Cleave"],"picked":"SKIP","floor":22.0},{"not_picked":["Hemokinesis","True Grit"],"picked":"Burning Pact","floor":24.0},{"not_picked":["Headbutt","Clothesline"],"picked":"Disarm","floor":29.0},{"not_picked":["Bludgeon","Feed"],"picked":"Limit Break","floor":33.0},{"not_picked":["Combust+1","Cleave"],"picked":"Flex","floor":35.0},{"not_picked":["Warcry+1","Clothesline"],"picked":"Disarm","floor":39.0},{"not_picked":["Berserk+1","Warcry+1"],"picked":"Dark Embrace+1","floor":40.0},{"not_picked":["Anger+1","Dark Embrace+1","Wild Strike+1"],"picked":"Singing Bowl","floor":42.0},{"not_picked":["FlurryOfBlows+1","Prostrate+1"],"picked":"Sucker Punch+1","floor":46},{"not_picked":["Cleave","FlurryOfBlows+1"],"picked":"Caltrops+1","floor":48}],"player_experience":887173,"relics_obtained":[{"floor":7.0,"key":"War Paint"},{"floor":9.0,"key":"Nunchaku"},{"floor":20.0,"key":"Nilry\u0027s Codex"},{"floor":24.0,"key":"Juzu Bracelet"},{"floor":26.0,"key":"Frozen Egg 2"},{"floor":31.0,"key":"Singing Bowl"},{"floor":40.0,"key":"Dream Catcher"},{"floor":42.0,"key":"FossilizedHelix"},{"floor":43,"key":"Potion Belt"}],"event_choices":[{"damage_healed":0.0,"max_hp_gain":0.0,"max_hp_loss":0.0,"gold_gain":0.0,"event_name":"Golden Idol","player_choice":"Take Damage","floor":3.0,"gold_loss":0.0,"damage_taken":20.0,"relics_obtained":["Golden Idol"]},{"cards_removed":["Doubt"],"damage_healed":0.0,"max_hp_gain":0.0,"max_hp_loss":0.0,"gold_gain":0.0,"event_name":"Purifier","player_choice":"Purged","floor":4.0,"gold_loss":0.0,"damage_taken":0.0},{"damage_healed":0.0,"max_hp_gain":0.0,"max_hp_loss":0.0,"gold_gain":0.0,"event_name":"Shining Light","player_choice":"Entered Light","floor":13.0,"gold_loss":0.0,"damage_taken":19.0,"cards_upgraded":["Strike_R","Reckless Charge"]},{"damage_healed":0.0,"max_hp_gain":0.0,"max_hp_loss":0.0,"gold_gain":0.0,"event_name":"Cursed Tome","player_choice":"Obtained Book","floor":20.0,"gold_loss":0.0,"damage_taken":16.0},{"damage_healed":0.0,"max_hp_gain":0.0,"max_hp_loss":0.0,"gold_gain":275.0,"event_name":"Golden Shrine","player_choice":"Desecrate","floor":21.0,"gold_loss":0.0,"damage_taken":0.0,"cards_obtained":["Regret"]},{"damage_healed":0.0,"max_hp_gain":0.0,"max_hp_loss":0.0,"gold_gain":0.0,"cards_transformed":["Regret"],"event_name":"Transmorgrifier","player_choice":"Transformed","floor":27.0,"gold_loss":0.0,"damage_taken":0.0,"cards_obtained":["Combust"]},{"damage_healed":0.0,"max_hp_gain":0.0,"max_hp_loss":0.0,"gold_gain":333.0,"event_name":"The Moai Head","player_choice":"Gave Idol","floor":36.0,"relics_lost":["Golden Idol"],"gold_loss":0.0,"damage_taken":0.0},{"damage_healed":0.0,"max_hp_gain":0.0,"max_hp_loss":0.0,"gold_gain":0.0,"event_name":"Winding Halls","player_choice":"Embrace Madness","floor":37.0,"gold_loss":0.0,"damage_taken":15.0,"cards_obtained":["Madness","Madness"]},{"cards_removed":["Strike_R"],"damage_healed":0.0,"max_hp_gain":0.0,"max_hp_loss":0.0,"gold_gain":0.0,"event_name":"Falling","player_choice":"Removed Attack","floor":38.0,"gold_loss":0.0,"damage_taken":0.0},{"damage_healed":0.0,"max_hp_gain":0.0,"max_hp_loss":0.0,"gold_gain":0.0,"event_name":"MindBloom","player_choice":"Fight","floor":42.0,"gold_loss":0.0,"damage_taken":0.0},{"cards_removed":["Madness"],"damage_healed":0,"gold_gain":0,"player_choice":"Gave Card","damage_taken":0,"relics_obtained":["HornCleat"],"max_hp_gain":0,"max_hp_loss":0,"event_name":"WeMeetAgain","floor":47,"gold_loss":0}],"is_beta":false,"boss_relics":[{"not_picked":["Runic Cube","Calling Bell"],"picked":"Sozu"},{"not_picked":["Busted Crown","Pandora\u0027s Box"],"picked":"Mark of Pain"}],"items_purged_floors":[14,44,45],"is_endless":false,"potions_floor_spawned":[7,8,16,19,29,39,42,46,48],"ascension_level":0}}