{"host":"mi0eibewekhugwl1","time":1613484325,"event":{"mods":["AchievementEnabler","BaseMod","Colored Map","Colored Powertips","DeckTracker","Keyboard Shortcuts","Minty Spire (QoL Compilation)","Quick Restart","Rare Cards Sparkle","Relic Stats","StSLib","SuperFastMode","everything is the same but u backflip on backflip"],"gold_per_floor":[209,220,237,183,203,234,80,80,80,155,186,147,147,91,91,169,169,180,19,19,19,32,32,32,32,58,58,58,77,24,24,24,24,24],"floor_reached":33,"language":"KOR","playtime":586,"items_purged":["Strike_R"],"score":498,"play_id":"f1cb86a1-3f70-4c81-b5b4-1784c80fd926","local_time":"20210216230525","is_ascension_mode":true,"campfire_choices":[{"data":"Disarm","floor":13,"key":"SMITH"},{"floor":15,"key":"REST"},{"floor":23,"key":"REST"},{"data":"Inflame","floor":25,"key":"SMITH"},{"floor":32,"key":"REST"}],"circlet_count":0,"master_deck":["AscendersBane","Strike_R","Strike_R","Strike_R","Defend_R","Defend_R","Defend_R","Defend_R","Bash","Shrug It Off","Disarm+1","Flame Barrier","Twin Strike","Berserk","Evolve","Inflame+1","Clothesline","Feed","Second Wind","Fire Breathing","Shockwave","Pommel Strike","Decay","Decay","Wild Strike"],"relics":["Burning Blood","PreservedInsect","Centennial Puzzle","StrikeDummy","Cursed Key","Enchiridion","Oddly Smooth Stone"],"acts_visited":["Exordium","TheCity"],"potions_floor_usage":[5,6,11,16,33,33],"damage_taken":[{"damage":2,"enemies":"Cultist","floor":1,"turns":4},{"damage":10,"enemies":"Small Slimes","floor":2,"turns":4},{"damage":12,"enemies":"Jaw Worm","floor":3,"turns":5},{"damage":11,"enemies":"Exordium Thugs","floor":5,"turns":6},{"damage":21,"enemies":"3 Sentries","floor":6,"turns":12},{"damage":19,"enemies":"Gremlin Nob","floor":11,"turns":4},{"damage":3,"enemies":"The Guardian","floor":16,"turns":13},{"damage":12,"enemies":"Shell Parasite","floor":18,"turns":6},{"damage":34,"enemies":"Spheric Guardian","floor":22,"turns":6},{"damage":17,"enemies":"Cultist and Chosen","floor":29,"turns":6},{"damage":53,"enemies":"Collector","floor":33,"turns":8}],"seed_played":"-7665713282051416664","potions_obtained":[{"floor":1,"key":"BlessingOfTheForge"},{"floor":5,"key":"Swift Potion"},{"floor":11,"key":"LiquidMemories"},{"floor":18,"key":"Strength Potion"}],"is_trial":false,"path_per_floor":["M","M","M","$","M","E","$","?","T","?","E","$","R","$","R","B",null,"M","$","?","?","M","R","$","R","T","?","?","M","$","T","R","B"],"character_chosen":"IRONCLAD","items_purchased":["AttackPotion","DistilledChaos","Inflame","Clothesline","Fire Breathing","Shockwave","Wild Strike"],"campfire_rested":3,"item_purchase_floors":[4,7,12,14,19,19,30],"current_hp_per_floor":[72,68,62,62,57,42,42,42,42,31,18,18,18,18,40,43,67,61,61,61,40,12,34,34,34,34,34,34,26,26,26,49,0,0],"gold":24,"neow_bonus":"HUNDRED_GOLD","is_daily":false,"chose_seed":false,"campfire_upgraded":2,"win_rate":0.0,"timestamp":1613484325,"path_taken":["M","M","M","$","M","E","$","?","T","?","E","?","R","$","R","BOSS","M","$","?","?","M","R","$","R","T","?","?","?","$","?","R","BOSS"],"items_purchased_type":["Potion","Potion","Card","Card","Card","Card","Card"],"build_version":"2020-12-22","purchased_purges":1,"victory":false,"max_hp_per_floor":[75,75,75,75,75,75,75,75,75,75,75,75,75,75,75,75,75,75,75,75,75,75,75,75,75,75,75,75,78,78,78,78,78,78],"relic_stats":{"Centennial Puzzle":[18],"counters":[11,74],"PreservedInsect":22,"Cursed Key":1,"obtain_stats":[{"Centennial Puzzle":9,"Enchiridion":21,"Oddly Smooth Stone":26,"PreservedInsect":6,"StrikeDummy":11,"Cursed Key":17,"Burning Blood":0},{"Centennial Puzzle":5,"Enchiridion":8,"Oddly Smooth Stone":9,"PreservedInsect":5,"StrikeDummy":6,"Cursed Key":7,"Burning Blood":0},{"Centennial Puzzle":31,"Enchiridion":54,"Oddly Smooth Stone":60,"PreservedInsect":31,"StrikeDummy":35,"Cursed Key":48,"Burning Blood":0}],"Burning Blood":60},"card_choices":[{"not_picked":["Havoc","Second Wind"],"picked":"Shrug It Off","floor":1},{"not_picked":["Pommel Strike","Heavy Blade"],"picked":"Disarm","floor":2},{"not_picked":["Shrug It Off","Dropkick"],"picked":"Flame Barrier","floor":3},{"not_picked":["Burning Pact","Sentinel"],"picked":"Twin Strike","floor":5},{"not_picked":["Combust","Havoc","Headbutt"],"picked":"SKIP","floor":6},{"not_picked":["Corruption","Body Slam"],"picked":"Evolve","floor":11},{"not_picked":["Reaper","Brutality"],"picked":"Feed","floor":16},{"not_picked":["Anger","Shrug It Off"],"picked":"Second Wind","floor":18},{"not_picked":["Battle Trance","Flame Barrier"],"picked":"Pommel Strike","floor":22},{"not_picked":["Rupture","Clash","Combust"],"picked":"SKIP","floor":29}],"player_experience":1808903,"relics_obtained":[{"floor":6,"key":"PreservedInsect"},{"floor":9,"key":"Centennial Puzzle"},{"floor":11,"key":"StrikeDummy"},{"floor":21,"key":"Enchiridion"},{"floor":26,"key":"Oddly Smooth Stone"}],"event_choices":[{"damage_healed":0,"gold_gain":0,"cards_transformed":["Strike_R"],"player_choice":"Change","damage_taken":0,"max_hp_gain":0,"max_hp_loss":0,"event_name":"Living Wall","floor":8,"gold_loss":0,"cards_obtained":["Berserk"]},{"damage_healed":0,"gold_gain":75,"player_choice":"Gather Gold","damage_taken":11,"max_hp_gain":0,"max_hp_loss":0,"event_name":"World of Goop","floor":10,"gold_loss":0},{"damage_healed":0,"gold_gain":0,"player_choice":"Ignored","damage_taken":0,"max_hp_gain":0,"max_hp_loss":0,"event_name":"Ghosts","floor":20,"gold_loss":0},{"damage_healed":0,"gold_gain":0,"player_choice":"Obtained Book","damage_taken":21,"max_hp_gain":0,"max_hp_loss":0,"event_name":"Cursed Tome","floor":21,"gold_loss":0},{"damage_healed":0,"gold_gain":0,"player_choice":"Smashed Altar","damage_taken":0,"max_hp_gain":0,"max_hp_loss":0,"event_name":"Forgotten Altar","floor":27,"gold_loss":0,"cards_obtained":["Decay"]}],"is_beta":false,"boss_relics":[{"not_picked":["Runic Dome","Fusion Hammer"],"picked":"Cursed Key"}],"items_purged_floors":[7],"is_endless":false,"potions_floor_spawned":[1,5,11,18],"killed_by":"Collector","ascension_level":20}}