{"host":"6vv0uythevi5qk1w","time":1613456898,"event":{"mods":["Act Like it!","BaseMod","Downfall","Gensokyo","Marisa£®ÏF”Í°°ƒß¿Ì…≥£©","Minty Spire (QoL Compilation)","Replay The Spire","StSLib"],"gold_per_floor":[369,105,118,129,229,229,559,582,661,661,586,68,81,121,121,234,234,262,295,20,20,81,136,136,216,216,216,296,350,362,477,489,649,661,734,33,45,120,170,182,328,340,352,364,430,442,589,627,639,651],"floor_reached":51,"language":"ZHS","playtime":3338,"items_purged":["Strike_MRS","Strike_MRS"],"score":1157,"play_id":"3821b7b7-dc7f-42b6-8ef7-73e17f338b17","local_time":"20210216142818","is_ascension_mode":true,"campfire_choices":[{"data":"BlazeAway","floor":6.0,"key":"SMITH"},{"data":"UpSweep","floor":10.0,"key":"SMITH"},{"floor":15.0,"key":"REST"},{"data":"EscapeVelocity","floor":24.0,"key":"SMITH"},{"data":"WitchOfGreed","floor":30.0,"key":"SMITH"},{"data":"bronze:MaxOutput","floor":32.0,"key":"SMITH"},{"data":"MillisecondPulsars","floor":40.0,"key":"SMITH"},{"data":"Gensokyo:PrivateSquare","floor":42.0,"key":"SMITH"},{"data":"Gensokyo:FourOfAKind","floor":44.0,"key":"SMITH"},{"data":"Pot Of Greed","floor":46.0,"key":"SMITH"},{"data":"Strike_MRS+1","floor":49.0,"key":"PURGE"}],"circlet_count":0,"master_deck":["Strike_MRS+1","Defend_MRS+1","Defend_MRS+1","Defend_MRS","Defend_MRS+1","MasterSpark","UpSweep+1","BlazeAway+1","TreasureHunter+1","WitchOfGreed+1","EscapeVelocity+1","OortCloud+1","Gensokyo:FourOfAKind","Gensokyo:FourOfAKind+1","Gensokyo:FourOfAKind","Gensokyo:FourOfAKind","DarkMatter+1","bronze:MaxOutput+1","EarthLightRay+1","MillisecondPulsars+1","EnergyFlow+1","Gensokyo:PrivateSquare+1","Pride","Pot Of Greed","Pot Of Greed+1","Pot Of Greed+1","Acceleration"],"relics":["MiniHakkero","Medical Kit","Boot","Centennial Puzzle","Singing Bowl","Quantum Egg","Chameleon Ring","sneckomod:BlankCard","Shuriken","Mango","Coffee Dripper","SimpleLauncher","Sundial","Iron Hammer","Question Card","Darkstone Periapt","MawBank","ReplayFunnel","Calipers","Juzu Bracelet","Prayer Wheel","Ice Cream","Busted Crown","Orrery","bronze:DonusWashers","champ:Barbells","ReplayTheSpireMod:EnergyBall","bronze:BronzeIdol","Replay:Wax Seal","champ:DuelingGlove","Whetstone","bronze:DecasWashers","Grinning Jar","Letter Opener","Du-Vu Doll","Bag of Marbles","InkBottle","War Paint"],"acts_visited":["Exordium","Gensokyo:Gensokyo","Gensokyo:Gensokyoer"],"potions_floor_usage":[],"damage_taken":[{"damage":6.0,"enemies":"Gensokyo:2_Kodama","floor":1.0,"turns":4.0},{"damage":12.0,"enemies":"Gensokyo:Gryphon","floor":3.0,"turns":4.0},{"damage":2.0,"enemies":"Gensokyo:Python","floor":4.0,"turns":4.0},{"damage":14.0,"enemies":"Gensokyo:Mamizou","floor":7.0,"turns":6.0},{"damage":0.0,"enemies":"Gensokyo:Kitsune","floor":13.0,"turns":2.0},{"damage":13.0,"enemies":"Gensokyo:Aya","floor":14.0,"turns":6.0},{"damage":30.0,"enemies":"Gensokyo:Kokoro","floor":16.0,"turns":13.0},{"damage":19.0,"enemies":"Gensokyo:3_Dogs","floor":18.0,"turns":4.0},{"damage":0.0,"enemies":"Gensokyo:Chomper","floor":19.0,"turns":3.0},{"damage":10.0,"enemies":"Gensokyo:3_Gloops","floor":22.0,"turns":4.0},{"damage":9.0,"enemies":"Gensokyo:Slime_Group","floor":23.0,"turns":5.0},{"damage":9.0,"enemies":"Gensokyo:Reisen","floor":25.0,"turns":9.0},{"damage":19.0,"enemies":"Gensokyo:Koishi","floor":28.0,"turns":5.0},{"damage":0.0,"enemies":"Gensokyo:Chomper_and_Gloop","floor":29.0,"turns":5.0},{"damage":4.0,"enemies":"Gensokyo:Tenshi","floor":31.0,"turns":4.0},{"damage":31.0,"enemies":"Gensokyo:Eiki","floor":33.0,"turns":7.0},{"damage":0.0,"enemies":"Gensokyo:3_Bats","floor":35.0,"turns":4.0},{"damage":0.0,"enemies":"Gensokyo:AncientGuardian","floor":39.0,"turns":11.0},{"damage":0.0,"enemies":"Gensokyo:Doremy","floor":41.0,"turns":5.0},{"damage":2.0,"enemies":"Gensokyo:Kasen","floor":45.0,"turns":8.0},{"damage":3.0,"enemies":"Gensokyo:Marisa","floor":47.0,"turns":4.0},{"damage":0,"enemies":"Gensokyo:Shinki","floor":50,"turns":6}],"seed_played":"8239199843929123709","potions_obtained":[{"floor":3.0,"key":"SteroidPotion"},{"floor":4.0,"key":"DuplicationPotion"},{"floor":7.0,"key":"bronze:BurnAndBuffPotion"},{"floor":13.0,"key":"Cursed Concoction"},{"floor":14.0,"key":"LiquidMemories"},{"floor":16.0,"key":"Weak Potion"},{"floor":19.0,"key":"Fire Potion"},{"floor":19.0,"key":"AttackPotion"},{"floor":22.0,"key":"ColorlessPotion"},{"floor":22.0,"key":"Weak Potion"},{"floor":22.0,"key":"LifebloodPotion"},{"floor":23.0,"key":"Adrenaline Potion"},{"floor":23.0,"key":"Reflective Coating"},{"floor":23.0,"key":"BlessingOfTheForge"},{"floor":25.0,"key":"bronze:BurnAndBuffPotion"},{"floor":25.0,"key":"Adrenaline Potion"},{"floor":28.0,"key":"Fire Potion"},{"floor":28.0,"key":"PowerPotion"},{"floor":29.0,"key":"GamblersBrew"},{"floor":29.0,"key":"Swift Potion"},{"floor":31.0,"key":"SmokeBomb"},{"floor":31.0,"key":"SkillPotion"},{"floor":33.0,"key":"Fire Potion"},{"floor":33.0,"key":"champ:CounterPotion"},{"floor":33.0,"key":"LifebloodPotion"},{"floor":35.0,"key":"Explosive Potion"},{"floor":39.0,"key":"SkillPotion"},{"floor":39.0,"key":"Ancient Potion"},{"floor":41.0,"key":"PowerPotion"},{"floor":45.0,"key":"Adrenaline Potion"},{"floor":47.0,"key":"GamblersBrew"}],"is_trial":false,"path_per_floor":["M","COS","M","M","?","R","E","T","T","R","$","$","M","E","R","B",null,"M","M","COS","?","M","M","R","E","T","?","E","M","R","E","R","B",null,"M","COS","?","?","M","R","E","R","T","R","E","R","E","T","R","B",null],"character_chosen":"MARISA","items_purchased":["Quantum Egg","TreasureHunter"],"campfire_rested":1,"item_purchase_floors":[12,12],"current_hp_per_floor":[48,48,36,34,34,34,20,20,20,20,20,20,20,9,32,16,91,72,74,74,66,58,49,49,42,42,42,25,25,25,35,35,10,74,76,86,92,73,83,83,91,91,91,91,97,97,100,100,100,104],"gold":663,"neow_bonus":"TWO_FIFTY_GOLD","is_daily":false,"chose_seed":false,"campfire_upgraded":9,"win_rate":0.0,"timestamp":1613456898,"path_taken":["M","COS","?","?","?","R","E","?","T","R","?","$","?","E","R","BOSS","M","M","COS","?","M","M","R","E","T","?","E","M","R","E","R","BOSS","M","COS","?","?","M","R","E","R","T","R","E","R","E","?","R","BOSS"],"items_purchased_type":["Relic","Card"],"build_version":"2020-12-22","purchased_purges":2,"victory":true,"max_hp_per_floor":[75,75,75,75,75,75,75,75,75,75,75,75,75,77,77,91,91,91,93,93,66,68,68,68,70,70,70,72,72,72,74,74,74,74,76,86,92,96,100,100,102,102,102,102,104,104,104,104,104,104],"card_choices":[{"not_picked":["6A","OneTimeOff"],"picked":"BlazeAway","floor":1.0},{"not_picked":["AsteroidBelt","NonDirectionalLaser","EnergyRecoil"],"picked":"SKIP","floor":3.0},{"not_picked":["GrandCross","WitchLeyline","IllusionStar"],"picked":"SKIP","floor":4.0},{"not_picked":["LuminesStrike","MachineGunSpark","DC"],"picked":"SKIP","floor":7.0},{"not_picked":["ShootingEcho","BlazeAway"],"picked":"WitchOfGreed","floor":13.0},{"not_picked":["Occultation","GravityBeat","RefractionSpark"],"picked":"Singing Bowl","floor":14.0},{"not_picked":["SuperNova","BinaryStars"],"picked":"EscapeVelocity","floor":16.0},{"not_picked":["WitchOfGreed+1","DC"],"picked":"OortCloud+1","floor":18.0},{"not_picked":["LuminesStrike","ShootingEcho","SporeBomb"],"picked":"Singing Bowl","floor":19.0},{"not_picked":["DragonMeteor","DC","WitchLeyline"],"picked":"Singing Bowl","floor":22.0},{"not_picked":["6A+1","GravityBeat"],"picked":"DarkMatter+1","floor":23.0},{"not_picked":["UnstableBomb+1","EarthLightRay","ShootingEcho"],"picked":"Singing Bowl","floor":25.0},{"not_picked":["EnergyFlow","MysteriousBeam","MaximisePower","PowerUp+1"],"picked":"Singing Bowl","floor":28.0},{"not_picked":["EventHorizon","Orbital","MilkyWay+1"],"picked":"EarthLightRay+1","floor":29.0},{"not_picked":["DoubleSpark+1","GravityBeat","DC","PowerUp+1"],"picked":"Singing Bowl","floor":31.0},{"not_picked":["FinalSpark","SatelliteIllusion","BinaryStars"],"picked":"MillisecondPulsars","floor":33.0},{"not_picked":["PowerUp"],"picked":"EnergyFlow+1","floor":35.0},{"not_picked":["6A+1","MagicChant"],"picked":"Singing Bowl","floor":35.0},{"not_picked":["NonDirectionalLaser","GrandCross"],"picked":"Singing Bowl","floor":36.0},{"not_picked":["ShootTheMoon","DoubleSpark"],"picked":"Singing Bowl","floor":36.0},{"not_picked":["DeepEcoloBomb","ShootingEcho"],"picked":"Singing Bowl","floor":36.0},{"not_picked":["WitchLeyline","MachineGunSpark+1"],"picked":"Singing Bowl","floor":36.0},{"not_picked":["WitchLeyline+1","UnstableBomb+1"],"picked":"Singing Bowl","floor":36.0},{"not_picked":["GravityBeat+1","BigCrunch"],"picked":"Singing Bowl","floor":38.0},{"not_picked":["GravityBeat","DoubleSpark"],"picked":"Singing Bowl","floor":38.0},{"not_picked":["GrandCross+1","PowerUp"],"picked":"Singing Bowl","floor":39.0},{"not_picked":["FairyDestructionRay+1","DeepEcoloBomb+1"],"picked":"Singing Bowl","floor":39.0},{"not_picked":["DarkSpark+1","GravityBeat"],"picked":"Singing Bowl","floor":41.0},{"not_picked":["IllusionStar","MaximisePower"],"picked":"Singing Bowl","floor":45.0},{"not_picked":["WitchLeyline+1"],"picked":"Acceleration","floor":47.0}],"player_experience":543776,"relics_obtained":[{"floor":7.0,"key":"Centennial Puzzle"},{"floor":9.0,"key":"Singing Bowl"},{"floor":14.0,"key":"sneckomod:BlankCard"},{"floor":14.0,"key":"Shuriken"},{"floor":16.0,"key":"Mango"},{"floor":25.0,"key":"Iron Hammer"},{"floor":25.0,"key":"Question Card"},{"floor":26.0,"key":"Darkstone Periapt"},{"floor":28.0,"key":"MawBank"},{"floor":28.0,"key":"ReplayFunnel"},{"floor":31.0,"key":"Juzu Bracelet"},{"floor":31.0,"key":"Prayer Wheel"},{"floor":33.0,"key":"Ice Cream"},{"floor":38.0,"key":"bronze:BronzeIdol"},{"floor":41.0,"key":"Replay:Wax Seal"},{"floor":41.0,"key":"champ:DuelingGlove"},{"floor":43.0,"key":"Whetstone"},{"floor":45.0,"key":"Grinning Jar"},{"floor":45.0,"key":"Letter Opener"},{"floor":47.0,"key":"Bag of Marbles"},{"floor":47.0,"key":"InkBottle"},{"floor":48.0,"key":"War Paint"}],"event_choices":[],"is_beta":false,"boss_relics":[{"not_picked":["SacredBark","Replay:Bronze Core"],"picked":"Coffee Dripper"},{"not_picked":["Sozu","BewitchedHakkero"],"picked":"Busted Crown"}],"items_purged_floors":[11,12],"is_endless":false,"potions_floor_spawned":[3,4,7,13,19,25,29,33,35,39,45],"ascension_level":4}}