{"host":"s41rn2jhghpwfrvz","time":1613433736,"event":{"mods":["BaseMod","Minty Spire (QoL Compilation)","Quick Restart","Relic Stats","SuperFastMode"],"gold_per_floor":[114,114,114,39,117,142,142,176,176,205,205,205,240,269,269,341,341,355,365,398,398,141,167,167,181,181,206,223,237,263,274,274,346,346,365,415,440,453,475,501,451,466,492,523,540,559,593,608,608,608,608,608,608,56,85,85],"floor_reached":57,"language":"ENG","playtime":1655,"items_purged":["Iron Wave","Masterful Stab+1","Flying Knee","SashWhip"],"score":3926,"play_id":"7ada838f-9e9f-4c77-89ab-08c65765cccf","local_time":"20210216020216","daily_mods":["SealedDeck","Diverse","DeadlyEvents"],"is_ascension_mode":true,"campfire_choices":[{"data":"Uppercut","floor":7,"key":"SMITH"},{"data":"Burning Pact","floor":11,"key":"SMITH"},{"data":"Flame Barrier","floor":15,"key":"SMITH"},{"data":"Flash of Steel","floor":32,"key":"SMITH"},{"floor":49,"key":"RECALL"},{"data":"Second Wind","floor":53,"key":"SMITH"}],"circlet_count":0,"master_deck":["AscendersBane","Fire Breathing","Uppercut+1","Flame Barrier+1","Second Wind+1","Burning Pact+1","Shrug It Off+1","Flash of Steel+1","Body Slam+1","Acrobatics+1"],"relics":["Burning Blood","Bronze Scales","Ancient Tea Set","Shuriken","Oddly Smooth Stone","Smiling Mask","Tiny Chest","The Courier","CeramicFish","Coffee Dripper","Red Mask","Potion Belt","StrikeDummy","Sundial","Toxic Egg 2","Centennial Puzzle","Anchor","Runic Pyramid","Mango","Akabeko","Darkstone Periapt","Paper Frog","TheAbacus","Du-Vu Doll","Happy Flower","Eternal Feather"],"acts_visited":["Exordium","TheCity","TheBeyond","TheEnding"],"potions_floor_usage":[16,20,35,56,56,56,56],"damage_taken":[{"damage":0,"enemies":"Cultist","floor":1,"turns":3},{"damage":0,"enemies":"Gremlin Nob","floor":6,"turns":3},{"damage":0,"enemies":"Lagavulin","floor":8,"turns":4},{"damage":8,"enemies":"3 Sentries","floor":10,"turns":4},{"damage":2,"enemies":"Lagavulin","floor":13,"turns":3},{"damage":0,"enemies":"Gremlin Nob","floor":14,"turns":3},{"damage":1,"enemies":"Hexaghost","floor":16,"turns":6},{"damage":0,"enemies":"Chosen","floor":18,"turns":3},{"damage":0,"enemies":"Spheric Guardian","floor":19,"turns":3},{"damage":13,"enemies":"Masked Bandits","floor":20,"turns":4},{"damage":13,"enemies":"Book of Stabbing","floor":23,"turns":5},{"damage":0,"enemies":"Cultist and Chosen","floor":25,"turns":4},{"damage":0,"enemies":"Gremlin Leader","floor":27,"turns":5},{"damage":3,"enemies":"Shelled Parasite and Fungi","floor":28,"turns":2},{"damage":0,"enemies":"Centurion and Healer","floor":29,"turns":3},{"damage":3,"enemies":"Slavers","floor":30,"turns":3},{"damage":0,"enemies":"3 Cultists","floor":31,"turns":4},{"damage":0,"enemies":"Automaton","floor":33,"turns":4},{"damage":0,"enemies":"3 Darklings","floor":35,"turns":2},{"damage":0,"enemies":"3 Shapes","floor":38,"turns":3},{"damage":0,"enemies":"Jaw Worm Horde","floor":39,"turns":2},{"damage":0,"enemies":"Nemesis","floor":40,"turns":1},{"damage":0,"enemies":"Sphere and 2 Shapes","floor":42,"turns":2},{"damage":0,"enemies":"Giant Head","floor":44,"turns":1},{"damage":0,"enemies":"4 Shapes","floor":45,"turns":1},{"damage":0,"enemies":"Transient","floor":46,"turns":1},{"damage":0,"enemies":"Reptomancer","floor":47,"turns":2},{"damage":0,"enemies":"Jaw Worm Horde","floor":48,"turns":1},{"damage":0,"enemies":"Time Eater","floor":50,"turns":3},{"damage":0,"enemies":"Donu and Deca","floor":51,"turns":1},{"damage":0,"enemies":"Shield and Spear","floor":55,"turns":1},{"damage":0,"enemies":"The Heart","floor":56,"turns":4}],"seed_played":"-3379355059811865810","potions_obtained":[{"floor":8,"key":"EssenceOfSteel"},{"floor":10,"key":"SmokeBomb"},{"floor":14,"key":"BloodPotion"},{"floor":16,"key":"FearPotion"},{"floor":20,"key":"Dexterity Potion"},{"floor":25,"key":"BloodPotion"},{"floor":31,"key":"Block Potion"},{"floor":33,"key":"SteroidPotion"},{"floor":35,"key":"SpeedPotion"},{"floor":55,"key":"Dexterity Potion"}],"is_trial":true,"path_per_floor":["M","?","?","$","?","E","R","E","T","E","R","T","E","E","R","B",null,"M","M","?","?","$","E","T","M","T","E","M","M","E","M","R","B",null,"M","?","T","M","M","E","$","M","T","E","M","M","E","M","R","B","B",null,"R","$","E","B",null],"character_chosen":"IRONCLAD","items_purchased":["Potion Belt","Flash of Steel","TheAbacus","Du-Vu Doll","Happy Flower"],"campfire_rested":0,"item_purchase_floors":[22,22,54,54,54],"current_hp_per_floor":[74,39,16,16,16,22,22,28,28,26,26,26,30,36,36,56,70,75,75,68,68,68,61,61,67,67,73,75,75,75,75,75,75,75,75,75,75,75,75,89,89,89,89,89,89,89,89,89,89,89,89,89,89,89,89,89],"gold":85,"neow_bonus":"","is_daily":false,"chose_seed":false,"campfire_upgraded":5,"win_rate":0.0,"timestamp":1613433736,"path_taken":["M","?","?","$","?","E","R","E","T","E","R","?","?","E","R","BOSS","M","M","?","?","$","E","?","M","T","E","M","?","?","M","R","BOSS","M","?","?","M","M","E","$","M","T","E","M","?","E","M","R","BOSS","BOSS","R","$","E","BOSS"],"items_purchased_type":["Relic","Card","Relic","Relic","Relic"],"build_version":"2020-12-22","purchased_purges":4,"victory":true,"max_hp_per_floor":[75,75,75,75,75,75,75,75,75,75,75,75,75,75,75,75,75,75,75,75,75,75,75,75,75,75,75,75,75,75,75,75,75,75,75,75,75,75,75,89,89,89,89,89,89,89,89,89,89,89,89,89,89,89,89,89],"relic_stats":{"Darkstone Periapt":0,"Happy Flower":[1],"counters":[32,91],"CeramicFish":27,"Eternal Feather":0,"Smiling Mask":150,"Burning Blood":79,"Centennial Puzzle":[6],"TheAbacus":[432],"Shuriken":[104],"Sundial":[286],"Bronze Scales":[253],"Tiny Chest":2,"obtain_stats":[{"Darkstone Periapt":44,"CeramicFish":14,"Mango":40,"Ancient Tea Set":6,"Smiling Mask":10,"Burning Blood":0,"Centennial Puzzle":27,"TheAbacus":54,"Sundial":24,"Tiny Chest":12,"Red Mask":20,"Toxic Egg 2":26,"Runic Pyramid":34,"Paper Frog":47,"Potion Belt":22,"Happy Flower":54,"Oddly Smooth Stone":9,"Eternal Feather":55,"The Courier":13,"Akabeko":43,"Du-Vu Doll":54,"Anchor":30,"Shuriken":8,"Bronze Scales":2,"Coffee Dripper":17,"StrikeDummy":23},{"Darkstone Periapt":24,"CeramicFish":6,"Mango":22,"Ancient Tea Set":2,"Smiling Mask":4,"Burning Blood":0,"Centennial Puzzle":13,"TheAbacus":30,"Sundial":11,"Tiny Chest":4,"Red Mask":10,"Toxic Egg 2":12,"Runic Pyramid":18,"Paper Frog":27,"Potion Belt":10,"Happy Flower":30,"Oddly Smooth Stone":3,"Eternal Feather":31,"The Courier":5,"Akabeko":23,"Du-Vu Doll":30,"Anchor":16,"Shuriken":3,"Bronze Scales":1,"Coffee Dripper":7,"StrikeDummy":11},{"Darkstone Periapt":77,"CeramicFish":20,"Mango":74,"Ancient Tea Set":6,"Smiling Mask":14,"Burning Blood":0,"Centennial Puzzle":50,"TheAbacus":86,"Sundial":41,"Tiny Chest":14,"Red Mask":36,"Toxic Egg 2":45,"Runic Pyramid":66,"Paper Frog":81,"Potion Belt":36,"Happy Flower":86,"Oddly Smooth Stone":10,"Eternal Feather":87,"The Courier":17,"Akabeko":76,"Du-Vu Doll":86,"Anchor":58,"Shuriken":10,"Bronze Scales":3,"Coffee Dripper":26,"StrikeDummy":41}]},"card_choices":[{"not_picked":["Poisoned Stab","Skewer","Static Discharge"],"picked":"SKIP","floor":1},{"not_picked":["Sweeping Beam","DeceiveReality","Scrape"],"picked":"SKIP","floor":6},{"not_picked":["Thunderclap","CarveReality","True Grit"],"picked":"SKIP","floor":8},{"not_picked":["EmptyMind","Perseverance","Evaluate"],"picked":"SKIP","floor":10},{"not_picked":["Clothesline","Cleave","Brilliance"],"picked":"SKIP","floor":13},{"not_picked":["Streamline","Prepared","Setup"],"picked":"SKIP","floor":14},{"not_picked":["Slice","Dodge and Roll","SashWhip"],"picked":"SKIP","floor":18},{"not_picked":["Pommel Strike","Steam+1","Deadly Poison"],"picked":"SKIP","floor":19},{"not_picked":["Conserve Battery","Study","Fire Breathing"],"picked":"SKIP","floor":23},{"not_picked":["Hemokinesis","Pummel","Blood for Blood"],"picked":"SKIP","floor":25},{"not_picked":["Caltrops","Predator","Tactician+1"],"picked":"SKIP","floor":27},{"not_picked":["Armaments+1","JustLucky","Hologram+1"],"picked":"SKIP","floor":28},{"not_picked":["Night Terror+1","Auto Shields+1","Terror+1"],"picked":"SKIP","floor":29},{"not_picked":["Phantasmal Killer+1","Prostrate+1","Study"],"picked":"SKIP","floor":30},{"not_picked":["Dagger Spray","Perfected Strike","Blur+1"],"picked":"SKIP","floor":31},{"not_picked":["Warcry+1","Wild Strike"],"picked":"Body Slam+1","floor":35},{"not_picked":["Outmaneuver+1","Hello World","Glacier+1"],"picked":"SKIP","floor":38},{"not_picked":["Armaments+1","JustLucky"],"picked":"Acrobatics+1","floor":39},{"not_picked":["Wireheading","MentalFortress","Loop"],"picked":"SKIP","floor":40},{"not_picked":["Leap+1","DeceiveReality+1","Streamline"],"picked":"SKIP","floor":42},{"not_picked":["Slice","Machine Learning","Predator+1"],"picked":"SKIP","floor":44},{"not_picked":["Cleave","Flex+1","Accuracy"],"picked":"SKIP","floor":45},{"not_picked":["True Grit+1","Static Discharge+1","Chaos+1"],"picked":"SKIP","floor":46},{"not_picked":["Compile Driver","Heatsinks+1","Vengeance+1"],"picked":"SKIP","floor":47},{"not_picked":["Terror+1","Deadly Poison+1","Flame Barrier+1"],"picked":"SKIP","floor":48},{"not_picked":["Conserve Battery+1","Demon Form","Dagger Spray"],"picked":"SKIP","floor":55}],"player_experience":1922230,"relics_obtained":[{"floor":6,"key":"Ancient Tea Set"},{"floor":8,"key":"Shuriken"},{"floor":9,"key":"Oddly Smooth Stone"},{"floor":10,"key":"Smiling Mask"},{"floor":12,"key":"Tiny Chest"},{"floor":13,"key":"The Courier"},{"floor":14,"key":"CeramicFish"},{"floor":20,"key":"Red Mask"},{"floor":23,"key":"StrikeDummy"},{"floor":24,"key":"Sundial"},{"floor":26,"key":"Toxic Egg 2"},{"floor":27,"key":"Centennial Puzzle"},{"floor":30,"key":"Anchor"},{"floor":40,"key":"Mango"},{"floor":43,"key":"Akabeko"},{"floor":44,"key":"Darkstone Periapt"},{"floor":47,"key":"Paper Frog"},{"floor":55,"key":"Eternal Feather"}],"event_choices":[{"damage_healed":0,"gold_gain":0,"player_choice":"Success","damage_taken":35,"relics_obtained":["Bronze Scales"],"max_hp_gain":0,"max_hp_loss":0,"event_name":"Scrap Ooze","floor":2,"gold_loss":0},{"damage_healed":0,"gold_gain":0,"player_choice":"Entered Light","damage_taken":23,"max_hp_gain":0,"max_hp_loss":0,"event_name":"Shining Light","floor":3,"gold_loss":0,"cards_upgraded":["Masterful Stab","Shrug It Off"]},{"damage_healed":0,"gold_gain":78,"player_choice":"Gained Gold","damage_taken":0,"max_hp_gain":0,"max_hp_loss":0,"event_name":"Golden Wing","floor":5,"gold_loss":0},{"damage_healed":0,"gold_gain":0,"player_choice":"Fought Bandits","damage_taken":0,"max_hp_gain":0,"max_hp_loss":0,"event_name":"Masked Bandits","floor":20,"gold_loss":0},{"damage_healed":0,"gold_gain":0,"player_choice":"Ignored","damage_taken":0,"max_hp_gain":0,"max_hp_loss":0,"event_name":"Vampires","floor":21,"gold_loss":0},{"damage_healed":0,"gold_gain":50,"player_choice":"Pray","damage_taken":0,"max_hp_gain":0,"max_hp_loss":0,"event_name":"Golden Shrine","floor":36,"gold_loss":0}],"is_beta":false,"boss_relics":[{"not_picked":["Empty Cage","Runic Cube"],"picked":"Coffee Dripper"},{"not_picked":["Runic Dome","Philosopher\u0027s Stone"],"picked":"Runic Pyramid"}],"items_purged_floors":[4,22,41,54],"is_endless":false,"potions_floor_spawned":[8,10,14,16,19,20,25,31,33,35,45,46,47,55],"ascension_level":20}}