{"host":"vhifjdba66khcqwn","time":1613514400,"event":{"mods":["AchievementEnabler","BaseMod","Bestiary","Energized Spire","Minty Spire (QoL Compilation)","Practice Mode","Relic Stats","Spicy Shops","StSLib","slay the spire mod where everything is the same but ironclad has a cowboy hat"],"gold_per_floor":[117,192,192,218,218,218,243,285,285,315,340,340,368,381,89,89,188,188,188,288,288,315,350,400,400,421,430,430,464,160,233,254,307,307,359,274,274,287,287,287,287],"floor_reached":40,"language":"ENG","playtime":1601,"items_purged":["Pride","Writhe"],"score":850,"play_id":"b82ff15b-81bc-452b-8c57-8c30b53bae00","local_time":"20210216142640","is_ascension_mode":true,"campfire_choices":[{"data":"Heavy Blade","floor":6.0,"key":"SMITH"},{"floor":12.0,"key":"REST"},{"floor":16.0,"key":"REST"},{"floor":19.0,"key":"REST"},{"floor":28.0,"key":"REST"},{"floor":34.0,"key":"REST"},{"floor":37.0,"key":"REST"},{"floor":39.0,"key":"REST"}],"circlet_count":0,"master_deck":["AscendersBane","Strike_R+1","Strike_R+1","Strike_R+1","Defend_R+1","Defend_R+1","Defend_R+1","Defend_R+1","Bash+1","Heavy Blade+1","Spot Weakness","Spot Weakness","Disarm","Sword Boomerang","Flame Barrier","Disarm","Limit Break","Offering","True Grit","True Grit","Inflame","Sentinel","Clothesline"],"relics":["Burning Blood","Golden Idol","CeramicFish","Mango","Mummified Hand","DollysMirror","MealTicket","Empty Cage","Runic Cube","Red Mask","Anchor","Red Skull","Bottled Tornado","Girya","Omamori","Meat on the Bone"],"acts_visited":["Exordium","TheCity"],"potions_floor_usage":[],"damage_taken":[{"damage":6.0,"enemies":"Small Slimes","floor":1.0,"turns":4.0},{"damage":7.0,"enemies":"Jaw Worm","floor":7.0,"turns":3.0},{"damage":55.0,"enemies":"3 Sentries","floor":8.0,"turns":8.0},{"damage":9.0,"enemies":"2 Louse","floor":10.0,"turns":4.0},{"damage":10.0,"enemies":"2 Fungi Beasts","floor":11.0,"turns":5.0},{"damage":17.0,"enemies":"Looter","floor":13.0,"turns":3.0},{"damage":16.0,"enemies":"Blue Slaver","floor":14.0,"turns":4.0},{"damage":27.0,"enemies":"Hexaghost","floor":17.0,"turns":11.0},{"damage":14.0,"enemies":"Hexaghost","floor":20.0,"turns":9.0},{"damage":7.0,"enemies":"3 Byrds","floor":22.0,"turns":2.0},{"damage":42.0,"enemies":"Masked Bandits","floor":23.0,"turns":4.0},{"damage":18.0,"enemies":"2 Thieves","floor":26.0,"turns":4.0},{"damage":22.0,"enemies":"Snake Plant","floor":29.0,"turns":3.0},{"damage":20.0,"enemies":"Shelled Parasite and Fungi","floor":32.0,"turns":4.0},{"damage":31.0,"enemies":"Slavers","floor":33.0,"turns":5.0},{"damage":6.0,"enemies":"Gremlin Leader","floor":35.0,"turns":7.0},{"damage":44.0,"enemies":"Sentry and Sphere","floor":38.0,"turns":6.0},{"damage":81,"enemies":"Collector","floor":40,"turns":6}],"seed_played":"1182923197257444357","potions_obtained":[{"floor":0.0,"key":"Strength Potion"},{"floor":0.0,"key":"FearPotion"},{"floor":10.0,"key":"Regen Potion"},{"floor":14.0,"key":"LiquidMemories"},{"floor":17.0,"key":"Block Potion"},{"floor":29.0,"key":"PowerPotion"},{"floor":33.0,"key":"PowerPotion"}],"is_trial":false,"path_per_floor":["M","?","?","T","?","R","M","E","T","M","M","R","M","M","$","R","B",null,"R","B",null,"M","?","?","?","M","?","R","M","$","T","M","E","R","E","?","R","M","R","B"],"character_chosen":"IRONCLAD","items_purchased":["DollysMirror","MealTicket","Inflame","Red Skull"],"campfire_rested":7,"item_purchase_floors":[15,15,30,30],"current_hp_per_floor":[68,57,57,57,57,57,56,21,21,18,14,38,27,17,17,41,35,35,59,51,74,73,37,37,37,25,25,49,33,48,48,34,9,33,33,33,57,31,55,0,0],"gold":287,"neow_bonus":"THREE_SMALL_POTIONS","is_daily":false,"chose_seed":false,"campfire_upgraded":1,"win_rate":0.0,"timestamp":1613514400,"path_taken":["M","?","?","?","?","R","M","E","T","M","M","R","?","M","$","R","BOSS","R","BOSS","M","?","?","?","M","?","R","M","$","T","?","E","R","E","?","R","M","R","BOSS"],"items_purchased_type":["Relic","Relic","Card","Relic"],"build_version":"2020-12-22","purchased_purges":2,"victory":false,"max_hp_per_floor":[75,75,68,68,68,68,68,82,82,82,82,82,82,82,82,82,82,82,82,82,82,82,82,82,82,82,82,82,82,82,82,82,82,82,82,82,82,82,82,82,82],"relic_stats":{"counters":[18,92],"Golden Idol":105,"Mummified Hand":[7],"CeramicFish":135,"MealTicket":15,"obtain_stats":[{"Girya":33,"Golden Idol":3,"CeramicFish":4,"Mango":8,"Omamori":35,"Bottled Tornado":31,"Empty Cage":18,"Burning Blood":0,"Anchor":27,"Mummified Hand":9,"DollysMirror":15,"MealTicket":15,"Red Mask":23,"Red Skull":30,"Runic Cube":21,"Meat on the Bone":36},{"Girya":15,"Golden Idol":1,"CeramicFish":1,"Mango":3,"Omamori":16,"Bottled Tornado":13,"Empty Cage":8,"Burning Blood":0,"Anchor":12,"Mummified Hand":3,"DollysMirror":7,"MealTicket":7,"Red Mask":11,"Red Skull":13,"Runic Cube":9,"Meat on the Bone":16},{"Girya":73,"Golden Idol":4,"CeramicFish":4,"Mango":15,"Omamori":80,"Bottled Tornado":64,"Empty Cage":42,"Burning Blood":0,"Anchor":61,"Mummified Hand":15,"DollysMirror":31,"MealTicket":31,"Red Mask":57,"Red Skull":64,"Runic Cube":51,"Meat on the Bone":80}],"Burning Blood":102,"Runic Cube":[33],"Meat on the Bone":12},"card_choices":[{"not_picked":["Headbutt","Warcry"],"picked":"Heavy Blade","floor":1.0},{"not_picked":["Disarm","Shrug It Off"],"picked":"Spot Weakness","floor":7.0},{"not_picked":["Combust","Clothesline"],"picked":"Spot Weakness","floor":8.0},{"not_picked":["Pummel","Anger"],"picked":"Disarm","floor":10.0},{"not_picked":["Spot Weakness","Anger"],"picked":"Sword Boomerang","floor":11.0},{"not_picked":["Disarm","Ghostly Armor"],"picked":"Flame Barrier","floor":13.0},{"not_picked":["Perfected Strike","Havoc","Searing Blow"],"picked":"SKIP","floor":14.0},{"not_picked":["Bludgeon","Feed"],"picked":"Limit Break","floor":17.0},{"not_picked":["Impervious","Barricade"],"picked":"Offering","floor":20.0},{"not_picked":["Flex","Infernal Blade+1"],"picked":"True Grit","floor":22.0},{"not_picked":["Burning Pact","Armaments","Searing Blow"],"picked":"SKIP","floor":26.0},{"not_picked":["Havoc+1","Thunderclap+1"],"picked":"True Grit","floor":29.0},{"not_picked":["Brutality","Havoc","Headbutt+1"],"picked":"SKIP","floor":32.0},{"not_picked":["Anger","True Grit"],"picked":"Sentinel","floor":33.0},{"not_picked":["Flex","Fire Breathing"],"picked":"Clothesline","floor":35.0},{"not_picked":["Iron Wave","Armaments","Evolve"],"picked":"SKIP","floor":38.0},{"not_picked":["Iron Wave","Armaments","Evolve"],"picked":"SKIP","floor":38.0}],"player_experience":1182519,"relics_obtained":[{"floor":4.0,"key":"CeramicFish"},{"floor":8.0,"key":"Mango"},{"floor":9.0,"key":"Mummified Hand"},{"floor":23.0,"key":"Red Mask"},{"floor":31.0,"key":"Bottled Tornado"},{"floor":33.0,"key":"Girya"},{"floor":35.0,"key":"Omamori"}],"event_choices":[{"damage_healed":0.0,"max_hp_gain":0.0,"max_hp_loss":0.0,"gold_gain":75.0,"event_name":"World of Goop","player_choice":"Gather Gold","floor":2.0,"gold_loss":0.0,"damage_taken":11.0},{"damage_healed":0.0,"max_hp_gain":0.0,"max_hp_loss":7.0,"gold_gain":0.0,"event_name":"Golden Idol","player_choice":"Lose Max HP","floor":3.0,"gold_loss":0.0,"damage_taken":0.0,"relics_obtained":["Golden Idol"]},{"damage_healed":0.0,"max_hp_gain":0.0,"max_hp_loss":0.0,"gold_gain":0.0,"event_name":"Living Wall","player_choice":"Grow","floor":5.0,"gold_loss":0.0,"damage_taken":0.0,"cards_upgraded":["Bash"]},{"damage_healed":0.0,"max_hp_gain":0.0,"max_hp_loss":0.0,"gold_gain":0.0,"event_name":"Masked Bandits","player_choice":"Fought Bandits","floor":23.0,"gold_loss":0.0,"damage_taken":0.0},{"damage_healed":0.0,"max_hp_gain":0.0,"max_hp_loss":0.0,"gold_gain":50.0,"event_name":"Nest","player_choice":"Stole From Cult","floor":24.0,"gold_loss":0.0,"damage_taken":0.0},{"damage_healed":0.0,"max_hp_gain":0.0,"max_hp_loss":0.0,"gold_gain":0.0,"event_name":"Back to Basics","player_choice":"Simplicity","floor":25.0,"gold_loss":0.0,"damage_taken":0.0,"cards_upgraded":["Strike_R","Strike_R","Strike_R","Defend_R","Defend_R","Defend_R","Defend_R"]},{"damage_healed":0.0,"max_hp_gain":0.0,"max_hp_loss":0.0,"gold_gain":0.0,"event_name":"The Mausoleum","player_choice":"Opened","floor":27.0,"gold_loss":0.0,"damage_taken":0.0,"relics_obtained":["Anchor"],"cards_obtained":["Writhe"]},{"damage_healed":0.0,"max_hp_gain":0.0,"max_hp_loss":0.0,"gold_gain":0.0,"event_name":"Addict","player_choice":"Obtained Relic","floor":36.0,"gold_loss":85.0,"damage_taken":0.0,"relics_obtained":["Meat on the Bone"]}],"is_beta":false,"boss_relics":[{"not_picked":["Runic Dome","energizedSpire:TabascoSauce"],"picked":"Empty Cage"},{"not_picked":["Fusion Hammer","Velvet Choker"],"picked":"Runic Cube"}],"items_purged_floors":[15,30],"is_endless":false,"potions_floor_spawned":[7,10,14,17,20,22,29,33],"killed_by":"Collector","ascension_level":16}}