{"host":"rguvlafm46vqn9ib","time":1613440517,"event":{"mods":["2.2 Compatiblity","AchievementEnabler","Act Like it!","Arknights","Aspiration","BaseMod","Beaked The Cultist","Better Match","Better Note","Better Third Choice","BetterRewards","Colored Map","Downfall","Elementarium","GifTheSpireLib","Hermit","Highlight Path","Hubris","JesterMod","Mad Scientist","Minty Spire (QoL Compilation)","RRrroohrrRGHHhhh!!","Reliquary","Reorder Act Four","Replay The Spire","Retaliation","SCP261 Mod","Small Relic Pack","Spikes Relics","StSLib","Stuff the Spire","The Blackbeard","The Bug Knight","The Construct","The Death Knight","The Disciple","The Forsaken","The Judge","The Marked","The Mystic","The Necromancer","The Problem Sleuth","The Runesmith","TheSwordswoman"],"gold_per_floor":[119,129,148,166,186,186,213,39,92,167,167,177,177,177,177,301,301,320,320,320,320,320,320,320,320],"floor_reached":24,"language":"ENG","playtime":1523,"items_purged":[],"score":309,"play_id":"932d063d-3571-4642-81e1-d016f7da363d","local_time":"20210216015517","is_ascension_mode":true,"campfire_choices":[{"data":"ats:Magnetic Hammer","floor":6,"key":"SMITH"},{"floor":11,"key":"REST"},{"floor":13,"key":"REST"},{"floor":15,"key":"REST"},{"floor":23,"key":"REST"}],"circlet_count":0,"master_deck":["ats:Strike C","ats:Strike G","ats:Strike S","ats:Strike V","ats:Armor Crushing Shot","ats:Defend","ats:Defend","ats:Defend","ats:Defend","ats:Emotion Absorption","ats:Healing Strengthening","ats:Sunburst","ats:Blood Oath","ats:Very Hot Blade","ats:Magnetic Hammer+1","ats:Poison Spread","ats:Ignite","ats:Hammer On","ats:Wolf Pack","ats:Apocalypse","Specialist","ats:Healing Strengthening","ats:Consecutive Shot Auto","ats:Calcification","Elementarium:StickyTar","beaked:Evade+1"],"relics":["ats:Sanity","BicycleWheel","ats:Originium","SnailShell","Replay:Wax Seal","Golden Idol","aspiration:BeakedSkillbook","Elementarium:FlickeringLantern"],"acts_visited":["Exordium","Exordium"],"potions_floor_usage":[16,16,24],"damage_taken":[{"damage":6,"enemies":"Cultist","floor":1,"turns":3},{"damage":9,"enemies":"ats:Genji","floor":2,"turns":3},{"damage":0,"enemies":"Jaw Worm","floor":3,"turns":3},{"damage":3,"enemies":"3 Louse","floor":4,"turns":4},{"damage":16,"enemies":"Large Slime","floor":5,"turns":5},{"damage":28,"enemies":"3 Sentries","floor":7,"turns":6},{"damage":0,"enemies":"Exordium Wildlife","floor":12,"turns":4},{"damage":55,"enemies":"The Guardian","floor":16,"turns":13},{"damage":16,"enemies":"Elementarium:MUD_AND_TAR_GOLEMS","floor":18,"turns":5},{"damage":90,"enemies":"Elementarium:FIRE_NOBILITY","floor":24,"turns":8}],"seed_played":"-520214828622371769","potions_obtained":[{"floor":2,"key":"champ:CounterPotion"},{"floor":5,"key":"DDmod:CleansePotion"},{"floor":12,"key":"ats:Burn Small Potion"},{"floor":16,"key":"LifebloodPotion"},{"floor":18,"key":"DDmod:CleansePotion"}],"is_trial":false,"path_per_floor":["M","M","M","M","M","R","E","$","T","?","R","M","R","?","R_BF","B",null,"M","?","?","?","?","R","E"],"character_chosen":"DOCTOR_CLASS","items_purchased":["BicycleWheel","ats:Healing Strengthening","ats:Sunburst","ats:Blood Oath","ats:Apocalypse","Specialist","ats:Healing Strengthening"],"campfire_rested":4,"item_purchase_floors":[0,0,0,0,8,8,8],"current_hp_per_floor":[66,61,61,58,42,42,18,18,18,11,32,40,61,43,64,29,72,59,59,59,59,59,72,0,0],"gold":320,"neow_bonus":"","is_daily":false,"chose_seed":false,"campfire_upgraded":1,"win_rate":0.0,"timestamp":1613440517,"path_taken":["M","M","?","M","M","R","E","$","T","?","R","?","R","?","R_BF","BOSS","M","?","?","?","?","R","E"],"items_purchased_type":["Relic","Card","Card","Card","Card","Card","Card"],"build_version":"2020-12-22","purchased_purges":0,"victory":false,"max_hp_per_floor":[72,72,72,72,72,72,72,72,72,72,72,72,72,72,72,72,72,72,72,72,72,72,72,72,72],"card_choices":[{"not_picked":["ats:Blood Oath","ats:Curse Doll"],"picked":"ats:Very Hot Blade","floor":1},{"not_picked":["ats:Demon Strength","ats:Flexible Camouflage"],"picked":"ats:Magnetic Hammer","floor":2},{"not_picked":["ats:Assault Order","ats:Blood Oath"],"picked":"ats:Poison Spread","floor":3},{"not_picked":["ats:Guardian Obelisk","ats:Powerful Strike"],"picked":"ats:Ignite","floor":4},{"not_picked":["ats:Thermite Blade","ats:Powerful Strike"],"picked":"ats:Hammer On","floor":5},{"not_picked":["ats:Healing Strengthening","ats:Absolute Focus"],"picked":"ats:Wolf Pack","floor":7},{"not_picked":["ats:Cat Scratch","ats:Powerful Strike"],"picked":"ats:Consecutive Shot Auto","floor":12},{"not_picked":["ats:Echo Reverb","ats:Volcano"],"picked":"ats:Calcification","floor":16},{"not_picked":["ats:Counter Healing Mode","beaked:Cower","ats:Absolute Focus"],"picked":"beaked:Evade","floor":18}],"player_experience":998370,"relics_obtained":[{"floor":7,"key":"ats:Originium"},{"floor":7,"key":"SnailShell"},{"floor":9,"key":"Replay:Wax Seal"}],"event_choices":[{"damage_healed":0,"gold_gain":75,"player_choice":"Touch","damage_taken":7,"max_hp_gain":0,"max_hp_loss":0,"event_name":"FaceTrader","floor":10,"gold_loss":0},{"damage_healed":0,"gold_gain":0,"player_choice":"Take Damage","damage_taken":18,"relics_obtained":["Golden Idol"],"max_hp_gain":0,"max_hp_loss":0,"event_name":"Golden Idol","floor":14,"gold_loss":0},{"damage_healed":0,"gold_gain":0,"player_choice":"Ignored","damage_taken":0,"max_hp_gain":0,"max_hp_loss":0,"event_name":"Elementarium:FountainOfGold","floor":20,"gold_loss":0},{"damage_healed":0,"gold_gain":0,"player_choice":"Take","damage_taken":0,"relics_obtained":["Elementarium:FlickeringLantern"],"max_hp_gain":0,"max_hp_loss":0,"event_name":"Elementarium:HeartOfTheVoid","floor":22,"gold_loss":0}],"is_beta":false,"boss_relics":[{"not_picked":["Runic Dome","hubris:GrandSneckoEye"],"picked":"aspiration:BeakedSkillbook"}],"items_purged_floors":[],"is_endless":false,"potions_floor_spawned":[2,5,12,16,18],"killed_by":"Elementarium:FIRE_NOBILITY","ascension_level":1}}