{"host":"q8mjpf3krl0t4p3x","time":1613454816,"event":{"mods":["BaseMod","Colored Map","Colored Powertips","Googly Eyes","Minty Spire (QoL Compilation)","Quick Restart","StSLib","everything is the same but u backflip on backflip","slay the spire mod where everything is the same but ironclad has a cowboy hat"],"gold_per_floor":[115,129,140,151,151,151,176,195,195,206,216,216,234,249,249,326,326,340,12,12,111,11,38,56,56,56],"floor_reached":25,"language":"ENG","playtime":766,"items_purged":["Strike_R","Strike_R"],"score":411,"play_id":"ceda48e5-e0aa-4b01-bddc-e5faf614e9f4","local_time":"20210215215336","is_ascension_mode":true,"campfire_choices":[{"data":"Whirlwind","floor":6,"key":"SMITH"},{"data":"Bloodletting","floor":15,"key":"SMITH"}],"circlet_count":0,"master_deck":["AscendersBane","Strike_R","Strike_R","Strike_R","Defend_R","Defend_R","Defend_R","Defend_R","Bash","Whirlwind+1","Wild Strike","Clothesline","Headbutt","Shockwave","Bloodletting+1","Immolate","Writhe"],"relics":["Burning Blood","Akabeko","Meat on the Bone","Runic Pyramid","Bottled Lightning","Pear","HornCleat"],"acts_visited":["Exordium","TheCity"],"potions_floor_usage":[7,7,16,24],"damage_taken":[{"damage":12,"enemies":"Jaw Worm","floor":1,"turns":3},{"damage":6,"enemies":"Small Slimes","floor":2,"turns":4},{"damage":8,"enemies":"2 Louse","floor":3,"turns":2},{"damage":14,"enemies":"Blue Slaver","floor":4,"turns":4},{"damage":20,"enemies":"Lagavulin","floor":7,"turns":5},{"damage":0,"enemies":"Exordium Wildlife","floor":8,"turns":1},{"damage":0,"enemies":"Lots of Slimes","floor":10,"turns":1},{"damage":8,"enemies":"Blue Slaver","floor":11,"turns":2},{"damage":10,"enemies":"Red Slaver","floor":13,"turns":4},{"damage":0,"enemies":"2 Fungi Beasts","floor":14,"turns":2},{"damage":45,"enemies":"Hexaghost","floor":16,"turns":9},{"damage":2,"enemies":"3 Byrds","floor":18,"turns":3},{"damage":86,"enemies":"Slavers","floor":23,"turns":5},{"damage":15,"enemies":"2 Thieves","floor":24,"turns":2},{"damage":23,"enemies":"Centurion and Healer","floor":25,"turns":3}],"seed_played":"-1248076853107260125","potions_obtained":[{"floor":1,"key":"AttackPotion"},{"floor":3,"key":"FearPotion"},{"floor":7,"key":"LiquidBronze"},{"floor":11,"key":"SkillPotion"},{"floor":13,"key":"FairyPotion"},{"floor":23,"key":"Swift Potion"}],"is_trial":false,"path_per_floor":["M","M","M","M","?","R","E","M","T","M","M","?","M","M","R","B",null,"M","$","?","?","$","E","M","M"],"character_chosen":"IRONCLAD","items_purchased":["Bottled Lightning"],"campfire_rested":0,"item_purchase_floors":[19],"current_hp_per_floor":[69,69,67,59,64,64,50,56,56,62,60,60,56,62,62,35,74,78,78,88,88,88,20,23,29,29],"gold":56,"neow_bonus":"TEN_PERCENT_HP_BONUS","is_daily":false,"chose_seed":false,"campfire_upgraded":2,"win_rate":0.0,"timestamp":1613454816,"path_taken":["M","M","M","M","?","R","E","M","T","M","M","?","?","M","R","BOSS","M","$","?","?","$","E","?","M"],"items_purchased_type":["Relic"],"build_version":"2020-12-22","purchased_purges":2,"victory":false,"max_hp_per_floor":[82,82,82,82,87,87,87,87,87,87,87,87,87,87,87,87,87,87,87,97,97,97,97,97,97,97],"card_choices":[{"not_picked":["Evolve","Body Slam"],"picked":"Whirlwind","floor":1},{"not_picked":["Second Wind","Burning Pact"],"picked":"Wild Strike","floor":2},{"not_picked":["Heavy Blade","Burning Pact","Sword Boomerang"],"picked":"SKIP","floor":3},{"not_picked":["Havoc","Cleave"],"picked":"Clothesline","floor":4},{"not_picked":["Cleave","Sword Boomerang"],"picked":"Headbutt","floor":7},{"not_picked":["Bludgeon","Havoc","Rage"],"picked":"SKIP","floor":8},{"not_picked":["Havoc","Body Slam","Carnage"],"picked":"SKIP","floor":10},{"not_picked":["Fire Breathing","Anger"],"picked":"Shockwave","floor":11},{"not_picked":["Iron Wave","Rage"],"picked":"Bloodletting","floor":13},{"not_picked":["Perfected Strike","Body Slam","Corruption"],"picked":"SKIP","floor":14},{"not_picked":["Fiend Fire","Barricade"],"picked":"Immolate","floor":16},{"not_picked":["Anger","Warcry+1","Cleave"],"picked":"SKIP","floor":18},{"not_picked":["Dual Wield","Iron Wave","Spot Weakness"],"picked":"SKIP","floor":23},{"not_picked":["Feel No Pain","Blood for Blood","Cleave"],"picked":"SKIP","floor":24}],"player_experience":185656,"relics_obtained":[{"floor":7,"key":"Akabeko"},{"floor":9,"key":"Meat on the Bone"},{"floor":23,"key":"HornCleat"}],"event_choices":[{"damage_healed":0,"gold_gain":0,"player_choice":"Donut","damage_taken":0,"max_hp_gain":5,"max_hp_loss":0,"event_name":"Big Fish","floor":5,"gold_loss":0},{"damage_healed":0,"gold_gain":0,"player_choice":"Ignored","damage_taken":0,"max_hp_gain":0,"max_hp_loss":0,"event_name":"Liars Game","floor":12,"gold_loss":0},{"damage_healed":0,"gold_gain":0,"player_choice":"Opened","damage_taken":0,"relics_obtained":["Pear"],"max_hp_gain":0,"max_hp_loss":0,"event_name":"The Mausoleum","floor":20,"gold_loss":0,"cards_obtained":["Writhe"]},{"damage_healed":0,"gold_gain":99,"player_choice":"Stole From Cult","damage_taken":0,"max_hp_gain":0,"max_hp_loss":0,"event_name":"Nest","floor":21,"gold_loss":0}],"is_beta":false,"boss_relics":[{"not_picked":["Astrolabe","Fusion Hammer"],"picked":"Runic Pyramid"}],"items_purged_floors":[19,22],"is_endless":false,"potions_floor_spawned":[1,3,7,11,13,23],"killed_by":"Centurion and Healer","ascension_level":14}}