{"host":"dn6kke80v5f7isus","time":1613491312,"event":{"mods":["AchievementEnabler","Act Like it!","Astrologer","BaseMod","Colored Powertips","Custom Start","Defuse TimeMaze Blight","Energized Spire","Gremlin Skip","Highlight Path","Hubris","Infinite Spire","Marisa????????","Marked Mod","Minty Spire (QoL Compilation)","Quick Restart","Rare Cards Sparkle","Reliquary","Replay The Spire","StSLib","The Hierophant","The Servant 0.9.4","Uncapped","Unceasing Turn Reminder"],"gold_per_floor":[115,115,115,132,132,161,179,179,179,179,195,195,52,84,84,187,187,204,204,217,229,229,264,264,264,264],"floor_reached":25,"language":"ENG","playtime":1428,"items_purged":[],"score":267,"play_id":"e533ceea-4c6c-4340-9e4c-a679007d4eee","local_time":"20210216110152","is_ascension_mode":true,"campfire_choices":[{"data":"Study","floor":8.0,"key":"SMITH"},{"data":"Eruption","floor":10.0,"key":"SMITH"},{"data":"LikeWater","floor":12.0,"key":"SMITH"},{"data":"Vigilance","floor":15.0,"key":"SMITH"},{"floor":24,"key":"REST"}],"circlet_count":0,"master_deck":["Strike_P","Strike_P","Strike_P","Strike_P","Defend_P","Defend_P","Defend_P","Defend_P","Eruption+1","Vigilance+1","LikeWater+1","Study+1","Devotion","FlurryOfBlows+1","JustLucky","MarkedMod:OneThousandNeedles+1"],"relics":["PureWater","NeowsBlessing","hubris:Icosahedron","hubris:DeckOfHolding","Melange","reliquary:NewFriend","hubris:ScarierMask","reliquary:RoseTintedGlasses"],"acts_visited":["Exordium","TheCity"],"potions_floor_usage":[],"damage_taken":[{"damage":0.0,"enemies":"Small Slimes","floor":1.0,"turns":1.0},{"damage":0.0,"enemies":"Jaw Worm","floor":4.0,"turns":1.0},{"damage":0.0,"enemies":"Lagavulin","floor":6.0,"turns":1.0},{"damage":0.0,"enemies":"2 Louse","floor":7.0,"turns":3.0},{"damage":0.0,"enemies":"Exordium Wildlife","floor":11.0,"turns":4.0},{"damage":5.0,"enemies":"Gremlin Nob","floor":14.0,"turns":3.0},{"damage":16.0,"enemies":"Slime Boss","floor":16.0,"turns":15.0},{"damage":0.0,"enemies":"Chosen","floor":18.0,"turns":4.0},{"damage":0.0,"enemies":"2 Thieves","floor":20.0,"turns":3.0},{"damage":1.0,"enemies":"Snecko","floor":21.0,"turns":7.0},{"damage":55,"enemies":"Slavers","floor":23,"turns":5},{"damage":12,"enemies":"Gremlin Leader","floor":25,"turns":5}],"seed_played":"7850622399300397439","potions_obtained":[{"floor":6.0,"key":"GamblersBrew"},{"floor":7.0,"key":"DistilledChaos"},{"floor":11.0,"key":"Explosive Potion"},{"floor":14.0,"key":"Block Potion"},{"floor":18.0,"key":"PowerPotion"}],"is_trial":false,"path_per_floor":["M","?","?","M","?","E","M","R","T","R","M","R","$","E","R","B",null,"M","?","M","M","?","E","R","E"],"character_chosen":"WATCHER","items_purchased":["Melange"],"campfire_rested":1,"item_purchase_floors":[13],"current_hp_per_floor":[72,77,77,77,77,77,77,77,77,77,77,77,77,72,72,56,77,77,77,77,76,76,21,44,32,32],"gold":264,"neow_bonus":"THREE_ENEMY_KILL","is_daily":false,"chose_seed":false,"campfire_upgraded":4,"win_rate":0.0,"timestamp":1613491312,"path_taken":["M","?","?","M","?","E","M","R","T","R","?","R","?","E","R","BOSS","M","?","?","M","?","E","R","E"],"items_purchased_type":["Relic"],"build_version":"2020-12-22","purchased_purges":0,"victory":false,"max_hp_per_floor":[72,77,77,77,77,77,77,77,77,77,77,77,77,77,77,77,77,77,77,77,77,77,77,77,77,77],"card_choices":[{"not_picked":["EmptyBody","Study"],"picked":"LikeWater","floor":1.0},{"not_picked":["Replay:Anticipation","CrushJoints"],"picked":"Study","floor":4.0},{"not_picked":["Worship","ForeignInfluence","Halt"],"picked":"SKIP","floor":6.0},{"not_picked":["Prostrate","Study","Meditate"],"picked":"SKIP","floor":7.0},{"not_picked":["Protect","WindmillStrike","WaveOfTheHand"],"picked":"SKIP","floor":11.0},{"not_picked":["Alpha","CarveReality","Pray"],"picked":"SKIP","floor":14.0},{"not_picked":["Replay:LoomingThreat","Ragnarok"],"picked":"Devotion","floor":16.0},{"not_picked":["MarkedMod:PinPointDefense","Vengeance"],"picked":"FlurryOfBlows+1","floor":18.0},{"not_picked":["Sanctity","Replay:AtTheReady+1"],"picked":"JustLucky","floor":20.0},{"not_picked":["MarkedMod:FirstStrike","EmptyBody","Consecrate"],"picked":"SKIP","floor":21.0},{"not_picked":["Conclude","Brilliance"],"picked":"MarkedMod:OneThousandNeedles+1","floor":23}],"player_experience":481849,"relics_obtained":[{"floor":9.0,"key":"hubris:DeckOfHolding"},{"floor":14.0,"key":"reliquary:NewFriend"},{"floor":23,"key":"reliquary:RoseTintedGlasses"}],"event_choices":[{"damage_healed":0.0,"max_hp_gain":5.0,"max_hp_loss":0.0,"gold_gain":0.0,"event_name":"Big Fish","player_choice":"Donut","floor":2.0,"gold_loss":0.0,"damage_taken":0.0}],"is_beta":false,"boss_relics":[{"not_picked":["reliquary:Ember","hubris:CrackedHourglass"],"picked":"hubris:ScarierMask"}],"items_purged_floors":[],"is_endless":false,"potions_floor_spawned":[6,7,11,14,18],"killed_by":"Gremlin Leader","ascension_level":1}}