{"host":"pgm1p3lvdjflie30","time":1613442137,"event":{"mods":["ATMod(阿瑾Mod)","AchievementEnabler","Aspiration","BaseMod","Better-Laid Plans","Bossed Relics","Challenge The Spire","Colored Map","Colored Powertips","Conspire","Dark Map","Downfall","Energized Spire","Jedi Mod","Minty Spire (QoL Compilation)","MostiFishMod","Quarter Circle Forward PUNCH!","Quick Restart","Relic Stats","Reliquary","Replay The Spire","Robot Space Explorer","Spicy Shops","StSLib","TestMod","The IronCluck","The Jungle","Waifu the Spire","Yakumo Yukari mod","【功能Mod】混沌之?修复?丁","【?物卡牌】REMEMod","篝火指南"],"gold_per_floor":[99,99,99,99,115,15,92,92,119,119,143,161,1054,1148,1148,1148,1173,1173,1173,1173,1173],"floor_reached":22,"language":"ZHS","playtime":358,"items_purged":[],"score":1431,"play_id":"e551529a-3726-4c0f-8944-4d13527e4123","local_time":"20210216102217","is_ascension_mode":true,"campfire_choices":[{"floor":1,"key":"RECALL"},{"data":"AT_DrawKnifeCut","floor":6,"key":"SMITH"},{"data":"bronze:BronzeArmor","floor":13,"key":"SMITH"}],"circlet_count":0,"master_deck":["bronze:Strike","bronze:Strike","bronze:Strike","bronze:Strike","bronze:Defend","bronze:Defend","bronze:Defend","bronze:Replicate","bronze:Goto","AT_DrawKnifeCut+1","bronze:BronzeArmor+1","bronze:HardenedForm","bronze:Defend","bronze:Verify","bronze:HyperBeam","bronze:WhirlingStrike"],"relics":["bronze:BronzeCore","AT_ATBox","DaveBox","testmod-TestBox","REME_ComplimentaryCards","downfall:HeartsMalice","testmod-Charity","ThornShield","downfall:HeartBlessingRed","DaCapo","bronze:ProtectiveGoggles","downfall:HeartBlessingGreen","downfall:HeartBlessingBlue","jedi:paperlyon","reliquary:WritOfMandamus","Potion Belt"],"acts_visited":["Exordium","TheCity","TheBeyond","TheEnding"],"potions_floor_usage":[],"damage_taken":[{"damage":0,"enemies":"Small Slimes","floor":2,"turns":1},{"damage":0,"enemies":"2 Louse","floor":3,"turns":1},{"damage":0,"enemies":"Cultist","floor":4,"turns":1},{"damage":0,"enemies":"Large Slime","floor":5,"turns":1},{"damage":0,"enemies":"Replay:BlueRogue","floor":9,"turns":1},{"damage":0,"enemies":"Gremlin Nob","floor":11,"turns":1},{"damage":0,"enemies":"2 Fungi Beasts","floor":12,"turns":1},{"damage":0,"enemies":"IC_STATUS_ARCHETYPE","floor":13,"turns":1},{"damage":0,"enemies":"WA_ARCHETYPE_CALM","floor":14,"turns":1},{"damage":0,"enemies":"DF_ARCHETYPE_ORBS","floor":15,"turns":1},{"damage":0,"enemies":"downfall:CharBossMerchant","floor":17,"turns":1},{"damage":0,"enemies":"downfall:NeowBoss","floor":20,"turns":4},{"damage":0,"enemies":"downfall:NeowBossFinal","floor":21,"turns":2}],"seed_played":"7975140583233612557","potions_obtained":[{"floor":9,"key":"champ:CounterPotion"},{"floor":11,"key":"BlessingOfTheForge"},{"floor":12,"key":"bronze:FreeFunctionsPotion"},{"floor":17,"key":"Doom Potion"}],"is_trial":false,"path_per_floor":["R","M","M","M","M","R","T","?","E","?","E","M","R",null,null,null,"E","$","R","B","B",null],"character_chosen":"THE_AUTOMATON","items_purchased":[],"campfire_rested":0,"item_purchase_floors":[],"current_hp_per_floor":[70,70,70,70,71,71,72,77,78,78,79,80,92,93,93,93,94,94,94,94,94],"gold":1173,"neow_bonus":"THREE_ENEMY_KILL","is_daily":false,"chose_seed":false,"campfire_upgraded":2,"win_rate":0.0,"timestamp":1613442137,"path_taken":["R","M","M","M","M","R","T","?","E","?","E","M","R","BOSS","BOSS","BOSS","E","$","R","BOSS","BOSS"],"items_purchased_type":[],"build_version":"2020-12-22","purchased_purges":0,"victory":true,"max_hp_per_floor":[70,70,70,70,71,71,72,77,78,78,79,80,92,93,93,93,94,94,94,94,94],"relic_stats":{"counters":[13,14],"obtain_stats":[{"Potion Belt":17,"bronze:BronzeCore":0,"AT_ATBox":0,"testmod-TestBox":0,"DaveBox":0,"downfall:HeartBlessingRed":6,"downfall:HeartsMalice":0,"downfall:HeartBlessingGreen":13,"ThornShield":0,"testmod-Charity":0,"bronze:ProtectiveGoggles":11,"downfall:HeartBlessingBlue":13,"jedi:paperlyon":14,"DaCapo":9,"reliquary:WritOfMandamus":15,"REME_ComplimentaryCards":0},{"Potion Belt":11,"bronze:BronzeCore":0,"AT_ATBox":0,"testmod-TestBox":0,"DaveBox":0,"downfall:HeartBlessingRed":4,"downfall:HeartsMalice":0,"downfall:HeartBlessingGreen":7,"ThornShield":0,"testmod-Charity":0,"bronze:ProtectiveGoggles":6,"downfall:HeartBlessingBlue":7,"jedi:paperlyon":8,"DaCapo":5,"reliquary:WritOfMandamus":9,"REME_ComplimentaryCards":0},{"Potion Belt":8,"bronze:BronzeCore":0,"AT_ATBox":0,"testmod-TestBox":0,"DaveBox":0,"downfall:HeartBlessingRed":1,"downfall:HeartsMalice":0,"downfall:HeartBlessingGreen":4,"ThornShield":0,"testmod-Charity":0,"bronze:ProtectiveGoggles":3,"downfall:HeartBlessingBlue":4,"jedi:paperlyon":5,"DaCapo":2,"reliquary:WritOfMandamus":6,"REME_ComplimentaryCards":0}]},"card_choices":[{"not_picked":["bronze:Return","bronze:Boost","bronze:CutThrough"],"picked":"SKIP","floor":2},{"not_picked":["bronze:Shield","bronze:ChildClass","bronze:BitShift"],"picked":"SKIP","floor":3},{"not_picked":["bronze:DelayedGuard","bronze:Overheat"],"picked":"bronze:BronzeArmor","floor":4},{"not_picked":["bronze:Repulsor","bronze:Branch","bronze:Constructor"],"picked":"SKIP","floor":5},{"not_picked":["bronze:ThunderWave","bronze:BuggyMess"],"picked":"bronze:HardenedForm","floor":9},{"not_picked":["bronze:WhirlingStrike","bronze:Fortify","bronze:Separator"],"picked":"SKIP","floor":11},{"not_picked":["bronze:Overheat","bronze:Turbo","bronze:Allocate"],"picked":"SKIP","floor":12},{"not_picked":["bronze:CleanCode","bronze:RecursiveStrike"],"picked":"bronze:Verify","floor":13},{"not_picked":["bronze:CleanCode","bronze:Verify"],"picked":"bronze:HyperBeam","floor":14},{"not_picked":["bronze:Deprecate+1","bronze:Branch"],"picked":"bronze:WhirlingStrike","floor":17}],"player_experience":388784,"relics_obtained":[{"floor":9,"key":"DaCapo"},{"floor":11,"key":"bronze:ProtectiveGoggles"},{"floor":17,"key":"Potion Belt"}],"event_choices":[{"damage_healed":0,"gold_gain":0,"player_choice":"Donut","damage_taken":0,"max_hp_gain":5,"max_hp_loss":0,"event_name":"Big Fish","floor":8,"gold_loss":0},{"cards_removed":["bronze:Defend"],"damage_healed":0,"gold_gain":0,"player_choice":"Offered Basic","damage_taken":0,"max_hp_gain":0,"max_hp_loss":0,"event_name":"Bonfire Elementals","floor":10,"gold_loss":0}],"is_beta":false,"boss_relics":[{"not_picked":["Ring of Chaos","Abe\u0027s Treasure"],"picked":"jedi:paperlyon"},{"not_picked":["conspire:SpecialSausage","Replay:Drink Me"],"picked":"reliquary:WritOfMandamus"}],"items_purged_floors":[],"is_endless":false,"potions_floor_spawned":[9,11,12,14,17],"ascension_level":1}}