{"host":"mo4d2vii2wc3uyp7","time":1613479033,"event":{"mods":["AchievementEnabler","BaseMod","Colored Map","Highlight Path","Keyboard Shortcuts","Minty Spire (QoL Compilation)","Permanent Neow","Quick Restart","Shop Mod","StSLib","SuperFastMode","everything is the same but u backflip on backflip"],"gold_per_floor":[109,122,134,150,150,150,177,191,191,209,229,262,280,314,314,416,416,434,444,455,21,21,55,55,80,80,80,108,130,142,179,191,305,317,339,370,99,115,134,160,160,190,190,207,207,237,237,1,1,1],"floor_reached":51,"language":"KOR","playtime":1746,"items_purged":["Defend_G","Strike_G"],"score":1135,"play_id":"1b8c100c-a7ed-419c-95a4-dfc888c0ab94","local_time":"20210216213713","is_ascension_mode":true,"campfire_choices":[{"data":"Neutralize","floor":6.0,"key":"SMITH"},{"data":"Noxious Fumes","floor":15.0,"key":"SMITH"},{"data":"Apotheosis","floor":24.0,"key":"SMITH"},{"floor":27.0,"key":"REST"},{"floor":32,"key":"REST"},{"floor":41,"key":"REST"},{"floor":45,"key":"REST"},{"floor":49,"key":"REST"}],"circlet_count":0,"master_deck":["Strike_G+1","Strike_G","Strike_G","Defend_G","Defend_G","Defend_G","Defend_G","Survivor","Neutralize+1","Dagger Spray+1","Endless Agony","Acrobatics","Finisher","Masterful Stab","Backstab","Noxious Fumes+1","Backflip+1","Prepared","Adrenaline+1","Distraction+1","Apotheosis+1","Footwork+1","Escape Plan+1","Bane","Venomology","Reflex+1","Tactician","Madness"],"relics":["Ring of the Snake","CaptainsWheel","PreservedInsect","Pear","The Courier","Sundial","TwistedFunnel","Akabeko","Letter Opener","Whetstone","Du-Vu Doll","Bottled Tornado","MawBank","War Paint","SacredBark","Snake Skull","Boot","Gremlin Horn","Oddly Smooth Stone","FossilizedHelix","Tingsha"],"acts_visited":["Exordium","TheCity","TheBeyond"],"potions_floor_usage":[31,33,35,35,38,40,42,44,46,50,50,50],"damage_taken":[{"damage":1.0,"enemies":"Jaw Worm","floor":1.0,"turns":5.0},{"damage":0.0,"enemies":"Cultist","floor":2.0,"turns":4.0},{"damage":0.0,"enemies":"Small Slimes","floor":3.0,"turns":3.0},{"damage":0.0,"enemies":"Blue Slaver","floor":4.0,"turns":4.0},{"damage":21.0,"enemies":"Lagavulin","floor":7.0,"turns":8.0},{"damage":0.0,"enemies":"Red Slaver","floor":8.0,"turns":3.0},{"damage":2.0,"enemies":"Exordium Thugs","floor":10.0,"turns":3.0},{"damage":0.0,"enemies":"3 Louse","floor":11.0,"turns":2.0},{"damage":0.0,"enemies":"3 Sentries","floor":12.0,"turns":2.0},{"damage":0.0,"enemies":"Blue Slaver","floor":13.0,"turns":1.0},{"damage":0.0,"enemies":"Gremlin Nob","floor":14.0,"turns":2.0},{"damage":24.0,"enemies":"Hexaghost","floor":16.0,"turns":11.0},{"damage":0.0,"enemies":"Spheric Guardian","floor":18.0,"turns":3.0},{"damage":26.0,"enemies":"2 Thieves","floor":19.0,"turns":4.0},{"damage":23.0,"enemies":"Cultist and Chosen","floor":20.0,"turns":8.0},{"damage":0.0,"enemies":"Gremlin Leader","floor":23.0,"turns":4.0},{"damage":6.0,"enemies":"Book of Stabbing","floor":25.0,"turns":4.0},{"damage":16.0,"enemies":"Slavers","floor":28.0,"turns":4.0},{"damage":5,"enemies":"Centurion and Healer","floor":29,"turns":5},{"damage":0,"enemies":"Book of Stabbing","floor":31,"turns":4},{"damage":22,"enemies":"Collector","floor":33,"turns":12},{"damage":0,"enemies":"3 Darklings","floor":35,"turns":1},{"damage":0,"enemies":"3 Shapes","floor":36,"turns":3},{"damage":0,"enemies":"Sphere and 2 Shapes","floor":38,"turns":2},{"damage":0,"enemies":"Maw","floor":39,"turns":9},{"damage":8,"enemies":"Nemesis","floor":40,"turns":5},{"damage":11,"enemies":"Giant Head","floor":42,"turns":6},{"damage":6,"enemies":"4 Shapes","floor":44,"turns":3},{"damage":7,"enemies":"Reptomancer","floor":46,"turns":3},{"damage":27,"enemies":"Awakened One","floor":50,"turns":13}],"seed_played":"-9086142817657715568","potions_obtained":[{"floor":2.0,"key":"Block Potion"},{"floor":4.0,"key":"Regen Potion"},{"floor":7.0,"key":"FearPotion"},{"floor":12.0,"key":"PowerPotion"},{"floor":14.0,"key":"Fruit Juice"},{"floor":20.0,"key":"CunningPotion"},{"floor":28.0,"key":"BlessingOfTheForge"},{"floor":29,"key":"BlessingOfTheForge"},{"floor":33,"key":"EntropicBrew"}],"is_trial":false,"path_per_floor":["M","M","M","M","?","R","E","M","T","M","M","E","M","E","R","B",null,"M","M","M","$","T","E","R","E","T","R","E","M","$","E","R","B",null,"M","M","$","M","M","E","R","E","T","M","R","E","?","$","R","B",null],"character_chosen":"THE_SILENT","items_purchased":["TwistedFunnel","Apotheosis","Akabeko","Snake Skull","FairyPotion","Tingsha"],"campfire_rested":5,"item_purchase_floors":[21,21,21,37,37,48],"current_hp_per_floor":[48,48,48,48,48,48,42,42,52,50,50,50,50,50,50,31,85,85,59,36,36,36,36,36,30,30,55,39,34,34,34,59,37,85,85,85,85,85,85,77,85,74,74,68,85,78,73,73,85,58],"gold":1,"neow_bonus":"ONE_RARE_RELIC","is_daily":false,"chose_seed":false,"campfire_upgraded":3,"win_rate":0.0,"timestamp":1613479033,"path_taken":["M","M","M","M","?","R","E","M","T","M","M","E","M","E","R","BOSS","M","M","M","$","?","E","R","E","T","R","E","M","$","E","R","BOSS","M","M","$","M","M","E","R","E","T","M","R","E","?","$","R","BOSS"],"items_purchased_type":["Relic","Card","Relic","Relic","Potion","Relic"],"build_version":"2020-12-22","purchased_purges":2,"victory":true,"max_hp_per_floor":[70,70,70,70,70,70,70,70,80,80,80,80,80,80,80,85,85,85,85,85,85,85,85,85,85,85,85,85,85,85,85,85,85,85,85,85,85,85,85,85,85,85,85,85,85,85,85,85,85,85],"card_choices":[{"not_picked":["Slice","Deadly Poison"],"picked":"Dagger Spray","floor":1.0},{"not_picked":["Sucker Punch","Deflect"],"picked":"Endless Agony","floor":2.0},{"not_picked":["Skewer","Deflect","Blade Dance"],"picked":"SKIP","floor":3.0},{"not_picked":["Cloak And Dagger","Doppelganger"],"picked":"Acrobatics","floor":4.0},{"not_picked":["Finisher","Outmaneuver"],"picked":"Masterful Stab","floor":7.0},{"not_picked":["Cloak And Dagger","Bane"],"picked":"Backstab","floor":8.0},{"not_picked":["Backstab","Expertise"],"picked":"Noxious Fumes","floor":10.0},{"not_picked":["Acrobatics","Caltrops"],"picked":"Backflip","floor":11.0},{"not_picked":["Deflect","Slice","Choke"],"picked":"SKIP","floor":12.0},{"not_picked":["Predator","Cloak And Dagger","PiercingWail"],"picked":"SKIP","floor":13.0},{"not_picked":["Backflip","Caltrops"],"picked":"Prepared","floor":14.0},{"not_picked":["A Thousand Cuts","Wraith Form v2"],"picked":"Adrenaline","floor":16.0},{"not_picked":["Slice","Backflip","Acrobatics"],"picked":"SKIP","floor":18.0},{"not_picked":["Deflect+1","Dagger Spray","PiercingWail"],"picked":"SKIP","floor":19.0},{"not_picked":["Finisher","Noxious Fumes"],"picked":"Distraction+1","floor":20.0},{"not_picked":["Poisoned Stab","Escape Plan"],"picked":"Footwork+1","floor":23.0},{"not_picked":["Deadly Poison","Footwork+1","Blade Dance"],"picked":"SKIP","floor":25.0},{"not_picked":["Cloak And Dagger","Blade Dance"],"picked":"Escape Plan+1","floor":28.0},{"not_picked":["Endless Agony","Crippling Poison"],"picked":"Bane","floor":29},{"not_picked":["Leg Sweep+1","Grand Finale","Sucker Punch"],"picked":"SKIP","floor":31},{"not_picked":["Grand Finale","Die Die Die"],"picked":"Venomology","floor":33},{"not_picked":["Deflect+1","Underhanded Strike","Acrobatics"],"picked":"SKIP","floor":35},{"not_picked":["Outmaneuver+1","Sucker Punch+1","Catalyst"],"picked":"SKIP","floor":36},{"not_picked":["Bane","Accuracy+1","Deadly Poison+1"],"picked":"SKIP","floor":38},{"not_picked":["Bane","Accuracy+1","Deadly Poison+1"],"picked":"SKIP","floor":38},{"not_picked":["Flying Knee+1","PiercingWail","Deadly Poison"],"picked":"SKIP","floor":39},{"not_picked":["Crippling Poison","Blade Dance+1"],"picked":"Reflex+1","floor":40},{"not_picked":["Predator","Well Laid Plans+1","Acrobatics"],"picked":"SKIP","floor":42},{"not_picked":["Blade Dance","Dagger Spray"],"picked":"Tactician","floor":44},{"not_picked":["Eviscerate+1","Catalyst+1","Tools of the Trade"],"picked":"SKIP","floor":46},{"not_picked":["Deep Breath","Panacea"],"picked":"Madness","floor":47}],"player_experience":629484,"relics_obtained":[{"floor":7.0,"key":"PreservedInsect"},{"floor":9.0,"key":"Pear"},{"floor":12.0,"key":"The Courier"},{"floor":14.0,"key":"Sundial"},{"floor":22.0,"key":"Letter Opener"},{"floor":23.0,"key":"Whetstone"},{"floor":25.0,"key":"Du-Vu Doll"},{"floor":26.0,"key":"Bottled Tornado"},{"floor":28.0,"key":"MawBank"},{"floor":31,"key":"War Paint"},{"floor":40,"key":"Boot"},{"floor":42,"key":"Gremlin Horn"},{"floor":43,"key":"Oddly Smooth Stone"},{"floor":46,"key":"FossilizedHelix"}],"event_choices":[{"damage_healed":0.0,"max_hp_gain":0.0,"max_hp_loss":0.0,"gold_gain":0.0,"cards_transformed":["Strike_G"],"event_name":"Transmorgrifier","player_choice":"Transformed","floor":5.0,"gold_loss":0.0,"damage_taken":0.0,"cards_obtained":["Finisher"]},{"damage_healed":0,"gold_gain":0,"player_choice":"Memory 2","damage_taken":5,"max_hp_gain":0,"max_hp_loss":0,"event_name":"SensoryStone","floor":47,"gold_loss":0}],"is_beta":false,"boss_relics":[{"not_picked":["Philosopher\u0027s Stone","Pandora\u0027s Box","Busted Crown"]},{"not_picked":["Ring of the Serpent","Runic Dome"],"picked":"SacredBark"}],"items_purged_floors":[21,37],"is_endless":false,"potions_floor_spawned":[2,4,7,12,14,20,28,29,33,39,40,42],"ascension_level":1}}