{"host":"pj05r22d3fegil3v","time":1613446498,"event":{"mods":["BaseMod","Better Altar","Better Match","Better Note","Better Sensory Stone","Better Skull","Better Third Choice","BetterRewards","Card Filter","Colored Powertips","Curses Come First","Custom Start","DeckTracker","Displayed Cursed Tome","Evolution","Minty Spire (QoL Compilation)","Quick Restart","Rare Cards Sparkle","Relic Filter Mod","Smile Girya","StSLib","Weighted Paths","everything is the same but u backflip on backflip","slay the spire mod where everything is the same but ironclad has a cowboy hat"],"gold_per_floor":[109,162,162,162,177,177,177,177,177,187,218,238,63,92,92,194,194,206,206,78,78,98,127,127,153,231,231,41,60,60,60,60,157,157,170,170,188,208,208,208,1,1,1,17,17,17,44,57,57,57],"floor_reached":51,"language":"ENG","playtime":3947,"items_purged":["Defend_P","Defend_P","Defend_P","EmptyBody"],"score":965,"play_id":"4a79f61d-ecbb-4819-a4d4-59e865a67123","local_time":"20210215223458","is_ascension_mode":true,"campfire_choices":[{"data":"Eruption","floor":6.0,"key":"SMITH"},{"data":"LikeWater","floor":8.0,"key":"SMITH"},{"data":"Wireheading","floor":15,"key":"SMITH"},{"data":"Nirvana","floor":24,"key":"SMITH"},{"data":"Vigilance","floor":27,"key":"SMITH"},{"data":"LikeWater","floor":30,"key":"SMITH"},{"data":"ThirdEye","floor":32,"key":"SMITH"},{"data":"CutThroughFate","floor":40,"key":"SMITH"},{"data":"Alpha","floor":42,"key":"SMITH"},{"data":"BattleHymn","floor":46,"key":"SMITH"},{"data":"FollowUp","floor":49,"key":"SMITH"}],"circlet_count":0,"master_deck":["FollowUp+1","FollowUp","FollowUp","ThirdEye+1","Eruption+1","Vigilance+1","Weave","LikeWater+1","Nirvana+1","Wireheading+1","Nirvana+1","LikeWater+1","CutThroughFate+1","Alpha+1","MentalFortress+1","BattleHymn+1","Sanctity+1","CutThroughFate+1"],"relics":["PureWater","EVO:Axolotl","Nunchaku","Lantern","Smiling Mask","Shovel","CaptainsWheel","White Beast Statue","Coffee Dripper","Blood Vial","Bag of Preparation","Bottled Tornado","Black Star","Lizard Tail","Question Card","PreservedInsect"],"acts_visited":["Exordium","TheCity","TheBeyond"],"potions_floor_usage":[16,23,23,23,29,33,33,33,38,47,47,47,50],"damage_taken":[{"damage":1.0,"enemies":"Cultist","floor":1.0,"turns":5.0},{"damage":0.0,"enemies":"Small Slimes","floor":5.0,"turns":3.0},{"damage":0.0,"enemies":"2 Louse","floor":10.0,"turns":2.0},{"damage":0.0,"enemies":"Lagavulin","floor":11.0,"turns":5.0},{"damage":4.0,"enemies":"Blue Slaver","floor":12.0,"turns":2.0},{"damage":3.0,"enemies":"3 Sentries","floor":14.0,"turns":6.0},{"damage":46,"enemies":"Hexaghost","floor":16,"turns":7},{"damage":20,"enemies":"2 Thieves","floor":18,"turns":4},{"damage":0,"enemies":"3 Byrds","floor":22,"turns":7},{"damage":13,"enemies":"Slavers","floor":23,"turns":7},{"damage":0,"enemies":"Gremlin Leader","floor":25,"turns":10},{"damage":1,"enemies":"3 Cultists","floor":29,"turns":5},{"damage":43,"enemies":"Collector","floor":33,"turns":14},{"damage":10,"enemies":"3 Darklings","floor":35,"turns":7},{"damage":2,"enemies":"3 Shapes","floor":37,"turns":4},{"damage":20,"enemies":"3 Darklings","floor":38,"turns":8},{"damage":0,"enemies":"Sphere and 2 Shapes","floor":44,"turns":4},{"damage":56,"enemies":"Giant Head","floor":47,"turns":6},{"damage":0,"enemies":"Maw","floor":48,"turns":5},{"damage":4,"enemies":"Awakened One","floor":50,"turns":11}],"seed_played":"8331138423515050181","potions_obtained":[{"floor":1.0,"key":"SteroidPotion"},{"floor":12.0,"key":"SteroidPotion"},{"floor":14.0,"key":"Strength Potion"},{"floor":16,"key":"AttackPotion"},{"floor":18,"key":"Fire Potion"},{"floor":22,"key":"Ancient Potion"},{"floor":23,"key":"StancePotion"},{"floor":25,"key":"DuplicationPotion"},{"floor":29,"key":"Ambrosia"},{"floor":33,"key":"SkillPotion"},{"floor":35,"key":"AttackPotion"},{"floor":37,"key":"BlessingOfTheForge"},{"floor":38,"key":"Energy Potion"},{"floor":44,"key":"PowerPotion"},{"floor":47,"key":"ColorlessPotion"},{"floor":48,"key":"Swift Potion"}],"is_trial":false,"path_per_floor":["M","T","?","?","M","R","?","R","T","M","E","M","$","E","R","B",null,"M","?","$","?","M","E","R","E","T","R","$","M","R","?","R","B",null,"M","?","M","M","?","R","$","R","T","M","?","R","E","M","R","B",null],"character_chosen":"WATCHER","items_purchased":["Weave","Nunchaku","Lantern","LikeWater","Wireheading","EmptyBody","Nirvana","LikeWater","Fruit Juice","Alpha"],"campfire_rested":0,"item_purchase_floors":[0,0,0,0,13,13,20,28,28,41],"current_hp_per_floor":[71,71,71,71,71,71,76,76,76,76,76,72,72,69,69,23,77,57,57,57,57,57,44,44,46,46,46,46,52,52,52,52,11,82,72,72,72,54,54,54,54,54,54,56,56,56,2,4,4,2],"gold":57,"neow_bonus":"","is_daily":false,"chose_seed":false,"campfire_upgraded":11,"win_rate":0.0,"timestamp":1613446498,"path_taken":["M","?","?","?","M","R","?","R","T","?","E","M","$","E","R","BOSS","M","?","$","?","?","E","R","E","T","R","$","M","R","?","R","BOSS","M","?","M","M","?","R","$","R","T","M","?","R","E","M","R","BOSS"],"items_purchased_type":["Card","Relic","Relic","Card","Card","Card","Card","Card","Potion","Card"],"build_version":"2020-12-22","purchased_purges":4,"victory":true,"max_hp_per_floor":[72,72,72,72,72,72,77,77,77,77,77,77,77,77,77,77,77,77,77,77,77,77,77,77,77,77,77,77,82,82,82,82,82,82,82,82,82,82,82,82,82,82,82,82,82,82,82,82,82,82],"card_choices":[{"not_picked":["Wallop","JustLucky","Collect"],"picked":"SKIP","floor":1.0},{"not_picked":["CutThroughFate","BowlingBash","EmptyFist"],"picked":"SKIP","floor":5.0},{"not_picked":["PathToVictory","MentalFortress"],"picked":"Nirvana","floor":10.0},{"not_picked":["Protect","Judgement","EmptyFist"],"picked":"SKIP","floor":11.0},{"not_picked":["ForeignInfluence","FollowUp","Prostrate"],"picked":"SKIP","floor":12.0},{"not_picked":["Protect","CrushJoints","Halt"],"picked":"SKIP","floor":14.0},{"not_picked":["WaveOfTheHand","CutThroughFate","SashWhip"],"picked":"SKIP","floor":18},{"not_picked":["SashWhip","CutThroughFate","Halt"],"picked":"SKIP","floor":22},{"not_picked":["Prostrate","CutThroughFate+1","EmptyMind"],"picked":"SKIP","floor":23},{"not_picked":["Vengeance","WheelKick","Halt"],"picked":"SKIP","floor":25},{"not_picked":["FlyingSleeves","EmptyFist","InnerPeace"],"picked":"SKIP","floor":29},{"not_picked":["Halt","CutThroughFate"],"picked":"Nirvana+1","floor":35},{"not_picked":["JustLucky","ForeignInfluence+1","Halt+1"],"picked":"SKIP","floor":37},{"not_picked":["CrushJoints+1","Meditate+1"],"picked":"CutThroughFate","floor":38},{"not_picked":["Indignation","CrushJoints"],"picked":"MentalFortress+1","floor":44},{"not_picked":["CrushJoints","BattleHymn+1"],"picked":"Sanctity+1","floor":47},{"not_picked":["PathToVictory+1","SashWhip+1","FlyingSleeves"],"picked":"CutThroughFate+1","floor":48}],"player_experience":106460,"relics_obtained":[{"floor":2.0,"key":"Smiling Mask"},{"floor":9.0,"key":"Shovel"},{"floor":11.0,"key":"CaptainsWheel"},{"floor":14.0,"key":"White Beast Statue"},{"floor":23,"key":"Blood Vial"},{"floor":25,"key":"Bag of Preparation"},{"floor":26,"key":"Bottled Tornado"},{"floor":43,"key":"Lizard Tail"},{"floor":47,"key":"Question Card"},{"floor":47,"key":"PreservedInsect"}],"event_choices":[{"damage_healed":0.0,"max_hp_gain":0.0,"max_hp_loss":0.0,"gold_gain":0.0,"event_name":"The Cleric","player_choice":"Leave","floor":3.0,"gold_loss":0.0,"damage_taken":0.0},{"damage_healed":0.0,"max_hp_gain":0.0,"max_hp_loss":0.0,"gold_gain":0.0,"event_name":"betterThird:BetterSerpent","player_choice":"Ignored","floor":4.0,"gold_loss":0.0,"damage_taken":162.0},{"damage_healed":0.0,"max_hp_gain":5.0,"max_hp_loss":0.0,"gold_gain":0.0,"event_name":"Big Fish","player_choice":"Donut","floor":7.0,"gold_loss":0.0,"damage_taken":0.0},{"damage_healed":0,"gold_gain":0,"player_choice":"Ignored","damage_taken":0,"max_hp_gain":0,"max_hp_loss":0,"event_name":"Ghosts","floor":19,"gold_loss":0},{"damage_healed":0,"gold_gain":0,"player_choice":"Upgraded","damage_taken":0,"max_hp_gain":0,"max_hp_loss":0,"event_name":"Upgrade Shrine","floor":21,"gold_loss":0,"cards_upgraded":["Nirvana"]},{"damage_healed":0,"gold_gain":0,"player_choice":"Bought 0 Potions","damage_taken":0,"max_hp_gain":0,"max_hp_loss":0,"event_name":"The Woman in Blue","floor":31,"gold_loss":0},{"cards_removed":["Nirvana"],"damage_healed":0,"gold_gain":0,"player_choice":"Removed Power","damage_taken":0,"max_hp_gain":0,"max_hp_loss":0,"event_name":"Falling","floor":36,"gold_loss":0},{"damage_healed":0,"gold_gain":0,"player_choice":"Ignored","damage_taken":0,"max_hp_gain":0,"max_hp_loss":0,"event_name":"Tomb of Lord Red Mask","floor":39,"gold_loss":0},{"damage_healed":0,"gold_gain":0,"cards_transformed":["FollowUp"],"player_choice":"Transformed","damage_taken":0,"max_hp_gain":0,"max_hp_loss":0,"event_name":"Transmorgrifier","floor":45,"gold_loss":0,"cards_obtained":["BattleHymn"]}],"is_beta":false,"boss_relics":[{"not_picked":["VioletLotus","SlaversCollar"],"picked":"Coffee Dripper"},{"not_picked":["Velvet Choker","Fusion Hammer"],"picked":"Black Star"}],"items_purged_floors":[13,20,28,41],"is_endless":false,"potions_floor_spawned":[1,12,14,16,18,22,23,25,29,33,35,37,38,44,47,48],"ascension_level":1}}