{"host":"dojadh45vvs5q3bn","time":1613483402,"event":{"mods":["100% Spire Juice","Abigail Mod","Act Like it!","BaseMod","Colored Powertips","Friendly Minions","Gensokyo","Minty Spire (QoL Compilation)","Prisma Mod","StSLib","The Alterego","The Animator","The Senshi"],"gold_per_floor":[114,128,148,160,58,91,91,103,103,121,196,226,226,226,226],"floor_reached":14,"language":"ENG","playtime":699,"items_purged":[],"score":117,"play_id":"84f5363e-1ca2-4f22-9a42-f1789670b9e4","local_time":"20210216145002","is_ascension_mode":true,"campfire_choices":[{"data":"alterego_mod:BrynhildrsRune","floor":7,"key":"SMITH"}],"circlet_count":0,"master_deck":["alterego_mod:Strike","alterego_mod:Strike","alterego_mod:Strike","alterego_mod:Strike","alterego_mod:Defend","alterego_mod:Defend","alterego_mod:Defend","alterego_mod:Defend","alterego_mod:Impale","alterego_mod:BigMeatyClaws","alterego_mod:BrynhildrsRune+1","alterego_mod:DeftHands","alterego_mod:GachaTicket","alterego_mod:SakuraPetals","alterego_mod:Birthday","alterego_mod:DiscoLights","alterego_mod:IndependentAction","alterego_mod:1TonWallop","alterego_mod:IndependentAction","alterego_mod:Cooking"],"relics":["alterego_mod:MasochisticConstitution","NeowsBlessing","Mercury Hourglass","theSenshi:FeatherClipsRelic","Sundial","Blue Candle"],"acts_visited":["Exordium"],"potions_floor_usage":[6,6,6,8,10,12],"damage_taken":[{"damage":0,"enemies":"Cultist","floor":1,"turns":1},{"damage":0,"enemies":"2 Louse","floor":2,"turns":1},{"damage":0,"enemies":"Jaw Worm","floor":3,"turns":1},{"damage":28,"enemies":"Lots of Slimes","floor":4,"turns":8},{"damage":45,"enemies":"3 Sentries","floor":6,"turns":13},{"damage":5,"enemies":"2 Fungi Beasts","floor":8,"turns":4},{"damage":6,"enemies":"Looter","floor":10,"turns":4},{"damage":30,"enemies":"Lagavulin","floor":12,"turns":10},{"damage":28,"enemies":"3 Sentries","floor":14,"turns":2}],"seed_played":"3487042998388154814","potions_obtained":[{"floor":4,"key":"EntropicBrew"},{"floor":6,"key":"Explosive Potion"},{"floor":8,"key":"Weak Potion"}],"is_trial":false,"path_per_floor":["M","M","M","M","$","E","R","M","T","M","?","E","?","E"],"character_chosen":"The_Alterego","items_purchased":["alterego_mod:Birthday","alterego_mod:DiscoLights"],"campfire_rested":0,"item_purchase_floors":[5,5],"current_hp_per_floor":[70,70,70,50,50,22,22,34,34,44,33,21,21,0,0],"gold":226,"neow_bonus":"THREE_ENEMY_KILL","is_daily":false,"chose_seed":false,"campfire_upgraded":1,"win_rate":0.0,"timestamp":1613483402,"path_taken":["M","M","M","M","$","E","R","M","T","M","?","E","?","E"],"items_purchased_type":["Card","Card"],"build_version":"2020-12-22","purchased_purges":0,"victory":false,"max_hp_per_floor":[70,70,70,71,71,72,72,73,73,74,74,75,75,75,75],"card_choices":[{"not_picked":["alterego_mod:Skirt","alterego_mod:HighServant"],"picked":"alterego_mod:DeftHands","floor":1},{"not_picked":["alterego_mod:Maid","alterego_mod:Bunnysuit"],"picked":"alterego_mod:GachaTicket","floor":2},{"not_picked":["alterego_mod:TrashNCrash","alterego_mod:Rip","alterego_mod:GoddessCore"],"picked":"SKIP","floor":3},{"not_picked":["alterego_mod:Pet","alterego_mod:GachaTicket"],"picked":"alterego_mod:SakuraPetals","floor":4},{"not_picked":["alterego_mod:Mirror","alterego_mod:RidiculouslyBig"],"picked":"alterego_mod:IndependentAction","floor":6},{"not_picked":["alterego_mod:Cycle","alterego_mod:Maid"],"picked":"alterego_mod:1TonWallop","floor":8},{"not_picked":["alterego_mod:BrynhildrRomantia","alterego_mod:Punishment"],"picked":"alterego_mod:IndependentAction","floor":10},{"not_picked":["alterego_mod:Cushion","alterego_mod:Cycle"],"picked":"alterego_mod:Cooking","floor":12}],"player_experience":431820,"relics_obtained":[{"floor":6,"key":"Mercury Hourglass"},{"floor":9,"key":"theSenshi:FeatherClipsRelic"},{"floor":12,"key":"Sundial"}],"event_choices":[{"damage_healed":0,"gold_gain":75,"player_choice":"Gather Gold","damage_taken":11,"max_hp_gain":0,"max_hp_loss":0,"event_name":"World of Goop","floor":11,"gold_loss":0},{"damage_healed":0,"gold_gain":0,"player_choice":"Searched \u00271\u0027 times","damage_taken":0,"relics_obtained":["Blue Candle"],"max_hp_gain":0,"max_hp_loss":0,"event_name":"Dead Adventurer","floor":13,"gold_loss":0}],"is_beta":false,"boss_relics":[],"items_purged_floors":[],"is_endless":false,"potions_floor_spawned":[4,6,8],"killed_by":"3 Sentries","ascension_level":3}}