{"host":"5p9hybygolzp0efr","time":1613458822,"event":{"mods":["AchievementEnabler","BaseMod","Bestiary","Colored Map","Minty Spire (QoL Compilation)","Permanent Neow","Relic Stats","StSLib"],"gold_per_floor":[127,152,161,188,200,218,253,253,279,279,279],"floor_reached":10,"language":"ENG","playtime":416,"items_purged":[],"score":74,"play_id":"8cca74b7-6fdb-42fb-bac7-121ad52db138","local_time":"20210216150022","is_ascension_mode":true,"campfire_choices":[{"floor":8,"key":"REST"}],"circlet_count":0,"master_deck":["Strike_B","Strike_B","Strike_B","Strike_B","Defend_B","Defend_B","Defend_B","Defend_B","Zap","Dualcast","Hologram+1","Streamline","Rainbow+1","Gash"],"relics":["Cracked Core","CeramicFish","Art of War","War Paint"],"acts_visited":["Exordium"],"potions_floor_usage":[],"damage_taken":[{"damage":0,"enemies":"2 Louse","floor":1,"turns":2},{"damage":2,"enemies":"Cultist","floor":2,"turns":4},{"damage":7,"enemies":"Small Slimes","floor":4,"turns":3},{"damage":3,"enemies":"3 Louse","floor":5,"turns":3},{"damage":10,"enemies":"Looter","floor":6,"turns":3},{"damage":28,"enemies":"3 Sentries","floor":7,"turns":8},{"damage":48,"enemies":"Gremlin Nob","floor":10,"turns":5}],"seed_played":"9105218666319180293","potions_obtained":[{"floor":2,"key":"DuplicationPotion"},{"floor":6,"key":"EssenceOfDarkness"}],"is_trial":false,"path_per_floor":["M","M","?","M","M","M","E","R","T","E"],"character_chosen":"DEFECT","items_purchased":[],"campfire_rested":1,"item_purchase_floors":[],"current_hp_per_floor":[75,73,73,66,63,53,25,47,47,0,0],"gold":279,"neow_bonus":"RANDOM_COMMON_RELIC","is_daily":false,"chose_seed":false,"campfire_upgraded":0,"win_rate":0.0,"timestamp":1613458822,"path_taken":["M","M","?","M","?","M","E","R","T","E"],"items_purchased_type":[],"build_version":"2020-12-22","purchased_purges":0,"victory":false,"max_hp_per_floor":[75,75,75,75,75,75,75,75,75,75,75],"relic_stats":{"counters":[7,28],"CeramicFish":36,"Art of War":[0],"War Paint":["Hologram","Rainbow"],"obtain_stats":[{"CeramicFish":0,"Art of War":7,"War Paint":9,"Cracked Core":0},{"CeramicFish":0,"Art of War":6,"War Paint":6,"Cracked Core":0},{"CeramicFish":0,"Art of War":23,"War Paint":23,"Cracked Core":0}]},"card_choices":[{"not_picked":["Rebound","Streamline"],"picked":"Hologram","floor":1},{"not_picked":["Redo","Leap"],"picked":"Streamline","floor":2},{"not_picked":["Compile Driver","Ball Lightning"],"picked":"Gash","floor":4},{"not_picked":["Stack","Turbo","Blizzard"],"picked":"SKIP","floor":5},{"not_picked":["Beam Cell","Recycle","Turbo"],"picked":"SKIP","floor":6},{"not_picked":["Echo Form","Steam","Rebound"],"picked":"SKIP","floor":7}],"player_experience":613551,"relics_obtained":[{"floor":7,"key":"Art of War"},{"floor":9,"key":"War Paint"}],"event_choices":[{"damage_healed":0,"gold_gain":0,"player_choice":"1 cards matched","damage_taken":0,"max_hp_gain":0,"max_hp_loss":0,"event_name":"Match and Keep!","floor":3,"gold_loss":0,"cards_obtained":["Rainbow"]}],"is_beta":false,"boss_relics":[],"items_purged_floors":[],"is_endless":false,"potions_floor_spawned":[2,6],"killed_by":"Gremlin Nob","ascension_level":1}}