{"host":"8yon5n5je7lh4vc0","time":1613494226,"event":{"mods":["AchievementEnabler","BaseMod","Downfall","Highlight Path","Hubris","Minty Spire (QoL Compilation)","Quick Restart","Replay The Spire","Shop Mod","Spicy Shops","StSLib","The Jungle","óô»ðÖ¸ÄÏ"],"gold_per_floor":[111,29,39,51,71,71,71,87,114,114,124,124,124,135,57,159,159,174,187,187,187],"floor_reached":20,"language":"ZHS","playtime":2130,"items_purged":[],"score":176,"play_id":"75c62b11-4e6d-4604-875d-ba40db690b1b","local_time":"20210217005026","is_ascension_mode":true,"campfire_choices":[{"data":"ReplayTheSpireMod:Strike From Hell","floor":6.0,"key":"SMITH"},{"data":"Dark Embrace","floor":10.0,"key":"SMITH"},{"data":"Purity","floor":13.0,"key":"SMITH"}],"circlet_count":0,"master_deck":["Strike_R","Strike_R","Strike_R","Strike_R","Strike_R","Defend_R","Defend_R","Defend_R","Bash","ReplayTheSpireMod:Strike From Hell+1","Purity+1","Run Through","Seeing Red","ReplayReversal","Dark Embrace+1","Replay:Many Hands","Pain","Bloodletting","Warcry+1","Fiend Fire","Ghostly Armor","Replay:Undeath\u0027s Touch"],"relics":["Burning Blood","Orichalcum","Gremlin Food","WarpedTongs","hubris:VirtuousBlindfold"],"acts_visited":["Exordium","Exordium"],"potions_floor_usage":[20],"damage_taken":[{"damage":1.0,"enemies":"Jaw Worm","floor":1.0,"turns":3.0},{"damage":0.0,"enemies":"Cultist","floor":3.0,"turns":3.0},{"damage":0.0,"enemies":"Small Slimes","floor":4.0,"turns":3.0},{"damage":7.0,"enemies":"Gremlin Gang","floor":5.0,"turns":5.0},{"damage":4.0,"enemies":"Looter","floor":8.0,"turns":3.0},{"damage":7.0,"enemies":"2 Fungi Beasts","floor":11.0,"turns":5.0},{"damage":3.0,"enemies":"3 Louse","floor":14.0,"turns":3.0},{"damage":68.0,"enemies":"Hexaghost","floor":16.0,"turns":9.0},{"damage":33.0,"enemies":"theJungle:GiantWrat","floor":18.0,"turns":5.0},{"damage":15.0,"enemies":"Shell Parasite","floor":19.0,"turns":3.0},{"damage":44,"enemies":"theJungle:2_Snecko_Cultists","floor":20,"turns":4}],"seed_played":"7286279725467691027","potions_obtained":[{"floor":4.0,"key":"LiquidBronze"},{"floor":5.0,"key":"champ:CounterPotion"},{"floor":8.0,"key":"SteroidPotion"},{"floor":14.0,"key":"Block Potion"},{"floor":16.0,"key":"Adrenaline Potion"}],"is_trial":false,"path_per_floor":["M","$","M","M","M","R","?","M","T","R","M","?","R","M","R","B",null,"M","M","M"],"character_chosen":"IRONCLAD","items_purchased":["Purity","Warcry+1"],"campfire_rested":0,"item_purchase_floors":[2,15],"current_hp_per_floor":[80,80,80,80,79,79,79,80,80,80,79,79,79,80,80,18,80,53,44,0,0],"gold":187,"neow_bonus":"RANDOM_COMMON_RELIC","is_daily":false,"chose_seed":false,"campfire_upgraded":3,"win_rate":0.0,"timestamp":1613494226,"path_taken":["M","$","M","M","M","R","?","?","T","R","?","?","R","M","R","BOSS","M","M","?"],"items_purchased_type":["Card","Card"],"build_version":"2020-12-22","purchased_purges":0,"victory":false,"max_hp_per_floor":[80,80,80,80,80,80,80,80,80,80,80,80,80,80,80,80,80,80,80,80,80],"card_choices":[{"not_picked":["Replay:Undeath\u0027s Touch","Clothesline"],"picked":"ReplayTheSpireMod:Strike From Hell","floor":1.0},{"not_picked":["Anger","Heavy Blade"],"picked":"Run Through","floor":3.0},{"not_picked":["Whirlwind","Power Through"],"picked":"Seeing Red","floor":4.0},{"not_picked":["Armaments","Searing Blow"],"picked":"ReplayReversal","floor":5.0},{"not_picked":["Shrug It Off","Pommel Strike"],"picked":"Dark Embrace","floor":8.0},{"not_picked":["Anger","Bloodletting"],"picked":"Replay:Many Hands","floor":11.0},{"not_picked":["Perfected Strike","Flex"],"picked":"Bloodletting","floor":14.0},{"not_picked":["Brutality","Berserk"],"picked":"Fiend Fire","floor":16.0},{"not_picked":["Battle Trance","Pommel Strike"],"picked":"Ghostly Armor","floor":18.0},{"not_picked":["Flex","Reckless Charge"],"picked":"Replay:Undeath\u0027s Touch","floor":19.0}],"player_experience":29962,"relics_obtained":[{"floor":9.0,"key":"Gremlin Food"}],"event_choices":[{"cards_removed":["Defend_R"],"damage_healed":0.0,"max_hp_gain":0.0,"max_hp_loss":0.0,"gold_gain":0.0,"event_name":"Purifier","player_choice":"Purged","floor":7.0,"gold_loss":0.0,"damage_taken":0.0},{"damage_healed":0.0,"max_hp_gain":0.0,"max_hp_loss":0.0,"gold_gain":0.0,"event_name":"Accursed Blacksmith","player_choice":"Rummage","floor":12.0,"gold_loss":0.0,"damage_taken":0.0,"relics_obtained":["WarpedTongs"],"cards_obtained":["Pain"]}],"is_beta":false,"boss_relics":[{"not_picked":["Astrolabe","Kintsugi"],"picked":"hubris:VirtuousBlindfold"}],"items_purged_floors":[],"is_endless":false,"potions_floor_spawned":[4,5,8,14,16],"killed_by":"theJungle:2_Snecko_Cultists","ascension_level":1}}