{"host":"xo0glkmxta74xh34","time":1613514146,"event":{"mods":["BaseMod","Downfall","Minty Spire (QoL Compilation)","Reliquary","Replay The Spire","StSLib"],"gold_per_floor":[114,114,129,129,144,144,183,198,198,222,126,149,149,181,181,298,398,421,421,471,494,698,698,448,463,488,556,556,606,627,377,377,500,527,556,584,618,668,756,756,791,821,821,848,968,1008,386,386,386,396],"floor_reached":51,"language":"ENG","playtime":2511,"items_purged":["Spreading Infection","Voices"],"score":948,"play_id":"fc777fcc-b858-4740-a928-0b3874ffa84b","local_time":"20210216162226","daily_mods":["downfall:Improvised","Green Cards","Night Terrors"],"is_ascension_mode":false,"campfire_choices":[{"floor":6.0,"key":"REST"},{"floor":13.0,"key":"REST"},{"data":"Fluid Movement","floor":15.0,"key":"SMITH"},{"data":"Atom Bomb","floor":23.0,"key":"SMITH"},{"data":"hexamod:Toasty","floor":28,"key":"SMITH"},{"data":"sneckomod:UnknownUncommonPower","floor":32,"key":"SMITH"},{"floor":40,"key":"REST"},{"data":"ReplayTheSpireMod:Brewmster","floor":49,"key":"SMITH"}],"circlet_count":0,"master_deck":["hexamod:Strike","hexamod:Strike+1","hexamod:Strike","hexamod:Strike","hexamod:Defend","hexamod:Defend","hexamod:Defend","hexamod:Defend+1","hexamod:Float","sneckomod:UnknownCommonSkill","sneckomod:UnknownUncommonAttack","sneckomod:UnknownUncommonSkill","sneckomod:UnknownUncommonPower+1","sneckomod:Unknown","hexamod:EmpoweredFlame+1","hexamod:Toasty+1","hexamod:SecondSeal","Fluid Movement+1","hexamod:FourthSeal","hexamod:WildfireWeapon","CurseOfTheBell","CurseOfTheBell","Hallucinations","ReplayTheSpireMod:Faulty Equipment","Atom Bomb+1","Corpse Explosion","Clumsy","CommonCold","ReplayTheSpireMod:Faulty Equipment","hexamod:FifthSeal","Parasite","hexamod:SixthSeal","hexamod:SixthSeal","ReplayTheSpireMod:Splinters","Backstab","ReplayTheSpireMod:Brewmster+1"],"relics":["hexamod:SpiritBrand","Toy Ornithopter","CeramicFish","Mummified Hand","Art of War","ReplayTheSpireMod:CursedCoin","MealTicket","Replay:Wanted Poster","SsserpentHead","downfall:ExtraCursedBell","Replay:Baseball","Matryoshka","Du-Vu Doll","ClockworkSouvenir","PreservedInsect","Replay:Bandana","Bottled Flame","hexamod:CandleOfCauterizing","Replay:Ancient Bell","hexamod:BolsterEngine","Darkstone Periapt","Torii","Regal Pillow","reliquary:FeatherDuster","Juzu Bracelet","Guardian:GemstoneGun","Anchor"],"acts_visited":["Exordium","TheCity","TheBeyond"],"potions_floor_usage":[27,33,33,33,37,50,50,50,50,50,50,50,50],"damage_taken":[{"damage":0.0,"enemies":"Small Slimes","floor":1.0,"turns":3.0},{"damage":1.0,"enemies":"Jaw Worm","floor":3.0,"turns":3.0},{"damage":0.0,"enemies":"Cultist","floor":5.0,"turns":2.0},{"damage":26.0,"enemies":"Gremlin Nob","floor":7.0,"turns":5.0},{"damage":16.0,"enemies":"3 Louse","floor":8.0,"turns":3.0},{"damage":0.0,"enemies":"2 Fungi Beasts","floor":10.0,"turns":3.0},{"damage":3.0,"enemies":"Exordium Wildlife","floor":12.0,"turns":4.0},{"damage":0.0,"enemies":"Gremlin Gang","floor":14.0,"turns":4.0},{"damage":14.0,"enemies":"Fading Forest","floor":16.0,"turns":11.0},{"damage":21.0,"enemies":"Shell Parasite","floor":18.0,"turns":5.0},{"damage":9.0,"enemies":"Spheric Guardian","floor":21.0,"turns":5.0},{"damage":0.0,"enemies":"Snake Plant","floor":25.0,"turns":1.0},{"damage":0,"enemies":"Gremlin Leader","floor":27,"turns":3},{"damage":0,"enemies":"Shelled Parasite and Fungi","floor":30,"turns":2},{"damage":42,"enemies":"Pondfish","floor":33,"turns":8},{"damage":33,"enemies":"3 Darklings","floor":35,"turns":4},{"damage":0,"enemies":"Orb Walker","floor":36,"turns":1},{"damage":7,"enemies":"Writhing Mass","floor":37,"turns":3},{"damage":22,"enemies":"Maw","floor":39,"turns":5},{"damage":0,"enemies":"Spire Growth","floor":41,"turns":3},{"damage":1,"enemies":"4 Shapes","floor":42,"turns":4},{"damage":10,"enemies":"Sphere and 2 Shapes","floor":44,"turns":2},{"damage":0,"enemies":"Spire Growth","floor":46,"turns":3},{"damage":55,"enemies":"Donu and Deca","floor":50,"turns":7}],"seed_played":"2711566965655028651","potions_obtained":[{"floor":1.0,"key":"Block Potion"},{"floor":8.0,"key":"ColorlessPotion"},{"floor":12.0,"key":"SteroidPotion"},{"floor":16.0,"key":"hexamod:SoulburnPotion"},{"floor":18.0,"key":"Dexterity Potion"},{"floor":21.0,"key":"Dexterity Potion"},{"floor":25.0,"key":"Venom Potion"},{"floor":30,"key":"Swift Potion"},{"floor":35,"key":"SmokeBomb"},{"floor":36,"key":"SkillPotion"},{"floor":37,"key":"Toxic Potion"},{"floor":39,"key":"Cursed Concoction"},{"floor":42,"key":"Doom Potion"}],"is_trial":false,"path_per_floor":["M","?","M","T","M","R","E","M","T","M","$","M","R","M","R","B",null,"M","?","$","M","?","R","$","M","T","E","R","?","M","$","R","B",null,"M","M","M","?","M","R","M","M","T","M","?","M","$","$","R","B",null],"character_chosen":"THE_SPIRIT","items_purchased":["ReplayTheSpireMod:CursedCoin","MealTicket","Fluid Movement","ClockworkSouvenir","hexamod:CandleOfCauterizing","Guardian:GemstoneGun","Anchor","PowerPotion","ReplayTheSpireMod:Brewmster"],"campfire_rested":3,"item_purchase_floors":[11,11,11,24,31,47,47,47,47],"current_hp_per_floor":[70,58,57,57,57,65,39,23,23,23,23,20,60,60,60,52,60,39,39,54,50,55,55,65,65,65,65,65,65,65,65,65,27,83,50,50,54,54,32,84,84,83,83,73,79,79,90,90,90,60],"gold":396,"neow_bonus":"","is_daily":true,"chose_seed":false,"campfire_upgraded":5,"win_rate":0.0,"timestamp":1613514146,"path_taken":["M","?","M","?","M","R","E","M","T","M","$","M","R","M","R","BOSS","M","?","?","M","?","R","$","M","T","E","R","?","M","$","R","BOSS","M","M","M","?","?","R","M","M","T","M","?","M","?","$","R","BOSS"],"items_purchased_type":["Relic","Relic","Card","Relic","Relic","Relic","Relic","Potion","Card"],"build_version":"2020-12-22","purchased_purges":2,"victory":true,"max_hp_per_floor":[70,70,70,70,70,65,65,65,65,65,65,65,60,60,60,60,60,60,60,60,60,65,65,65,65,65,65,65,65,65,65,65,65,83,83,83,89,89,89,84,84,84,84,84,90,90,90,90,90,90],"card_choices":[{"not_picked":["hexamod:BurningTouch","hexamod:SpectersWail"],"picked":"hexamod:EmpoweredFlame","floor":1.0},{"not_picked":["hexamod:Incineration","hexamod:GhostOfSpirePast","Acrobatics"],"picked":"SKIP","floor":3.0},{"not_picked":["Sucker Punch","Quick Slash","hexamod:GhostShield"],"picked":"SKIP","floor":5.0},{"not_picked":["Setup","hexamod:PowerFromBeyond"],"picked":"hexamod:Toasty","floor":7.0},{"not_picked":["hexamod:RetreatToShadows","Cloak And Dagger","hexamod:SpectersWail"],"picked":"SKIP","floor":8.0},{"not_picked":["hexamod:GhostShield","Flying Knee"],"picked":"hexamod:SecondSeal","floor":10.0},{"not_picked":["Outmaneuver","hexamod:RetreatToShadows","hexamod:HauntingEcho"],"picked":"SKIP","floor":12.0},{"not_picked":["hexamod:PhantomFireball","hexamod:BacktrackSmack"],"picked":"hexamod:FourthSeal","floor":14.0},{"not_picked":["Die Die Die","hexamod:GhostflameInferno"],"picked":"hexamod:WildfireWeapon","floor":16.0},{"not_picked":["hexamod:BurningTouch","hexamod:PhantomCloak","Dodge and Roll"],"picked":"SKIP","floor":18.0},{"not_picked":["Deflect","hexamod:GhostLash","Flying Knee"],"picked":"SKIP","floor":21.0},{"not_picked":["Dagger Throw+1","hexamod:SwordOfDarkness","All Out Attack"],"picked":"SKIP","floor":25.0},{"not_picked":["Dagger Spray","Deflect","hexamod:Firestarter"],"picked":"SKIP","floor":27},{"not_picked":["hexamod:InspiringFlames","Phantasmal Killer","hexamod:SwordOfDarkness"],"picked":"SKIP","floor":30},{"not_picked":["Die Die Die","Burst"],"picked":"Corpse Explosion","floor":33},{"not_picked":["CommonCold","Hallucinations"],"picked":"Clumsy","floor":34},{"not_picked":["Languid","ReplayTheSpireMod:IOU"],"picked":"CommonCold","floor":34},{"not_picked":["Writhe","Doubt"],"picked":"ReplayTheSpireMod:Faulty Equipment","floor":34},{"not_picked":["hexamod:SwordOfDarkness+1","Flying Knee","Dodge and Roll+1"],"picked":"SKIP","floor":35},{"not_picked":["hexamod:HeatMetal+1","Outmaneuver+1"],"picked":"hexamod:FifthSeal","floor":36},{"not_picked":["PiercingWail","Calculated Gamble","Quick Slash"],"picked":"SKIP","floor":37},{"not_picked":["hexamod:ThirdSeal","hexamod:FourthSeal"],"picked":"hexamod:SixthSeal","floor":39},{"not_picked":["hexamod:SwordOfDarkness+1","hexamod:NecessarySacrifice+1","Distraction+1"],"picked":"SKIP","floor":39},{"not_picked":["hexamod:GhostOfSpireFuture+1","hexamod:GhostOfSpirePast","hexamod:FlamesFromBeyond+1"],"picked":"SKIP","floor":41},{"not_picked":["hexamod:FirstSeal","hexamod:ThirdSeal"],"picked":"hexamod:SixthSeal","floor":42},{"not_picked":["hexamod:NightmareGuise+1","hexamod:RadiantFlame+1","Calculated Gamble+1"],"picked":"SKIP","floor":42},{"not_picked":["ReplayTheSpireMod:The Works","Deflect+1","Dagger Throw+1"],"picked":"SKIP","floor":44},{"not_picked":["Hidden Blade","Quick Slash+1"],"picked":"Backstab","floor":46}],"player_experience":498952,"relics_obtained":[{"floor":4.0,"key":"CeramicFish"},{"floor":7.0,"key":"Mummified Hand"},{"floor":9.0,"key":"Art of War"},{"floor":22.0,"key":"Replay:Baseball"},{"floor":22.0,"key":"Matryoshka"},{"floor":22.0,"key":"Du-Vu Doll"},{"floor":26.0,"key":"PreservedInsect"},{"floor":26.0,"key":"Replay:Bandana"},{"floor":27,"key":"Bottled Flame"},{"floor":43,"key":"Regal Pillow"},{"floor":43,"key":"reliquary:FeatherDuster"},{"floor":45,"key":"Juzu Bracelet"}],"event_choices":[{"damage_healed":0.0,"max_hp_gain":0.0,"max_hp_loss":0.0,"gold_gain":0.0,"event_name":"Scrap Ooze","player_choice":"Success","floor":2.0,"gold_loss":0.0,"damage_taken":12.0,"relics_obtained":["Toy Ornithopter"]},{"damage_healed":0.0,"max_hp_gain":0.0,"max_hp_loss":0.0,"gold_gain":0.0,"event_name":"FaceTrader","player_choice":"Trade","floor":19.0,"gold_loss":0.0,"damage_taken":0.0,"relics_obtained":["SsserpentHead"]},{"damage_healed":0,"gold_gain":0,"player_choice":"Ignored","damage_taken":0,"max_hp_gain":0,"max_hp_loss":0,"event_name":"Vampires","floor":29,"gold_loss":0},{"damage_healed":0,"gold_gain":0,"player_choice":"Ignored","damage_taken":0,"max_hp_gain":0,"max_hp_loss":0,"event_name":"Fountain of Cleansing","floor":38,"gold_loss":0}],"is_beta":false,"boss_relics":[{"not_picked":["reliquary:Ember","Busted Crown"],"picked":"Replay:Wanted Poster"},{"not_picked":["Runic Pyramid","Cursed Key"],"picked":"Replay:Ancient Bell"},{"not_picked":["Oddly Smooth Stone","ReplayTheSpireMod:TigerMarble"],"picked":"hexamod:BolsterEngine"},{"not_picked":["Question Card","Chameleon Ring"],"picked":"Darkstone Periapt"},{"not_picked":["Prayer Wheel","Peace Pipe"],"picked":"Torii"}],"items_purged_floors":[11,24],"is_endless":false,"potions_floor_spawned":[1,8,12,14,25,36,37,39,46],"ascension_level":0}}