{"host":"f76wcztdlwlduum6","time":1613438164,"event":{"mods":["BaseMod","BetterRewards","Colored Powertips","Minty Spire (QoL Compilation)","Quick Restart","Rare Cards Sparkle","Relic Stats","StSLib","SuperFastMode","everything is the same but u backflip on backflip"],"gold_per_floor":[119,44,56,73,73,100,100,119,119,119,129,142,169,184,184,184,184],"floor_reached":16,"language":"ENG","playtime":383,"items_purged":["Strike_B"],"score":228,"play_id":"50de2b4b-0064-47b1-b61e-70d94f7c3f42","local_time":"20210215191604","is_ascension_mode":true,"campfire_choices":[{"data":"Reboot","floor":7,"key":"SMITH"},{"data":"Dualcast","floor":10,"key":"SMITH"},{"floor":15,"key":"REST"}],"circlet_count":0,"master_deck":["AscendersBane","Strike_B","Strike_B","Strike_B","Defend_B","Defend_B","Defend_B","Defend_B","Zap+1","Dualcast+1","Cold Snap","Compile Driver","Reboot+1","Barrage","Conserve Battery","Reinforced Body","Cold Snap","Core Surge"],"relics":["Cracked Core","NeowsBlessing","Mercury Hourglass","Gremlin Horn","Tiny Chest"],"acts_visited":["Exordium"],"potions_floor_usage":[6,6,11],"damage_taken":[{"damage":0,"enemies":"Cultist","floor":1,"turns":1},{"damage":0,"enemies":"Jaw Worm","floor":3,"turns":1},{"damage":0,"enemies":"2 Louse","floor":4,"turns":1},{"damage":29,"enemies":"Lagavulin","floor":6,"turns":5},{"damage":7,"enemies":"Large Slime","floor":8,"turns":4},{"damage":1,"enemies":"Exordium Thugs","floor":11,"turns":2},{"damage":1,"enemies":"Blue Slaver","floor":12,"turns":2},{"damage":21,"enemies":"3 Sentries","floor":13,"turns":5},{"damage":0,"enemies":"3 Louse","floor":14,"turns":2},{"damage":29,"enemies":"Slime Boss","floor":16,"turns":3}],"seed_played":"-1215755244448987091","potions_obtained":[{"floor":1,"key":"SkillPotion"},{"floor":4,"key":"PowerPotion"},{"floor":6,"key":"DistilledChaos"}],"is_trial":false,"path_per_floor":["M","$","M","M","?","E","R","M","T","R","M","M","E","M","R","B"],"character_chosen":"DEFECT","items_purchased":[],"campfire_rested":1,"item_purchase_floors":[],"current_hp_per_floor":[64,64,64,64,64,35,35,28,28,28,27,26,5,5,26,0,0],"gold":184,"neow_bonus":"THREE_ENEMY_KILL","is_daily":false,"chose_seed":false,"campfire_upgraded":2,"win_rate":0.0,"timestamp":1613438164,"path_taken":["M","?","M","?","?","E","R","M","T","R","M","?","E","M","R","BOSS"],"items_purchased_type":[],"build_version":"2020-12-22","purchased_purges":1,"victory":false,"max_hp_per_floor":[71,71,71,71,71,71,71,71,71,71,71,71,71,71,71,71,71],"relic_stats":{"Gremlin Horn":[5,5],"counters":[10,25],"Tiny Chest":0,"obtain_stats":[{"NeowsBlessing":0,"Gremlin Horn":9,"Tiny Chest":13,"Cracked Core":0,"Mercury Hourglass":6},{"NeowsBlessing":0,"Gremlin Horn":5,"Tiny Chest":8,"Cracked Core":0,"Mercury Hourglass":4},{"NeowsBlessing":0,"Gremlin Horn":11,"Tiny Chest":20,"Cracked Core":0,"Mercury Hourglass":8}],"Mercury Hourglass":[89]},"card_choices":[{"not_picked":["Blizzard","Leap","Lockon"],"picked":"SKIP","floor":1},{"not_picked":["Turbo","Streamline"],"picked":"Cold Snap","floor":3},{"not_picked":["Streamline","Turbo"],"picked":"Compile Driver","floor":4},{"not_picked":["Heatsinks","Beam Cell"],"picked":"Reboot","floor":6},{"not_picked":["Beam Cell","Go for the Eyes"],"picked":"Barrage","floor":8},{"not_picked":["Compile Driver","Steam"],"picked":"Conserve Battery","floor":11},{"not_picked":["Compile Driver","Leap"],"picked":"Reinforced Body","floor":12},{"not_picked":["White Noise","Undo"],"picked":"Cold Snap","floor":13},{"not_picked":["Rebound","Turbo"],"picked":"Core Surge","floor":14}],"player_experience":331513,"relics_obtained":[{"floor":6,"key":"Mercury Hourglass"},{"floor":9,"key":"Gremlin Horn"},{"floor":13,"key":"Tiny Chest"}],"event_choices":[{"damage_healed":0,"gold_gain":0,"player_choice":"Upgraded","damage_taken":0,"max_hp_gain":0,"max_hp_loss":0,"event_name":"Upgrade Shrine","floor":5,"gold_loss":0,"cards_upgraded":["Zap"]}],"is_beta":false,"boss_relics":[],"items_purged_floors":[2],"is_endless":false,"potions_floor_spawned":[1,4,6],"killed_by":"Slime Boss","ascension_level":20}}