{"host":"0mk07bycsqo1qk03","time":1613497686,"event":{"mods":["BaseMod","Downfall","Hermit","Hubris","Minty Spire (QoL Compilation)","Reliquary","Replay The Spire","StSLib"],"gold_per_floor":[14,66,82,82,7,7,38,58,58,58,58,75,145,173,173,247,247,258,258,276,276,11,43,43,78,102,102,113,113,126,142,142,142,142],"floor_reached":33,"language":"ENG","playtime":1475,"items_purged":["Pain","downfall:Bewildered"],"score":635,"play_id":"a41fc26d-8477-4858-86ce-3fc4b2d8c028","local_time":"20210216184806","is_ascension_mode":true,"campfire_choices":[{"data":"ReplayTheSpireMod:Speed Training","floor":6.0,"key":"SMITH"},{"floor":27,"key":"REST"},{"data":"Cloak And Dagger","floor":32,"key":"SMITH"}],"circlet_count":0,"master_deck":["AscendersBane","Strike_G+1","Strike_G+1","Strike_G+1","Strike_G+1","Defend_G+1","Defend_G+1","Defend_G+1","Defend_G+1","Survivor","Neutralize","ReplayTheSpireMod:Speed Training+1","Prepared","Cloak And Dagger+1","Leg Sweep","Blur","Poisoned Stab","Blade Dance+1","Flying Knee","Acrobatics","Adrenaline","Blade Dance+1","Sucker Punch","Masterful Stab","Dodge and Roll","Tools of the Trade"],"relics":["Ring of the Snake","Du-Vu Doll","Replay:Bottled Flurry","Boot","hubris:Metronome","Replay:Bottled Steam","reliquary:ExpiredCoupon","reliquary:ThirdArm","sneckomod:BabySnecko","ClockworkSouvenir","reliquary:Spinner","reliquary:BoilingFlask","Centennial Puzzle","reliquary:TridentHead","ReplayTheSpireMod:Lightbulb"],"acts_visited":["Exordium","TheCity"],"potions_floor_usage":[23,25,33,33],"damage_taken":[{"damage":0.0,"enemies":"Jaw Worm","floor":1.0,"turns":5.0},{"damage":5.0,"enemies":"Small Slimes","floor":3.0,"turns":4.0},{"damage":23.0,"enemies":"Lagavulin","floor":7.0,"turns":10.0},{"damage":0.0,"enemies":"Cultist","floor":8.0,"turns":4.0},{"damage":0.0,"enemies":"Gremlin Nob","floor":11.0,"turns":2.0},{"damage":1.0,"enemies":"Large Slime","floor":12.0,"turns":9.0},{"damage":4.0,"enemies":"3 Sentries","floor":14.0,"turns":7.0},{"damage":0,"enemies":"Slime Boss","floor":16,"turns":7},{"damage":0,"enemies":"Spheric Guardian","floor":18,"turns":3},{"damage":0,"enemies":"3 Byrds","floor":20,"turns":4},{"damage":17,"enemies":"Gremlin Leader","floor":23,"turns":4},{"damage":5,"enemies":"Replay:Snechameleon","floor":25,"turns":3},{"damage":0,"enemies":"3 Cultists","floor":28,"turns":2},{"damage":2,"enemies":"Snake Plant","floor":30,"turns":3},{"damage":0,"enemies":"Snecko","floor":31,"turns":3},{"damage":28,"enemies":"Pondfish","floor":33,"turns":13}],"seed_played":"-6999425613743478182","potions_obtained":[{"floor":2.0,"key":"SmokeBomb"},{"floor":3.0,"key":"sneckomod:MuddlingPotion"},{"floor":8.0,"key":"Energy Potion"},{"floor":12.0,"key":"CunningPotion"},{"floor":16,"key":"PowerPotion"},{"floor":18,"key":"Explosive Potion"},{"floor":23,"key":"Adrenaline Potion"},{"floor":25,"key":"hexamod:SoulburnPotion"},{"floor":30,"key":"GhostInAJar"}],"is_trial":false,"path_per_floor":["M","?","M","?","$","R","E","M","T","?","E","M","T","E","R","B",null,"M","?","M","?","$","E","$","E","T","R","M","?","M","M","R","B"],"character_chosen":"THE_SILENT","items_purchased":["ClockworkSouvenir","reliquary:BoilingFlask","Centennial Puzzle"],"campfire_rested":1,"item_purchase_floors":[22,24,24],"current_hp_per_floor":[59,59,54,54,54,54,31,31,31,31,31,30,30,26,26,26,56,56,56,56,56,56,39,12,7,7,26,26,26,24,24,24,0,0],"gold":142,"neow_bonus":"ONE_RARE_RELIC","is_daily":false,"chose_seed":false,"campfire_upgraded":2,"win_rate":0.0,"timestamp":1613497686,"path_taken":["M","?","?","?","$","R","E","M","T","?","E","M","?","E","R","BOSS","M","?","M","?","$","E","?","E","T","R","?","?","?","M","R","BOSS"],"items_purchased_type":["Relic","Relic","Relic"],"build_version":"2020-12-22","purchased_purges":2,"victory":false,"max_hp_per_floor":[66,66,66,66,66,66,66,66,66,66,66,66,66,66,66,66,66,66,66,66,66,66,66,66,66,66,66,66,66,66,66,66,66,66],"card_choices":[{"not_picked":["Prepared","Flying Knee"],"picked":"ReplayTheSpireMod:Speed Training","floor":1.0},{"not_picked":["Infinite Blades","Escape Plan"],"picked":"Prepared","floor":2.0},{"not_picked":["Blade Dance","Underhanded Strike"],"picked":"Cloak And Dagger","floor":3.0},{"not_picked":["Bane","Hidden Blade"],"picked":"Leg Sweep","floor":7.0},{"not_picked":["Crippling Poison","Sucker Punch"],"picked":"Blur","floor":8.0},{"not_picked":["Outmaneuver","Tactician"],"picked":"Blade Dance","floor":12.0},{"not_picked":["Choke","Sucker Punch"],"picked":"Flying Knee","floor":14.0},{"not_picked":["Burst","Malaise"],"picked":"Adrenaline","floor":16},{"not_picked":["Caltrops","Flying Knee+1"],"picked":"Blade Dance+1","floor":18},{"not_picked":["Deflect","Toxin Wave","Flying Knee"],"picked":"SKIP","floor":20},{"not_picked":["Prepared","Leg Sweep"],"picked":"Sucker Punch","floor":23},{"not_picked":["Phantasmal Killer","Underhanded Strike"],"picked":"Masterful Stab","floor":25},{"not_picked":["Outmaneuver","Sucker Punch"],"picked":"Dodge and Roll","floor":28},{"not_picked":["Flying Knee+1","Hidden Blade"],"picked":"Tools of the Trade","floor":30},{"not_picked":["Bane","Dagger Spray","Acrobatics+1"],"picked":"SKIP","floor":31}],"player_experience":1042699,"relics_obtained":[{"floor":2.0,"key":"Replay:Bottled Flurry"},{"floor":7.0,"key":"Boot"},{"floor":9.0,"key":"hubris:Metronome"},{"floor":13.0,"key":"Replay:Bottled Steam"},{"floor":14.0,"key":"reliquary:ExpiredCoupon"},{"floor":23,"key":"reliquary:Spinner"},{"floor":25,"key":"reliquary:TridentHead"},{"floor":26,"key":"ReplayTheSpireMod:Lightbulb"}],"event_choices":[{"damage_healed":0.0,"max_hp_gain":0.0,"max_hp_loss":0.0,"gold_gain":0.0,"cards_transformed":["Strike_G"],"event_name":"Living Wall","player_choice":"Change","floor":10.0,"gold_loss":0.0,"damage_taken":0.0,"cards_obtained":["Poisoned Stab"]},{"damage_healed":0,"gold_gain":0,"player_choice":"Simplicity","damage_taken":0,"max_hp_gain":0,"max_hp_loss":0,"event_name":"Back to Basics","floor":19,"gold_loss":0,"cards_upgraded":["Strike_G","Strike_G","Strike_G","Defend_G","Defend_G","Defend_G","Defend_G"]},{"damage_healed":0,"gold_gain":0,"player_choice":"Upgraded","damage_taken":0,"max_hp_gain":0,"max_hp_loss":0,"event_name":"Upgrade Shrine","floor":29,"gold_loss":0,"cards_upgraded":["Blade Dance"]}],"is_beta":false,"boss_relics":[{"not_picked":["ChewingGum","bronze:MakeshiftBattery"],"picked":"reliquary:ThirdArm"}],"items_purged_floors":[5,22],"is_endless":false,"potions_floor_spawned":[3,8,12,16,18,23,25,30],"killed_by":"Pondfish","ascension_level":16}}