{"host":"gnfs9pc52tj5b2xa","time":1613435359,"event":{"mods":["BaseMod","Minty Spire (QoL Compilation)","Relic Sorter","Relic Stats","Slay the Relics Exporter","ojb\u0027s Better Paths Mod","ojb\u0027s Info Mod"],"gold_per_floor":[109,20,39,56,67,94,116,128,140,168,180,225,237,276,288,371,383,411,449,461,489,511,555,567,579,591,630,669,681,706,733,745,831,843,870,896,833,865,887,934,972,1011,1050,1062,311,336,48,67,67,67,67,67,67,17,52,52],"floor_reached":57,"language":"ENG","playtime":5514,"items_purged":["Strike_R","Strike_R"],"score":3339,"play_id":"ddd08f21-1a98-4be9-bcad-2e03731926de","local_time":"20210215162919","is_ascension_mode":true,"campfire_choices":[{"data":"Armaments","floor":8.0,"key":"SMITH"},{"data":"Immolate","floor":11.0,"key":"SMITH"},{"data":"Dramatic Entrance","floor":15.0,"key":"SMITH"},{"floor":25.0,"key":"REST"},{"data":"Dual Wield","floor":29.0,"key":"SMITH"},{"data":"Immolate","floor":32.0,"key":"SMITH"},{"data":"Uppercut","floor":44,"key":"SMITH"},{"floor":49,"key":"RECALL"},{"data":"Disarm","floor":53,"key":"SMITH"}],"circlet_count":0,"master_deck":["AscendersBane","Defend_R","Defend_R","Defend_R","Defend_R","Bash+1","Clothesline","Dramatic Entrance+1","Twin Strike","Armaments+1","Cleave","Immolate+1","Disarm+1","Brutality+1","Dual Wield+1","Sever Soul","Immolate+1","Barricade+1","Uppercut+1","Feel No Pain+1","Havoc","Fiend Fire","Carnage+1","Shockwave+1","Carnage+1","Feel No Pain+1","Flame Barrier","Dark Embrace+1"],"relics":["Burning Blood","MawBank","White Beast Statue","Sundial","Tiny Chest","Frozen Egg 2","Snecko Eye","Happy Flower","Gambling Chip","Anchor","Question Card","Coffee Dripper","WingedGreaves","Orichalcum","Smiling Mask","Vajra","DollysMirror","Self Forming Clay","Ornamental Fan","Blood Vial","Mummified Hand","Art of War"],"acts_visited":["Exordium","TheCity","TheBeyond","TheEnding"],"potions_floor_usage":[41,50,56,56],"damage_taken":[{"damage":19.0,"enemies":"Small Slimes","floor":1.0,"turns":5.0},{"damage":0.0,"enemies":"Cultist","floor":3.0,"turns":2.0},{"damage":0.0,"enemies":"2 Louse","floor":4.0,"turns":3.0},{"damage":10.0,"enemies":"Red Slaver","floor":5.0,"turns":2.0},{"damage":35.0,"enemies":"3 Sentries","floor":6.0,"turns":9.0},{"damage":1.0,"enemies":"Large Slime","floor":7.0,"turns":5.0},{"damage":10.0,"enemies":"Gremlin Gang","floor":10.0,"turns":2.0},{"damage":10.0,"enemies":"Lagavulin","floor":12.0,"turns":7.0},{"damage":5.0,"enemies":"3 Sentries","floor":14.0,"turns":2.0},{"damage":0.0,"enemies":"Slime Boss","floor":16.0,"turns":7.0},{"damage":28.0,"enemies":"2 Thieves","floor":18.0,"turns":3.0},{"damage":27.0,"enemies":"Shell Parasite","floor":21.0,"turns":4.0},{"damage":6.0,"enemies":"3 Cultists","floor":22.0,"turns":4.0},{"damage":11.0,"enemies":"Slavers","floor":23.0,"turns":2.0},{"damage":4.0,"enemies":"Gremlin Leader","floor":27.0,"turns":4.0},{"damage":0.0,"enemies":"Shelled Parasite and Fungi","floor":30.0,"turns":1.0},{"damage":11.0,"enemies":"Centurion and Healer","floor":31.0,"turns":5.0},{"damage":30.0,"enemies":"Automaton","floor":33.0,"turns":6.0},{"damage":1.0,"enemies":"3 Shapes","floor":35.0,"turns":3.0},{"damage":0,"enemies":"3 Darklings","floor":36,"turns":2},{"damage":0,"enemies":"Jaw Worm Horde","floor":38,"turns":2},{"damage":0,"enemies":"Spire Growth","floor":39,"turns":4},{"damage":4,"enemies":"Giant Head","floor":40,"turns":5},{"damage":0,"enemies":"Reptomancer","floor":41,"turns":2},{"damage":4,"enemies":"Giant Head","floor":42,"turns":4},{"damage":16,"enemies":"Nemesis","floor":46,"turns":9},{"damage":4,"enemies":"Writhing Mass","floor":48,"turns":4},{"damage":20,"enemies":"Awakened One","floor":50,"turns":13},{"damage":13,"enemies":"Time Eater","floor":51,"turns":14},{"damage":4,"enemies":"Shield and Spear","floor":55,"turns":5},{"damage":0,"enemies":"The Heart","floor":56,"turns":8}],"seed_played":"5707198034820828099","potions_obtained":[{"floor":5.0,"key":"FearPotion"},{"floor":6.0,"key":"Weak Potion"},{"floor":10.0,"key":"FearPotion"},{"floor":12.0,"key":"Swift Potion"},{"floor":16.0,"key":"LiquidBronze"},{"floor":18.0,"key":"Explosive Potion"},{"floor":21.0,"key":"Explosive Potion"},{"floor":22.0,"key":"CultistPotion"},{"floor":23.0,"key":"Explosive Potion"},{"floor":27.0,"key":"BlessingOfTheForge"},{"floor":30.0,"key":"Weak Potion"},{"floor":31.0,"key":"CultistPotion"},{"floor":40,"key":"SkillPotion"},{"floor":41,"key":"ColorlessPotion"},{"floor":42,"key":"Explosive Potion"},{"floor":48,"key":"FearPotion"},{"floor":55,"key":"DuplicationPotion"}],"is_trial":false,"path_per_floor":["M","$","M","M","M","E","M","R","T","M","R","E","?","E","R","B",null,"M","T","?","M","M","E","$","R","T","E","T","R","M","M","R","B",null,"M","M","?","M","M","E","E","E","T","R","$","E","$","M","R","B","B",null,"R","$","E","B",null],"character_chosen":"IRONCLAD","items_purchased":["Dramatic Entrance","DollysMirror","Self Forming Clay","Ornamental Fan","Mummified Hand"],"campfire_rested":1,"item_purchase_floors":[2,45,45,45,47],"current_hp_per_floor":[55,55,61,67,63,34,39,39,39,35,35,31,31,32,32,38,66,44,44,44,23,23,18,18,40,40,42,42,42,48,43,43,19,61,66,72,72,75,75,75,75,75,75,75,75,65,65,69,69,57,52,69,69,69,73,75],"gold":52,"neow_bonus":"UPGRADE_CARD","is_daily":false,"chose_seed":false,"campfire_upgraded":7,"win_rate":0.0,"timestamp":1613435359,"path_taken":["M","$","M","M","M","E","M","R","T","M","R","E","?","E","R","BOSS","M","?","?","?","M","E","$","R","T","E","?","R","M","M","R","BOSS","M","?","?","M","M","E","E","E","T","R","$","E","$","M","R","BOSS","BOSS","R","$","E","BOSS"],"items_purchased_type":["Card","Relic","Relic","Relic","Relic"],"build_version":"2020-12-22","purchased_purges":2,"victory":true,"max_hp_per_floor":[75,75,75,75,75,75,75,75,75,75,75,75,75,75,75,75,75,75,75,75,75,75,75,75,75,75,75,75,75,75,75,75,75,75,75,75,75,75,75,75,75,75,75,75,75,75,75,75,75,75,75,75,75,75,75,75],"relic_stats":{"Happy Flower":[33],"counters":[31,148],"Self Forming Clay":[81],"Orichalcum":[6],"MawBank":468,"Question Card":13,"Smiling Mask":75,"Burning Blood":161,"Blood Vial":10,"Sundial":[22],"Ornamental Fan":[88],"Mummified Hand":[44],"Gambling Chip":[68],"Snecko Eye":[187,208,165,207],"Tiny Chest":1,"Art of War":[1],"obtain_stats":[{"Happy Flower":19,"Self Forming Clay":45,"Vajra":43,"Frozen Egg 2":14,"Orichalcum":41,"MawBank":6,"Question Card":27,"Smiling Mask":42,"Burning Blood":0,"White Beast Statue":9,"Blood Vial":46,"Anchor":26,"Sundial":12,"DollysMirror":45,"Ornamental Fan":45,"Mummified Hand":47,"Gambling Chip":23,"Snecko Eye":17,"Tiny Chest":13,"WingedGreaves":40,"Coffee Dripper":34,"Art of War":55},{"Happy Flower":11,"Self Forming Clay":25,"Vajra":25,"Frozen Egg 2":9,"Orichalcum":24,"MawBank":5,"Question Card":15,"Smiling Mask":25,"Burning Blood":0,"White Beast Statue":6,"Blood Vial":26,"Anchor":14,"Sundial":8,"DollysMirror":25,"Ornamental Fan":25,"Mummified Hand":26,"Gambling Chip":14,"Snecko Eye":10,"Tiny Chest":8,"WingedGreaves":23,"Coffee Dripper":18,"Art of War":30},{"Happy Flower":47,"Self Forming Clay":95,"Vajra":95,"Frozen Egg 2":37,"Orichalcum":91,"MawBank":21,"Question Card":61,"Smiling Mask":95,"Burning Blood":0,"White Beast Statue":26,"Blood Vial":104,"Anchor":57,"Sundial":35,"DollysMirror":95,"Ornamental Fan":95,"Mummified Hand":104,"Gambling Chip":57,"Snecko Eye":44,"Tiny Chest":35,"WingedGreaves":89,"Coffee Dripper":73,"Art of War":140}]},"card_choices":[{"not_picked":["Warcry","Cleave"],"picked":"Clothesline","floor":1.0},{"not_picked":["Sentinel","Wild Strike"],"picked":"Twin Strike","floor":3.0},{"not_picked":["Sentinel","Barricade"],"picked":"Armaments","floor":4.0},{"not_picked":["Pummel","Thunderclap"],"picked":"Cleave","floor":5.0},{"not_picked":["Shrug It Off","Rampage"],"picked":"Immolate","floor":6.0},{"not_picked":["Sword Boomerang","Dark Embrace","Heavy Blade"],"picked":"SKIP","floor":7.0},{"not_picked":["Armaments","Thunderclap","Flame Barrier"],"picked":"SKIP","floor":10.0},{"not_picked":["Combust","Clothesline","Pommel Strike"],"picked":"SKIP","floor":12.0},{"not_picked":["Anger","Flex"],"picked":"Disarm","floor":14.0},{"not_picked":["Demon Form+1","Feed"],"picked":"Brutality+1","floor":16.0},{"not_picked":["Cleave","Whirlwind","Clash"],"picked":"SKIP","floor":18.0},{"not_picked":["Headbutt","Perfected Strike"],"picked":"Dual Wield","floor":21.0},{"not_picked":["Wild Strike","Cleave+1","Iron Wave"],"picked":"SKIP","floor":22.0},{"not_picked":["Combust+1","Havoc"],"picked":"Sever Soul","floor":23.0},{"not_picked":["Bloodletting","Searing Blow"],"picked":"Immolate","floor":27.0},{"not_picked":["Sentinel","Armaments","Iron Wave","Twin Strike"],"picked":"SKIP","floor":30.0},{"not_picked":["Pommel Strike","Infernal Blade","Havoc","Warcry"],"picked":"SKIP","floor":31.0},{"not_picked":["Immolate","Brutality+1","Fiend Fire"],"picked":"Barricade+1","floor":33.0},{"not_picked":["Shrug It Off","Carnage+1","Clothesline"],"picked":"Uppercut","floor":35.0},{"not_picked":["Thunderclap","Armaments","Reckless Charge+1"],"picked":"Feel No Pain+1","floor":36},{"not_picked":["True Grit","Anger","Pommel Strike","Evolve+1"],"picked":"SKIP","floor":38},{"not_picked":["Rage","Heavy Blade+1","True Grit"],"picked":"Carnage+1","floor":39},{"not_picked":["Brutality+1","Disarm+1","Infernal Blade"],"picked":"Shockwave+1","floor":40},{"not_picked":["Shrug It Off","Twin Strike","Thunderclap","Headbutt+1"],"picked":"SKIP","floor":41},{"not_picked":["Ghostly Armor","True Grit","Fire Breathing+1"],"picked":"Carnage+1","floor":42},{"not_picked":["Flex","Shrug It Off","Body Slam","Intimidate"],"picked":"SKIP","floor":46},{"not_picked":["Inflame+1","Havoc","Body Slam"],"picked":"Flame Barrier","floor":48},{"not_picked":["Headbutt","Flex","Iron Wave"],"picked":"Dark Embrace+1","floor":55}],"player_experience":1310784,"relics_obtained":[{"floor":6.0,"key":"MawBank"},{"floor":9.0,"key":"White Beast Statue"},{"floor":12.0,"key":"Sundial"},{"floor":13.0,"key":"Tiny Chest"},{"floor":14.0,"key":"Frozen Egg 2"},{"floor":19.0,"key":"Happy Flower"},{"floor":23.0,"key":"Gambling Chip"},{"floor":26.0,"key":"Anchor"},{"floor":27.0,"key":"Question Card"},{"floor":40,"key":"WingedGreaves"},{"floor":41,"key":"Orichalcum"},{"floor":42,"key":"Smiling Mask"},{"floor":43,"key":"Vajra"},{"floor":46,"key":"Blood Vial"},{"floor":55,"key":"Art of War"}],"event_choices":[{"damage_healed":0.0,"max_hp_gain":0.0,"max_hp_loss":0.0,"gold_gain":0.0,"event_name":"Wheel of Change","player_choice":"Relic","floor":13.0,"gold_loss":0.0,"damage_taken":0.0},{"cards_removed":["Strike_R"],"damage_healed":0.0,"max_hp_gain":0.0,"max_hp_loss":0.0,"gold_gain":0.0,"event_name":"Bonfire Elementals","player_choice":"Offered Basic","floor":20.0,"gold_loss":0.0,"damage_taken":0.0},{"damage_healed":0,"gold_gain":0,"cards_transformed":["Strike_R","Strike_R"],"player_choice":"Transformed Cards","damage_taken":0,"max_hp_gain":0,"max_hp_loss":0,"event_name":"Designer","floor":37,"gold_loss":75,"cards_obtained":["Havoc","Fiend Fire"]}],"is_beta":false,"boss_relics":[{"not_picked":["Runic Dome","Calling Bell"],"picked":"Snecko Eye"},{"not_picked":["Sozu","Empty Cage"],"picked":"Coffee Dripper"}],"items_purged_floors":[45,54],"is_endless":false,"potions_floor_spawned":[5,6,7,10,12,14,16,18,21,22,23,27,30,31,33,35,36,38,39,40,41,42,46,48,55],"ascension_level":20}}