{"host":"6406jj8da6015sxr","time":1613473268,"event":{"mods":["AchievementEnabler","BaseMod","Colored Map","DeckTracker","Keyboard Shortcuts","Minty Spire (QoL Compilation)","Permanent Neow","Relic Stats","SuperFastMode","everything is the same but u backflip on backflip"],"gold_per_floor":[109,39,39,59,59,59,90,90,140,151,171,191,208,208,208,328,391,407,24,49,49,65,65,65,80,103,128,169,188,207,227,227,350,350,371,392,392,244,259,259,303,318,318,13,76,91,91,0,0,0,0],"floor_reached":50,"language":"KOR","playtime":2070,"items_purged":["Strike_B"],"score":623,"play_id":"2571f0c1-3221-4281-9d49-dae8d6fb2409","local_time":"20210216200108","is_ascension_mode":false,"campfire_choices":[{"data":"Zap","floor":6.0,"key":"SMITH"},{"data":"Dualcast","floor":8.0,"key":"SMITH"},{"data":"Steam Power","floor":15.0,"key":"SMITH"},{"data":"Go for the Eyes","floor":23.0,"key":"SMITH"},{"data":"Turbo","floor":32.0,"key":"SMITH"},{"data":"Reprogram","floor":40,"key":"SMITH"},{"data":"Seek","floor":47,"key":"SMITH"},{"floor":49,"key":"REST"}],"circlet_count":0,"master_deck":["Strike_B+1","Strike_B","Defend_B","Defend_B+1","Defend_B","Defend_B","Zap+1","Dualcast+1","All For One","Steam Power+1","Gash","Redo+1","Steam Power","Compile Driver","Go for the Eyes+1","Beam Cell","Compile Driver","Beam Cell","Seek+1","Redo","Turbo+1","Violence","Hologram","Steam Power","Stack","Steam","Gash","Steam","Beam Cell","Seek","Reprogram+1","Gash+1","Master of Strategy","Stack","Turbo","Gash","Go for the Eyes+1","Redo+1","Turbo","Chill"],"relics":["Cracked Core","Symbiotic Virus","Pen Nib","Golden Idol","Tiny House","Toolbox","War Paint","Boot","Nuclear Battery","Orrery","Orichalcum","Darkstone Periapt","Ginger","CaptainsWheel","Red Mask"],"acts_visited":["Exordium","TheCity","TheBeyond"],"potions_floor_usage":[42,50,50],"damage_taken":[{"damage":1.0,"enemies":"Jaw Worm","floor":1.0,"turns":4.0},{"damage":0.0,"enemies":"Cultist","floor":4.0,"turns":2.0},{"damage":13.0,"enemies":"Gremlin Nob","floor":7.0,"turns":3.0},{"damage":0.0,"enemies":"2 Louse","floor":10.0,"turns":1.0},{"damage":2.0,"enemies":"Looter","floor":11.0,"turns":2.0},{"damage":2.0,"enemies":"Blue Slaver","floor":12.0,"turns":2.0},{"damage":0.0,"enemies":"Exordium Wildlife","floor":13.0,"turns":2.0},{"damage":32.0,"enemies":"Hexaghost","floor":16.0,"turns":5.0},{"damage":10.0,"enemies":"Chosen","floor":18.0,"turns":2.0},{"damage":17.0,"enemies":"3 Byrds","floor":20.0,"turns":5.0},{"damage":0.0,"enemies":"Centurion and Healer","floor":22.0,"turns":2.0},{"damage":1.0,"enemies":"3 Cultists","floor":25.0,"turns":4.0},{"damage":8.0,"enemies":"Shelled Parasite and Fungi","floor":27.0,"turns":3.0},{"damage":0.0,"enemies":"Book of Stabbing","floor":28.0,"turns":1.0},{"damage":0.0,"enemies":"Snecko","floor":29.0,"turns":1.0},{"damage":0.0,"enemies":"Centurion and Healer","floor":30.0,"turns":2.0},{"damage":0.0,"enemies":"Sentry and Sphere","floor":31.0,"turns":2.0},{"damage":20.0,"enemies":"Collector","floor":33.0,"turns":5.0},{"damage":0.0,"enemies":"3 Darklings","floor":35.0,"turns":1.0},{"damage":0.0,"enemies":"Orb Walker","floor":36.0,"turns":1.0},{"damage":0,"enemies":"Sphere and 2 Shapes","floor":39,"turns":2},{"damage":0,"enemies":"Nemesis","floor":41,"turns":1},{"damage":35,"enemies":"Writhing Mass","floor":42,"turns":4},{"damage":0,"enemies":"Mind Bloom Boss Battle","floor":45,"turns":1},{"damage":3,"enemies":"3 Darklings","floor":46,"turns":4},{"damage":62,"enemies":"Time Eater","floor":50,"turns":8}],"seed_played":"1624289150405538751","potions_obtained":[{"floor":1.0,"key":"EntropicBrew"},{"floor":5.0,"key":"Energy Potion"},{"floor":5.0,"key":"Energy Potion"},{"floor":10.0,"key":"EntropicBrew"},{"floor":12.0,"key":"EssenceOfDarkness"},{"floor":16.0,"key":"PowerPotion"},{"floor":17.0,"key":"EntropicBrew"},{"floor":20.0,"key":"PotionOfCapacity"},{"floor":27.0,"key":"FearPotion"},{"floor":41,"key":"PowerPotion"},{"floor":46,"key":"Fire Potion"}],"is_trial":false,"path_per_floor":["M","$","?","M","?","R","E","R","T","M","M","M","M","?","R","B",null,"M","$","M","?","M","R","?","M","T","M","E","M","M","M","R","B",null,"M","M","?","$","M","R","E","M","T","$","?","M","R","?","R","B"],"character_chosen":"DEFECT","items_purchased":["Gash","Redo","Violence","Toolbox","Orrery","Ginger"],"campfire_rested":1,"item_purchase_floors":[2,2,19,19,38,44],"current_hp_per_floor":[74,74,79,79,79,79,66,66,66,66,64,62,62,62,62,30,79,69,69,52,52,52,52,52,51,51,43,43,43,43,43,43,23,79,79,79,69,69,69,69,69,34,34,34,34,31,31,31,54,0,0],"gold":0,"neow_bonus":"ONE_RANDOM_RARE_CARD","is_daily":false,"chose_seed":false,"campfire_upgraded":7,"win_rate":0.0,"timestamp":1613473268,"path_taken":["M","$","?","M","?","R","E","R","T","M","M","M","?","?","R","BOSS","M","$","M","?","M","R","?","M","T","M","E","M","?","M","R","BOSS","M","M","?","$","M","R","E","M","T","$","?","M","R","?","R","BOSS"],"items_purchased_type":["Card","Card","Card","Relic","Relic","Relic"],"build_version":"2020-12-22","purchased_purges":1,"victory":false,"max_hp_per_floor":[75,75,80,80,80,80,80,80,80,80,80,80,80,74,74,74,79,79,79,79,79,79,79,79,79,79,79,79,79,79,79,79,79,79,79,79,79,79,79,79,79,79,79,79,79,79,79,79,79,79,79],"relic_stats":{"Darkstone Periapt":0,"counters":[26,70],"Golden Idol":144,"Pen Nib":[29],"Ginger":[1],"War Paint":["Redo","Defend_B"],"Orichalcum":[12],"Boot":[73],"obtain_stats":[{"Darkstone Periapt":43,"Tiny House":17,"Golden Idol":14,"Pen Nib":9,"Ginger":44,"War Paint":26,"Orichalcum":41,"Boot":28,"Nuclear Battery":34,"CaptainsWheel":45,"Toolbox":19,"Orrery":38,"Red Mask":48,"Cracked Core":0,"Symbiotic Virus":7},{"Darkstone Periapt":23,"Tiny House":8,"Golden Idol":7,"Pen Nib":3,"Ginger":23,"War Paint":12,"Orichalcum":22,"Boot":14,"Nuclear Battery":18,"CaptainsWheel":24,"Toolbox":9,"Orrery":20,"Red Mask":25,"Cracked Core":0,"Symbiotic Virus":3},{"Darkstone Periapt":57,"Tiny House":21,"Golden Idol":16,"Pen Nib":9,"Ginger":57,"War Paint":34,"Orichalcum":53,"Boot":38,"Nuclear Battery":48,"CaptainsWheel":58,"Toolbox":23,"Orrery":50,"Red Mask":62,"Cracked Core":0,"Symbiotic Virus":9}]},"card_choices":[{"not_picked":["Reinforced Body","Doom and Gloom"],"picked":"Steam Power","floor":1.0},{"not_picked":["Barrage","Ball Lightning"],"picked":"Steam Power","floor":4.0},{"not_picked":["Scrape","Hyperbeam"],"picked":"Compile Driver","floor":7.0},{"not_picked":["Coolheaded","Conserve Battery"],"picked":"Go for the Eyes","floor":10.0},{"not_picked":["Leap","Thunder Strike"],"picked":"Beam Cell","floor":11.0},{"not_picked":["Streamline","Go for the Eyes"],"picked":"Compile Driver","floor":12.0},{"not_picked":["Undo","Blizzard"],"picked":"Beam Cell","floor":13.0},{"not_picked":["Machine Learning","Thunder Strike"],"picked":"Seek","floor":16.0},{"not_picked":["Barrage","Coolheaded"],"picked":"Redo","floor":17.0},{"not_picked":["Stack+1","Hologram"],"picked":"Turbo","floor":18.0},{"not_picked":["Melter+1","Ball Lightning+1"],"picked":"Hologram","floor":20.0},{"not_picked":["Auto Shields+1","Streamline"],"picked":"Steam Power","floor":22.0},{"not_picked":["Ball Lightning+1","Sweeping Beam+1"],"picked":"Stack","floor":25.0},{"not_picked":["Genetic Algorithm+1","Loop"],"picked":"Steam","floor":27.0},{"not_picked":["Cold Snap+1","Conserve Battery","Compile Driver+1"],"picked":"SKIP","floor":28.0},{"not_picked":["Leap","Electrodynamics"],"picked":"Gash","floor":29.0},{"not_picked":["Beam Cell","Rebound"],"picked":"Steam","floor":30.0},{"not_picked":["Barrage","Rebound"],"picked":"Beam Cell","floor":31.0},{"not_picked":["Multi-Cast","Creative AI"],"picked":"Seek","floor":33.0},{"not_picked":["Coolheaded+1","Static Discharge"],"picked":"Reprogram","floor":35.0},{"not_picked":["Static Discharge+1","Ball Lightning"],"picked":"Gash+1","floor":36},{"not_picked":["Discovery","Swift Strike"],"picked":"Master of Strategy","floor":37},{"not_picked":["Darkness","Doom and Gloom"],"picked":"Stack","floor":38},{"not_picked":["Cold Snap+1","Force Field"],"picked":"Turbo","floor":38},{"not_picked":["Reinforced Body","Ball Lightning+1"],"picked":"Gash","floor":38},{"not_picked":["Conserve Battery","Steam+1"],"picked":"Go for the Eyes+1","floor":39},{"not_picked":["Barrage","Sweeping Beam+1"],"picked":"Redo+1","floor":41},{"not_picked":["Amplify","Ball Lightning","Barrage+1"],"picked":"SKIP","floor":42},{"not_picked":["Streamline","Compile Driver+1"],"picked":"Turbo","floor":45},{"not_picked":["Streamline+1","Stack"],"picked":"Chill","floor":46}],"player_experience":20462,"relics_obtained":[{"floor":7.0,"key":"Symbiotic Virus"},{"floor":9.0,"key":"Pen Nib"},{"floor":26.0,"key":"War Paint"},{"floor":28.0,"key":"Boot"},{"floor":41,"key":"Orichalcum"},{"floor":43,"key":"Darkstone Periapt"},{"floor":45,"key":"CaptainsWheel"}],"event_choices":[{"damage_healed":0.0,"max_hp_gain":5.0,"max_hp_loss":0.0,"gold_gain":0.0,"event_name":"Big Fish","player_choice":"Donut","floor":3.0,"gold_loss":0.0,"damage_taken":0.0},{"damage_healed":0.0,"max_hp_gain":0.0,"max_hp_loss":0.0,"gold_gain":0.0,"event_name":"Lab","player_choice":"Got Potions","floor":5.0,"gold_loss":0.0,"damage_taken":0.0},{"damage_healed":0.0,"max_hp_gain":0.0,"max_hp_loss":6.0,"gold_gain":0.0,"event_name":"Golden Idol","player_choice":"Lose Max HP","floor":14.0,"gold_loss":0.0,"damage_taken":0.0,"relics_obtained":["Golden Idol"]},{"cards_removed":["Strike_B"],"damage_healed":0.0,"max_hp_gain":0.0,"max_hp_loss":0.0,"gold_gain":0.0,"event_name":"Back to Basics","player_choice":"Elegance","floor":21.0,"gold_loss":0.0,"damage_taken":0.0},{"damage_healed":0,"gold_gain":0,"player_choice":"Memory 3","damage_taken":10,"max_hp_gain":0,"max_hp_loss":0,"event_name":"SensoryStone","floor":37,"gold_loss":0},{"damage_healed":0,"gold_gain":0,"player_choice":"Fight","damage_taken":0,"max_hp_gain":0,"max_hp_loss":0,"event_name":"MindBloom","floor":45,"gold_loss":0},{"damage_healed":0,"gold_gain":0,"player_choice":"Paid","damage_taken":0,"relics_obtained":["Red Mask"],"max_hp_gain":0,"max_hp_loss":0,"event_name":"Tomb of Lord Red Mask","floor":48,"gold_loss":91}],"is_beta":false,"boss_relics":[{"not_picked":["SlaversCollar","Snecko Eye"],"picked":"Tiny House"},{"not_picked":["Pandora\u0027s Box","Cursed Key"],"picked":"Nuclear Battery"}],"items_purged_floors":[19],"is_endless":false,"potions_floor_spawned":[1,10,12,16,20,27,28,29,31,41,46],"killed_by":"Time Eater","ascension_level":0}}