{"host":"kag8mfq4or8nkqb2","time":1613504861,"event":{"mods":["2.2 Compatiblity","BaseMod","Colored Map","Colored Powertips","Downfall","Minty Spire (QoL Compilation)","Relic Stats","StSLib"],"gold_per_floor":[99,99,99,161,173,173,199,199,232,248,148,160,160,2,20,118,118,118,134,148,33,33,46,46,78,93,106,91,91,91,125,137,237,237,137,154,167,239,289,289,289,302,317,167,67,67,78,88,104,104,104,132,8,8,8,8],"floor_reached":57,"language":"ENG","playtime":3752,"items_purged":["champ:Strike","champ:Strike","champ:Strike","champ:StanceDance"],"score":1494,"play_id":"87c9a8bd-f411-4586-9501-2ad506c97e4c","local_time":"20210216194741","is_ascension_mode":false,"campfire_choices":[{"data":"champ:Taunt","floor":1.0,"key":"SMITH"},{"data":"champ:HoldFirm","floor":11.0,"key":"SMITH"},{"data":"champ:SkillfulDodge","floor":13.0,"key":"SMITH"},{"data":"champ:ShieldThrow","floor":18.0,"key":"SMITH"},{"floor":30.0,"key":"RECALL"},{"data":"champ:ShieldWall","floor":35.0,"key":"SMITH"},{"data":"champ:DefensiveShout","floor":45.0,"key":"SMITH"},{"data":"champ:ShieldSlam","floor":54.0,"key":"SMITH"}],"circlet_count":0,"master_deck":["champ:Defend+1","champ:Defend","champ:Defend","champ:Defend","champ:Execute+1","champ:Taunt+1","champ:SkillfulDodge+1","champ:FalseCounter","champ:Parry+1","champ:SkillfulDodge","champ:HoldFirm+1","champ:ShieldWall+1","champ:FocusedDefense","champ:ShieldThrow+1","champ:FlashCut","champ:DefensiveShout+1","champ:ShieldSlam+1","champ:DefensiveShout+1","champ:Lariat+1","champ:Circumvent","champ:ShieldSlam+1","champ:CalledShot+1","champ:PreemptiveStrike","champ:IronFortress"],"relics":["champ:ChampionCrown","downfall:HeartsMalice","Bag of Marbles","Omamori","Toy Ornithopter","Bronze Scales","downfall:HeartBlessingGreen","Coffee Dripper","champ:DefensiveTrainingManual","StrikeDummy","sneckomod:BabySnecko","Torii","sneckomod:SneckoTalon","downfall:HeartBlessingRed","Chemical X","Du-Vu Doll","downfall:HeartBlessingBlue","Gremlin Horn"],"acts_visited":["Exordium","TheCity","TheBeyond","TheEnding"],"potions_floor_usage":[56,56,56],"damage_taken":[{"damage":0.0,"enemies":"Jaw Worm","floor":2.0,"turns":1.0},{"damage":0.0,"enemies":"Small Slimes","floor":3.0,"turns":1.0},{"damage":0.0,"enemies":"Gremlin Nob","floor":4.0,"turns":1.0},{"damage":10.0,"enemies":"Cultist","floor":5.0,"turns":4.0},{"damage":41.0,"enemies":"3 Sentries","floor":9.0,"turns":8.0},{"damage":13.0,"enemies":"3 Louse","floor":10.0,"turns":4.0},{"damage":10.0,"enemies":"downfall:LooterAlt","floor":12.0,"turns":4.0},{"damage":10.0,"enemies":"downfall:FleeingMerchant","floor":14.0,"turns":4.0},{"damage":0.0,"enemies":"2 Fungi Beasts","floor":15.0,"turns":3.0},{"damage":3.0,"enemies":"WA_ARCHETYPE_RETAIN","floor":16.0,"turns":9.0},{"damage":2.0,"enemies":"Spheric Guardian","floor":19.0,"turns":4.0},{"damage":0.0,"enemies":"downfall:LooterAlt2","floor":20.0,"turns":3.0},{"damage":10.0,"enemies":"downfall:FleeingMerchant","floor":21.0,"turns":4.0},{"damage":0.0,"enemies":"Shelled Parasite and Fungi","floor":23.0,"turns":4.0},{"damage":5.0,"enemies":"Gremlin Leader","floor":25.0,"turns":6.0},{"damage":0.0,"enemies":"Sentry and Sphere","floor":26.0,"turns":3.0},{"damage":10.0,"enemies":"Snecko","floor":27.0,"turns":3.0},{"damage":10.0,"enemies":"downfall:FleeingMerchant","floor":28.0,"turns":4.0},{"damage":10.0,"enemies":"Slavers","floor":31.0,"turns":4.0},{"damage":0.0,"enemies":"Cultist and Chosen","floor":32.0,"turns":4.0},{"damage":11.0,"enemies":"DF_ARCHETYPE_CLAW","floor":33.0,"turns":7.0},{"damage":0.0,"enemies":"Orb Walker","floor":36.0,"turns":2.0},{"damage":10.0,"enemies":"3 Darklings","floor":37.0,"turns":7.0},{"damage":0.0,"enemies":"downfall:FleeingMerchant","floor":38.0,"turns":3.0},{"damage":11.0,"enemies":"downfall:FleeingMerchant","floor":39.0,"turns":4.0},{"damage":0.0,"enemies":"Writhing Mass","floor":42.0,"turns":2.0},{"damage":33.0,"enemies":"Transient","floor":43.0,"turns":5.0},{"damage":0.0,"enemies":"4 Shapes","floor":47.0,"turns":6.0},{"damage":0.0,"enemies":"Spire Growth","floor":48.0,"turns":3.0},{"damage":0.0,"enemies":"Sphere and 2 Shapes","floor":49.0,"turns":3.0},{"damage":40.0,"enemies":"IC_BLOCK_ARCHETYPE","floor":50.0,"turns":12.0},{"damage":0.0,"enemies":"downfall:CharBossMerchant","floor":52.0,"turns":5.0},{"damage":0,"enemies":"downfall:NeowBoss","floor":55,"turns":16},{"damage":24,"enemies":"downfall:NeowBossFinal","floor":56,"turns":8}],"seed_played":"7925028858616265084","potions_obtained":[{"floor":4.0,"key":"AttackPotion"},{"floor":5.0,"key":"champ:CounterPotion"},{"floor":12.0,"key":"Block Potion"},{"floor":16.0,"key":"Dexterity Potion"},{"floor":23.0,"key":"Explosive Potion"},{"floor":25.0,"key":"AttackPotion"},{"floor":36.0,"key":"PowerPotion"},{"floor":39.0,"key":"sneckomod:MuddlingPotion"},{"floor":47.0,"key":"Block Potion"}],"is_trial":false,"path_per_floor":["R","M","M","?","M","?","T","?","E","M","R","M","R","$","M","B",null,"R","M","M","$","?","M","T","E","M","M","$","?","R","E","M","B",null,"R","M","M","$","?","?","T","M","M","$","R","?","M","M","M","B",null,"E","$","R","B","B",null],"character_chosen":"THE_CHAMP","items_purchased":["champ:ShieldWall","Chemical X","PowerPotion","champ:IronFortress"],"campfire_rested":0,"item_purchase_floors":[14,38,53,53],"current_hp_per_floor":[90,90,90,90,90,83,83,83,57,44,44,44,44,44,44,46,90,90,88,88,88,88,88,88,88,88,88,88,88,88,88,88,87,90,90,90,90,90,79,79,79,79,56,56,66,71,71,71,71,51,100,100,100,100,100,76],"gold":8,"neow_bonus":"THREE_ENEMY_KILL","is_daily":false,"chose_seed":false,"campfire_upgraded":7,"win_rate":0.0,"timestamp":1613504861,"path_taken":["R","M","M","?","M","?","T","?","E","M","R","M","R","$","M","BOSS","R","M","M","$","?","M","T","E","?","M","$","?","R","E","M","BOSS","R","M","M","$","?","?","T","M","M","$","R","?","M","?","M","BOSS","E","$","R","BOSS","BOSS"],"items_purchased_type":["Card","Relic","Potion","Card"],"build_version":"2020-12-22","purchased_purges":4,"victory":true,"max_hp_per_floor":[90,90,90,90,90,90,90,90,90,90,90,90,90,90,90,90,90,90,90,90,90,90,90,90,90,90,90,90,90,90,90,90,90,90,90,90,90,90,90,90,90,90,90,90,100,100,100,100,100,100,100,100,100,100,100,100],"relic_stats":{"Torii":3,"Gremlin Horn":[5,5],"counters":[34,158],"Bronze Scales":[311],"Chemical X":[24],"obtain_stats":[{"Torii":31,"downfall:HeartBlessingRed":35,"Gremlin Horn":52,"champ:ChampionCrown":0,"downfall:HeartsMalice":0,"downfall:HeartBlessingGreen":11,"Omamori":6,"sneckomod:SneckoTalon":34,"Du-Vu Doll":39,"sneckomod:BabySnecko":29,"champ:DefensiveTrainingManual":24,"downfall:HeartBlessingBlue":45,"Bronze Scales":9,"Bag of Marbles":4,"Coffee Dripper":17,"Chemical X":38,"StrikeDummy":25,"Toy Ornithopter":7},{"Torii":19,"downfall:HeartBlessingRed":21,"Gremlin Horn":32,"champ:ChampionCrown":0,"downfall:HeartsMalice":0,"downfall:HeartBlessingGreen":6,"Omamori":4,"sneckomod:SneckoTalon":21,"Du-Vu Doll":25,"sneckomod:BabySnecko":18,"champ:DefensiveTrainingManual":14,"downfall:HeartBlessingBlue":27,"Bronze Scales":5,"Bag of Marbles":2,"Coffee Dripper":10,"Chemical X":24,"StrikeDummy":15,"Toy Ornithopter":4},{"Torii":71,"downfall:HeartBlessingRed":82,"Gremlin Horn":134,"champ:ChampionCrown":0,"downfall:HeartsMalice":0,"downfall:HeartBlessingGreen":16,"Omamori":4,"sneckomod:SneckoTalon":82,"Du-Vu Doll":98,"sneckomod:BabySnecko":67,"champ:DefensiveTrainingManual":51,"downfall:HeartBlessingBlue":105,"Bronze Scales":12,"Bag of Marbles":0,"Coffee Dripper":36,"Chemical X":94,"StrikeDummy":57,"Toy Ornithopter":4}],"Toy Ornithopter":10},"card_choices":[{"not_picked":["champ:CrownThrow","champ:FlashCut"],"picked":"champ:SkillfulDodge","floor":2.0},{"not_picked":["champ:Circumvent","champ:EnragedBash"],"picked":"champ:FalseCounter","floor":3.0},{"not_picked":["champ:FanOfKnives","champ:PerfectedStrike"],"picked":"champ:Parry","floor":4.0},{"not_picked":["champ:GladiatorStyle","champ:BladeFlurry"],"picked":"champ:SkillfulDodge","floor":5.0},{"not_picked":["champ:PreciseThrust","champ:AdrenalArmor"],"picked":"champ:HoldFirm","floor":9.0},{"not_picked":["champ:DeathBlow","champ:BringItOn","champ:GutPunch"],"picked":"SKIP","floor":10.0},{"not_picked":["champ:Encircle","champ:FocusedBerserking","champ:TornadoPunch"],"picked":"SKIP","floor":12.0},{"not_picked":["champ:AdrenalArmor","champ:EndlessRage","champ:EnragedBash"],"picked":"SKIP","floor":14.0},{"not_picked":["champ:PreciseThrust","champ:Haymaker"],"picked":"champ:FocusedDefense","floor":15.0},{"not_picked":["champ:MurderStrike","champ:StrikeOfGenius"],"picked":"champ:ShieldThrow","floor":16.0},{"not_picked":["champ:PerfectedStrike","champ:FanOfKnives"],"picked":"champ:FlashCut","floor":19.0},{"not_picked":["champ:Shatter","champ:GutPunch+1"],"picked":"champ:StanceDance","floor":20.0},{"not_picked":["champ:PreciseThrust+1","champ:GutPunch"],"picked":"champ:DefensiveShout","floor":21.0},{"not_picked":["champ:BladeFlurry+1","champ:GutPunch+1","champ:MurderStrike"],"picked":"SKIP","floor":23.0},{"not_picked":["champ:BringItOn+1","champ:EnGarde","champ:Encircle+1"],"picked":"SKIP","floor":25.0},{"not_picked":["champ:RecklessLeap","champ:Endure+1"],"picked":"champ:DefensiveShout","floor":26.0},{"not_picked":["champ:DefensiveShout","champ:RisingSlash","champ:CrownThrow"],"picked":"SKIP","floor":27.0},{"not_picked":["champ:EndlessRage+1","champ:BringItOn","champ:TripleStrike"],"picked":"SKIP","floor":28.0},{"not_picked":["champ:AdrenalArmor","champ:ArenaPreparation"],"picked":"champ:DefensiveShout+1","floor":31.0},{"not_picked":["champ:PreciseThrust","champ:DefensiveShout","champ:FalseCounter"],"picked":"SKIP","floor":32.0},{"not_picked":["champ:Backstep","champ:EnGarde+1","champ:BringItOn+1"],"picked":"SKIP","floor":36.0},{"not_picked":["champ:CrownThrow+1","champ:BladeFlurry+1"],"picked":"champ:Lariat+1","floor":37.0},{"not_picked":["champ:SkillfulDodge","champ:GutPunch+1","champ:Backstep+1"],"picked":"SKIP","floor":38.0},{"not_picked":["champ:Backstep","champ:DefensiveShout+1"],"picked":"champ:Circumvent","floor":42.0},{"not_picked":["champ:FlashCut","champ:HeartStrike"],"picked":"champ:ShieldSlam+1","floor":43.0},{"not_picked":["champ:FanOfKnives","champ:Parry+1"],"picked":"champ:CalledShot+1","floor":47.0},{"not_picked":["champ:FalseCounter","champ:GutPunch+1"],"picked":"champ:PreemptiveStrike","floor":48.0},{"not_picked":["champ:RapidStrikes","champ:RecklessLeap+1","champ:EndlessRage"],"picked":"SKIP","floor":49.0},{"not_picked":["champ:HeartStrike+1","champ:Duel","champ:DefensiveShout"],"picked":"SKIP","floor":52.0}],"player_experience":1103015,"relics_obtained":[{"floor":7.0,"key":"Toy Ornithopter"},{"floor":9.0,"key":"Bronze Scales"},{"floor":24.0,"key":"champ:DefensiveTrainingManual"},{"floor":25.0,"key":"StrikeDummy"},{"floor":31.0,"key":"Torii"},{"floor":39.0,"key":"Du-Vu Doll"},{"floor":52.0,"key":"Gremlin Horn"}],"event_choices":[{"damage_healed":0.0,"max_hp_gain":0.0,"max_hp_loss":0.0,"gold_gain":0.0,"event_name":"Scrap Ooze","player_choice":"Success","floor":6.0,"gold_loss":0.0,"damage_taken":7.0,"relics_obtained":["Omamori"]},{"cards_removed":["champ:DefensiveShout"],"damage_healed":5.0,"max_hp_gain":0.0,"max_hp_loss":0.0,"gold_gain":0.0,"event_name":"Bonfire Elementals","player_choice":"Offered Common","floor":46.0,"gold_loss":0.0,"damage_taken":0.0},{"cards_removed":["champ:DefensiveShout"],"damage_healed":5.0,"max_hp_gain":0.0,"max_hp_loss":0.0,"gold_gain":0.0,"event_name":"Bonfire Elementals","player_choice":"Offered Special","floor":46.0,"gold_loss":0.0,"damage_taken":0.0}],"is_beta":false,"boss_relics":[{"not_picked":["Calling Bell","Busted Crown"],"picked":"Coffee Dripper"},{"not_picked":["Velvet Choker","Pandora\u0027s Box"],"picked":"sneckomod:SneckoTalon"}],"items_purged_floors":[14,21,38,44],"is_endless":false,"potions_floor_spawned":[4,5,12,16,23,25,31,32,33,36,37,39,47,48],"ascension_level":0}}