{"host":"agl6880ykeaxaurv","time":1613507239,"event":{"mods":["AchievementEnabler","BaseMod","Colored Map","Colored Powertips","Downfall","Hermit","Highlight Path","Minty Spire (QoL Compilation)","Robot Space Explorer","StSLib","The Cursed","The Servant 0.9.4"],"gold_per_floor":[99,117,0,175,186,202,256,286,286,301,77,177,277,287,297,395,395,395,415,431,442,442,442,442,442],"floor_reached":23,"language":"ENG","playtime":2672,"items_purged":[],"score":268,"play_id":"0cf389ff-121d-4f52-a5aa-039f3c9e3fad","local_time":"20210216202719","is_ascension_mode":false,"campfire_choices":[{"data":"hexamod:Float","floor":1,"key":"SMITH"},{"data":"hexamod:SearingWound","floor":18,"key":"SMITH"}],"circlet_count":0,"master_deck":["hexamod:Strike","hexamod:Strike","hexamod:Strike","hexamod:Defend","hexamod:Defend","hexamod:Defend+1","hexamod:Sear","hexamod:Float+1","hexamod:HeatMetal+1","hexamod:BurningTouch","hexamod:BurningTouch","hexamod:EtherealExpedition","hexamod:GhostShield","hexamod:HeatShield+1","hexamod:ForkedFlame","hexamod:ThirdSeal","hexamod:ExtraCrispy","hexamod:BurningTouch","hexamod:HeatCrush","hexamod:GhostflameBarrier","hexamod:UnleashSpirits","hexamod:ShieldOfDarkness","hexamod:SoulSteal","hexamod:SixthSeal","hexamod:TimeOfNeed+1","hexamod:SearingWound+1","hexamod:EmpoweredFlame","hexamod:RadiantFlame","hexamod:BurningTouch","hexamod:InspiringFlames"],"relics":["hexamod:SpiritBrand","Mango","hexamod:IceCube"],"acts_visited":["Exordium","TheCity"],"potions_floor_usage":[13,19,23,23],"damage_taken":[{"damage":0,"enemies":"Cultist","floor":2,"turns":3},{"damage":0,"enemies":"downfall:FleeingMerchant","floor":3,"turns":4},{"damage":0,"enemies":"Small Slimes","floor":5,"turns":3},{"damage":8,"enemies":"Jaw Worm","floor":6,"turns":4},{"damage":11,"enemies":"Gremlin Nob","floor":8,"turns":6},{"damage":1,"enemies":"2 Fungi Beasts","floor":10,"turns":3},{"damage":5,"enemies":"downfall:FleeingMerchant","floor":11,"turns":4},{"damage":17,"enemies":"downfall:Heads","floor":13,"turns":5},{"damage":11,"enemies":"3 Louse","floor":14,"turns":4},{"damage":8,"enemies":"Lots of Slimes","floor":15,"turns":6},{"damage":23,"enemies":"IC_STATUS_ARCHETYPE","floor":16,"turns":9},{"damage":22,"enemies":"Spheric Guardian","floor":19,"turns":7},{"damage":5,"enemies":"Chosen","floor":20,"turns":5},{"damage":43,"enemies":"Centurion and Healer","floor":21,"turns":8},{"damage":25,"enemies":"3 Cultists","floor":23,"turns":5}],"seed_played":"-7285759829263275347","potions_obtained":[{"floor":5,"key":"Slimebound:ThreeZeroPotion"},{"floor":8,"key":"Guardian:BlockOnCardUsePotion"},{"floor":13,"key":"Energy Potion"},{"floor":19,"key":"LiquidBronze"},{"floor":20,"key":"Fire Potion"}],"is_trial":false,"path_per_floor":["R","M","$","?","M","M","T","E","?","M","$","?","?","M","M","B",null,"R","M","M","M","?","M"],"character_chosen":"THE_SPIRIT","items_purchased":["hexamod:BurningTouch","hexamod:EtherealExpedition","hexamod:ExtraCrispy","hexamod:BurningTouch","Regen Potion"],"campfire_rested":0,"item_purchase_floors":[3,3,11,11,11],"current_hp_per_floor":[77,77,77,77,77,69,69,72,72,71,66,66,54,43,35,12,91,91,69,64,21,21,0,0,0],"gold":442,"neow_bonus":"TEN_PERCENT_HP_BONUS","is_daily":false,"chose_seed":false,"campfire_upgraded":2,"win_rate":0.0,"timestamp":1613507239,"path_taken":["R","M","$","?","M","M","T","E","?","?","$","?","?","M","M","BOSS","R","M","M","M","?","M"],"items_purchased_type":["Card","Card","Card","Card","Potion"],"build_version":"2020-12-22","purchased_purges":0,"victory":false,"max_hp_per_floor":[77,77,77,77,77,77,77,91,91,91,91,91,91,91,91,91,91,91,91,91,91,91,91,91,91],"card_choices":[{"not_picked":["hexamod:HauntingEcho","hexamod:GhostOfSpireFuture"],"picked":"hexamod:HeatMetal","floor":2},{"not_picked":["hexamod:NightmareGuise","hexamod:FastForward"],"picked":"hexamod:BurningTouch","floor":3},{"not_picked":["hexamod:NightmareGuise","hexamod:RecurringNightmare"],"picked":"hexamod:GhostShield","floor":5},{"not_picked":["hexamod:NecessarySacrifice","hexamod:DynamicBlow"],"picked":"hexamod:HeatShield","floor":6},{"not_picked":["hexamod:GhostOfSpirePast","hexamod:NightmareStrike"],"picked":"hexamod:ForkedFlame","floor":8},{"not_picked":["hexamod:FastForward","hexamod:EtherealExpedition"],"picked":"hexamod:AdvancingGuard","floor":10},{"not_picked":["hexamod:RadiantFlame","hexamod:RainOfEmbers"],"picked":"hexamod:ThirdSeal","floor":11},{"not_picked":["hexamod:Again","hexamod:ThirdSeal"],"picked":"hexamod:HeatCrush","floor":13},{"not_picked":["hexamod:AdvancingGuard","hexamod:BacktrackSmack"],"picked":"hexamod:GhostflameBarrier","floor":13},{"not_picked":["hexamod:NightmareGuise","hexamod:GhostLash"],"picked":"hexamod:ShieldOfDarkness","floor":14},{"not_picked":["hexamod:HauntingEcho","hexamod:HeatShield","hexamod:ShieldOfDarkness"],"picked":"SKIP","floor":14},{"not_picked":["hexamod:GhostShield","hexamod:ShieldOfDarkness"],"picked":"hexamod:SoulSteal","floor":15},{"not_picked":["hexamod:HeatShield","hexamod:AdvancingGuard"],"picked":"hexamod:SixthSeal","floor":15},{"not_picked":["hexamod:GhostflameInferno","hexamod:GhostOfSpirePresent"],"picked":"hexamod:TimeOfNeed","floor":16},{"not_picked":["hexamod:GhostOfSpirePresent","hexamod:UnlimitedPower"],"picked":"hexamod:SearingWound","floor":16},{"not_picked":["hexamod:NightmareGuise","hexamod:Firestarter"],"picked":"hexamod:EmpoweredFlame","floor":19},{"not_picked":["hexamod:SwordOfDarkness","hexamod:HeatCrush+1"],"picked":"hexamod:RadiantFlame","floor":19},{"not_picked":["hexamod:GhostShield","hexamod:Firestarter+1"],"picked":"hexamod:BurningTouch","floor":20},{"not_picked":["hexamod:UnleashSpirits","hexamod:HeatMetal"],"picked":"hexamod:InspiringFlames","floor":21},{"not_picked":["hexamod:FastForward","hexamod:NightmareGuise+1","hexamod:RecurringNightmare+1"],"picked":"SKIP","floor":21}],"player_experience":274040,"relics_obtained":[{"floor":8,"key":"Mango"}],"event_choices":[],"is_beta":false,"boss_relics":[{"not_picked":["Coffee Dripper","Runic Dome"],"picked":"hexamod:IceCube"}],"items_purged_floors":[],"is_endless":false,"potions_floor_spawned":[5,8,13,14,16,19,20],"killed_by":"3 Cultists","ascension_level":0}}