{"host":"ormi09wwzv7sq47a","time":1613485514,"event":{"mods":["2.2 Compatiblity","AchievementEnabler","Act Like it!","BaseMod","Bestiary","Better Altar","Better Note","Better Sensory Stone","Better Silent Start","Better Skull","Better Third Choice","Better Vampires","BetterRewards","Block Reminder","Card Forge","Colored Map","Colored Powertips","Curses Come First","DeckTracker","Downfall","Highlight Path","Minty Spire (QoL Compilation)","Permanent Neow","Quick Restart","Rare Cards Sparkle","Relic Stats","Shop Mod","StSLib","The Jungle"],"gold_per_floor":[115,0,20,20,32,32,32,32,32,32,52,85,85,96,96,175,175,185,185,185,185,201,201,201],"floor_reached":23,"language":"ENG","playtime":858,"items_purged":["Bash"],"score":359,"play_id":"4d8effb2-a25f-4a5c-b5be-c0d792f1c704","local_time":"20210216112514","is_ascension_mode":true,"campfire_choices":[{"data":"Perfected Strike","floor":6.0,"key":"SMITH"},{"data":"Thinking Ahead","floor":8.0,"key":"SMITH"},{"data":"Dramatic Entrance","floor":10.0,"key":"SMITH"},{"data":"True Grit","floor":13.0,"key":"SMITH"},{"data":"Pommel Strike","floor":15.0,"key":"SMITH"}],"circlet_count":0,"master_deck":["AscendersBane","Strike_R","Strike_R","Strike_R","Strike_R","Strike_R","Defend_R+1","Defend_R+1","Perfected Strike+1","Dramatic Entrance+1","Master of Strategy","Shrug It Off","Armaments","Pommel Strike+1","Enlightenment","Fire Breathing","Twin Strike","Thinking Ahead+1","Evolve","True Grit+1","Dark Embrace","Corruption","Disarm","Cleave","Blood for Blood","Power Through"],"relics":["Burning Blood","Hammer of Thor","Seething Fire","Anvil of the Gods","War Paint","champ:DeflectingBracers","The Courier","Bottled Flame","Coffee Dripper","betterThird:NestCultRelic","Self Forming Clay"],"acts_visited":["Exordium","TheCity"],"potions_floor_usage":[18],"damage_taken":[{"damage":0.0,"enemies":"Cultist","floor":1.0,"turns":3.0},{"damage":0.0,"enemies":"Small Slimes","floor":3.0,"turns":2.0},{"damage":1.0,"enemies":"2 Louse","floor":5.0,"turns":2.0},{"damage":6.0,"enemies":"Red Slaver","floor":11.0,"turns":2.0},{"damage":7.0,"enemies":"Lagavulin","floor":12.0,"turns":5.0},{"damage":3.0,"enemies":"Blue Slaver","floor":14.0,"turns":2.0},{"damage":55.0,"enemies":"The Guardian","floor":16.0,"turns":11.0},{"damage":29,"enemies":"3 Byrds","floor":18,"turns":5},{"damage":20,"enemies":"Chosen","floor":22,"turns":5},{"damage":27,"enemies":"Book of Stabbing","floor":23,"turns":5}],"seed_played":"-6193656494553063442","potions_obtained":[{"floor":3.0,"key":"Energy Potion"},{"floor":11.0,"key":"PowerPotion"},{"floor":14.0,"key":"BlessingOfTheForge"},{"floor":22,"key":"LiquidMemories"}],"is_trial":false,"path_per_floor":["M","?","M","$","M","R","?","R","T","R","M","E","R","M","R","B",null,"M","?","?","T","M","E"],"character_chosen":"IRONCLAD","items_purchased":["War Paint","Perfected Strike","Dramatic Entrance","Master of Strategy","Shrug It Off","Armaments"],"campfire_rested":0,"item_purchase_floors":[0,0,0,0,0,0],"current_hp_per_floor":[39,45,51,51,56,56,56,56,56,56,56,55,55,58,58,9,63,40,40,40,40,26,0,0],"gold":201,"neow_bonus":"","is_daily":false,"chose_seed":false,"campfire_upgraded":5,"win_rate":0.0,"timestamp":1613485514,"path_taken":["M","?","M","$","M","R","?","R","T","R","?","E","R","M","R","BOSS","M","?","?","?","?","E"],"items_purchased_type":["Relic","Card","Card","Card","Card","Card"],"build_version":"2020-12-22","purchased_purges":1,"victory":false,"max_hp_per_floor":[75,81,81,81,81,81,81,81,81,81,81,81,81,81,81,81,81,81,81,81,81,81,81,81],"relic_stats":{"counters":[10,42],"Self Forming Clay":[18],"War Paint":["Defend_R","Defend_R"],"obtain_stats":[{"Bottled Flame":12,"Anvil of the Gods":0,"Self Forming Clay":21,"Hammer of Thor":0,"champ:DeflectingBracers":0,"The Courier":9,"betterThird:NestCultRelic":19,"Coffee Dripper":17,"Seething Fire":0,"War Paint":0,"Burning Blood":0},{"Bottled Flame":5,"Anvil of the Gods":0,"Self Forming Clay":8,"Hammer of Thor":0,"champ:DeflectingBracers":0,"The Courier":3,"betterThird:NestCultRelic":8,"Coffee Dripper":7,"Seething Fire":0,"War Paint":0,"Burning Blood":0},{"Bottled Flame":14,"Anvil of the Gods":0,"Self Forming Clay":32,"Hammer of Thor":0,"champ:DeflectingBracers":0,"The Courier":7,"betterThird:NestCultRelic":32,"Coffee Dripper":27,"Seething Fire":0,"War Paint":0,"Burning Blood":0}],"Burning Blood":54},"card_choices":[{"not_picked":["Headbutt","Wild Strike"],"picked":"Pommel Strike","floor":1.0},{"not_picked":["Clothesline","Pommel Strike"],"picked":"Fire Breathing","floor":3.0},{"not_picked":["Havoc","Infernal Blade"],"picked":"Twin Strike","floor":5.0},{"not_picked":["Finesse","Metamorphosis"],"picked":"Thinking Ahead","floor":7.0},{"not_picked":["Pommel Strike","Headbutt"],"picked":"Evolve","floor":11.0},{"not_picked":["Thunderclap","Rampage"],"picked":"True Grit","floor":12.0},{"not_picked":["Carnage","Heavy Blade"],"picked":"Dark Embrace","floor":14.0},{"not_picked":["Limit Break","Feed"],"picked":"Corruption","floor":16.0},{"not_picked":["True Grit","Burning Pact"],"picked":"Disarm","floor":18},{"not_picked":["Havoc","Thunderclap"],"picked":"Power Through","floor":22}],"player_experience":1090488,"relics_obtained":[{"floor":9.0,"key":"The Courier"},{"floor":12.0,"key":"Bottled Flame"},{"floor":21,"key":"Self Forming Clay"}],"event_choices":[{"damage_healed":0.0,"max_hp_gain":0.0,"max_hp_loss":0.0,"gold_gain":0.0,"event_name":"betterThird:BetterSerpent","player_choice":"RENOUNCE","floor":2.0,"gold_loss":115.0,"damage_taken":115.0,"cards_obtained":["Enlightenment"]},{"damage_healed":0.0,"max_hp_gain":0.0,"max_hp_loss":0.0,"gold_gain":1.0,"event_name":"betterStone:BetterStone","player_choice":"1","floor":7.0,"gold_loss":0.0,"damage_taken":0.0},{"damage_healed":0,"gold_gain":0,"player_choice":"Madness","damage_taken":0,"relics_obtained":["betterThird:NestCultRelic"],"max_hp_gain":0,"max_hp_loss":0,"event_name":"betterThird:BetterNest","floor":19,"gold_loss":0},{"damage_healed":0,"gold_gain":0,"cards_transformed":["Defend_R","Defend_R"],"player_choice":"Became Test Subject","damage_taken":0,"max_hp_gain":0,"max_hp_loss":0,"event_name":"Drug Dealer","floor":20,"gold_loss":0,"cards_obtained":["Cleave","Blood for Blood"]}],"is_beta":false,"boss_relics":[{"not_picked":["expansioncontent:StudyCardRelic","Astrolabe"],"picked":"Coffee Dripper"}],"items_purged_floors":[0],"is_endless":false,"potions_floor_spawned":[3,11,14,22],"killed_by":"Book of Stabbing","ascension_level":18}}