{"host":"z0i2956snhkzdzmn","time":1613451469,"event":{"mods":["2.2 Compatiblity","Act Like it!","Arknights","BaseMod","Better Skull","Better Vampires","BetterRewards","Block Reminder","CatGirl Mod","Colored Powertips","Conspire","Curses Come First","Dota2Spire","GifTheSpireLib","GungeonMod","Highlight Path","Minty Spire (QoL Compilation)","Pale of the Ancients","Permanent Neow","Quick Restart","Rare Cards Sparkle","Relic Stats","Reliquary","StSLib","The Judge","The Marked","The Showman","TheBandit","Unceasing Turn Reminder","thorton"],"gold_per_floor":[118,118,137,137,148,148,148,148,174,202,221,221,253,7,7,7,7],"floor_reached":16,"language":"ENG","playtime":534,"items_purged":[],"score":108,"play_id":"a720c58e-5ddc-4c7d-af1c-89fb05b51747","local_time":"20210215205749","is_ascension_mode":false,"campfire_choices":[{"floor":6,"key":"REST"},{"floor":12,"key":"REST"},{"floor":15,"key":"REST"}],"circlet_count":0,"master_deck":["WordoMod:StrikeCard","WordoMod:StrikeCard","WordoMod:StrikeCard","WordoMod:StrikeCard","WordoMod:DefendCard","WordoMod:DefendCard","WordoMod:DefendCard","WordoMod:DefendCard","WordoMod:Accursed","WordoMod:IllWill","WordoMod:Exorcism","WordoMod:ProjectilePurge","Injury","WordoMod:GreatSeal","WordoMod:SoulSpear","WordoMod:MentalFortitude","Injury","WordoMod:EndOfTheWorld","WordoMod:BreakChains","WordoMod:Unchained"],"relics":["WordoMod:Obsidian","WordoMod:Effigy","reliquary:Boomerang","reliquary:Stiletto","Dota2Spire:BlackKingBar","Juzu Bracelet"],"acts_visited":["Exordium"],"potions_floor_usage":[10,13],"damage_taken":[{"damage":6,"enemies":"Jaw Worm","floor":1,"turns":2},{"damage":8,"enemies":"2 Louse","floor":3,"turns":3},{"damage":0,"enemies":"Cultist","floor":5,"turns":3},{"damage":29,"enemies":"Gremlin Nob","floor":10,"turns":4},{"damage":14,"enemies":"Exordium Thugs","floor":11,"turns":3},{"damage":32,"enemies":"3 Sentries","floor":13,"turns":5},{"damage":46,"enemies":"The Guardian","floor":16,"turns":7}],"seed_played":"7581613169990162061","potions_obtained":[{"floor":3,"key":"Fire Potion"},{"floor":11,"key":"Explosive Potion"}],"is_trial":false,"path_per_floor":["M","?","M","?","M","R","?","?","T","E","M","R","E","$","R","B"],"character_chosen":"JUDGE_CLASS","items_purchased":["Juzu Bracelet","WordoMod:BreakChains","WordoMod:Unchained"],"campfire_rested":3,"item_purchase_floors":[14,14,14],"current_hp_per_floor":[69,69,61,61,61,75,75,75,75,46,32,54,22,22,44,0,0],"gold":7,"neow_bonus":"RANDOM_COMMON_RELIC","is_daily":false,"chose_seed":false,"campfire_upgraded":0,"win_rate":0.0,"timestamp":1613451469,"path_taken":["M","?","M","?","M","R","?","?","T","E","M","R","E","?","R","BOSS"],"items_purchased_type":["Relic","Card","Card"],"build_version":"2020-12-22","purchased_purges":0,"victory":false,"max_hp_per_floor":[75,75,75,75,75,75,75,75,75,75,75,75,75,75,75,75,75],"relic_stats":{"counters":[7,27],"Juzu Bracelet":0,"obtain_stats":[{"WordoMod:Effigy":0,"reliquary:Boomerang":0,"Dota2Spire:BlackKingBar":10,"WordoMod:Obsidian":0,"DemoMod:GlassGuonStoneRelic":3,"reliquary:Stiletto":9,"Juzu Bracelet":14},{"WordoMod:Effigy":0,"reliquary:Boomerang":0,"Dota2Spire:BlackKingBar":4,"WordoMod:Obsidian":0,"DemoMod:GlassGuonStoneRelic":2,"reliquary:Stiletto":3,"Juzu Bracelet":6},{"WordoMod:Effigy":0,"reliquary:Boomerang":0,"Dota2Spire:BlackKingBar":12,"WordoMod:Obsidian":0,"DemoMod:GlassGuonStoneRelic":5,"reliquary:Stiletto":8,"Juzu Bracelet":20}]},"card_choices":[{"not_picked":["WordoMod:Vulgarity","WordoMod:SecondChance"],"picked":"WordoMod:Exorcism","floor":1},{"not_picked":["WordoMod:LanternFlame","WordoMod:WipingAllOut"],"picked":"WordoMod:ProjectilePurge","floor":3},{"not_picked":["Decay","Parasite"],"picked":"Injury","floor":5},{"not_picked":["WordoMod:Retaliate","WordoMod:Penitence"],"picked":"WordoMod:GreatSeal","floor":5},{"not_picked":["WordoMod:CloudOfDust","WordoMod:BoundlessGreed"],"picked":"WordoMod:SoulSpear","floor":10},{"not_picked":["WordoMod:SoulSpear","WordoMod:ShackleGuard"],"picked":"WordoMod:MentalFortitude","floor":11},{"not_picked":["WordoMod:FoggyMind","Decay"],"picked":"Injury","floor":13},{"not_picked":["WordoMod:HoldTheFort","WordoMod:BoundlessGreed"],"picked":"WordoMod:EndOfTheWorld","floor":13}],"player_experience":160985,"relics_obtained":[{"floor":9,"key":"reliquary:Stiletto"},{"floor":10,"key":"Dota2Spire:BlackKingBar"}],"event_choices":[{"damage_healed":0,"gold_gain":0,"player_choice":"Ignored","damage_taken":0,"max_hp_gain":0,"max_hp_loss":0,"event_name":"Golden Wing","floor":2,"gold_loss":0},{"damage_healed":0,"gold_gain":0,"player_choice":"Leave","damage_taken":0,"max_hp_gain":0,"max_hp_loss":0,"event_name":"conspire:Investor","floor":4,"gold_loss":0},{"damage_healed":0,"gold_gain":0,"player_choice":"Leave","damage_taken":0,"max_hp_gain":0,"max_hp_loss":0,"event_name":"The Cleric","floor":8,"gold_loss":0}],"is_beta":false,"boss_relics":[],"items_purged_floors":[],"is_endless":false,"potions_floor_spawned":[3,11],"killed_by":"The Guardian","ascension_level":0}}