{"host":"syfsfjmzue8y1a6l","time":1613465899,"event":{"mods":["AchievementEnabler","BaseMod","Colored Map","DeckTracker","Minty Spire (QoL Compilation)","Permanent Neow","SuperFastMode"],"gold_per_floor":[111,186,202,219,219,254,274,274,274,307,307,307,325,97,97,198,198,211,88,106,119,139,171,171,190,214,225,105,137,156,172,172,172,172],"floor_reached":33,"language":"KOR","playtime":2399,"items_purged":["Strike_R","Defend_R"],"score":301,"play_id":"e495d0d8-0598-443c-ac39-d68ae15a33e7","local_time":"20210216175819","is_ascension_mode":false,"campfire_choices":[{"data":"Armaments","floor":8,"key":"SMITH"},{"data":"Rage","floor":12,"key":"SMITH"},{"data":"Uppercut","floor":15,"key":"SMITH"},{"data":"True Grit","floor":24,"key":"SMITH"},{"data":"Intimidate","floor":32,"key":"SMITH"}],"circlet_count":0,"master_deck":["Strike_R","Strike_R","Strike_R+1","Strike_R","Defend_R","Defend_R","Defend_R","Bash+1","Bludgeon","Armaments+1","Inflame","Rage+1","Warcry","Anger","Uppercut+1","Reaper","Warcry+1","True Grit+1","Warcry","Spot Weakness","Reckless Charge","Metallicize","Reckless Charge","Intimidate+1","Rage","Dark Embrace+1"],"relics":["Burning Blood","Bird Faced Urn","Ginger","Happy Flower","Orichalcum","Runic Cube","Unceasing Top","Anchor","Matryoshka"],"acts_visited":["Exordium","TheCity"],"potions_floor_usage":[13,16,23,25,33,33],"damage_taken":[{"damage":3,"enemies":"Small Slimes","floor":1,"turns":3},{"damage":6,"enemies":"Jaw Worm","floor":3,"turns":4},{"damage":2,"enemies":"2 Louse","floor":4,"turns":3},{"damage":14,"enemies":"Gremlin Nob","floor":6,"turns":3},{"damage":0,"enemies":"2 Fungi Beasts","floor":7,"turns":4},{"damage":40,"enemies":"3 Sentries","floor":10,"turns":13},{"damage":6,"enemies":"Large Slime","floor":13,"turns":6},{"damage":10,"enemies":"Slime Boss","floor":16,"turns":9},{"damage":1,"enemies":"Chosen","floor":18,"turns":4},{"damage":19,"enemies":"2 Thieves","floor":20,"turns":5},{"damage":18,"enemies":"Centurion and Healer","floor":21,"turns":7},{"damage":16,"enemies":"Shelled Parasite and Fungi","floor":22,"turns":5},{"damage":61,"enemies":"Slavers","floor":23,"turns":6},{"damage":16,"enemies":"Snake Plant","floor":25,"turns":4},{"damage":20,"enemies":"Snecko","floor":27,"turns":5},{"damage":21,"enemies":"Book of Stabbing","floor":29,"turns":6},{"damage":32,"enemies":"Sentry and Sphere","floor":30,"turns":6},{"damage":9,"enemies":"Snake Plant","floor":31,"turns":4},{"damage":71,"enemies":"Automaton","floor":33,"turns":6}],"seed_played":"-6315041530644121916","potions_obtained":[{"floor":4,"key":"Strength Potion"},{"floor":7,"key":"LiquidBronze"},{"floor":10,"key":"BloodPotion"},{"floor":13,"key":"AttackPotion"},{"floor":20,"key":"SpeedPotion"},{"floor":29,"key":"FearPotion"},{"floor":30,"key":"BlessingOfTheForge"}],"is_trial":false,"path_per_floor":["M","?","M","M","?","E","M","R","T","E","?","R","M","$","R","B",null,"M","$","M","M","M","E","R","M","T","M","$","E","M","M","R","B"],"character_chosen":"IRONCLAD","items_purchased":["Orichalcum","True Grit","Metallicize","Reckless Charge"],"campfire_rested":0,"item_purchase_floors":[14,19,28,28],"current_hp_per_floor":[72,61,61,65,51,43,51,51,51,19,1,1,17,17,17,15,72,72,72,66,62,67,47,47,53,53,51,51,50,28,27,27,0,0],"gold":172,"neow_bonus":"THREE_RARE_CARDS","is_daily":false,"chose_seed":false,"campfire_upgraded":5,"win_rate":0.0,"timestamp":1613465899,"path_taken":["M","?","M","M","?","E","M","R","T","E","?","R","M","$","R","BOSS","M","$","M","M","M","E","R","M","T","M","$","E","M","M","R","BOSS"],"items_purchased_type":["Relic","Card","Card","Card"],"build_version":"2020-12-22","purchased_purges":2,"victory":false,"max_hp_per_floor":[72,72,72,72,72,72,72,72,72,72,72,72,72,72,72,72,72,72,72,72,72,72,72,72,72,72,72,72,72,72,72,72,72,72],"card_choices":[{"not_picked":["Corruption","Berserk"],"picked":"Bludgeon","floor":0},{"not_picked":["True Grit","Thunderclap"],"picked":"Armaments","floor":1},{"not_picked":["Sword Boomerang","True Grit"],"picked":"Inflame","floor":3},{"not_picked":["Iron Wave","Headbutt","Body Slam"],"picked":"SKIP","floor":4},{"not_picked":["Bloodletting","Fire Breathing"],"picked":"Rage","floor":6},{"not_picked":["Thunderclap","Dark Embrace"],"picked":"Warcry","floor":7},{"not_picked":["Sword Boomerang","Flex"],"picked":"Anger","floor":10},{"not_picked":["Second Wind","Rage"],"picked":"Uppercut","floor":13},{"not_picked":["Offering","Feed"],"picked":"Reaper","floor":16},{"not_picked":["Anger","Iron Wave"],"picked":"Warcry+1","floor":18},{"not_picked":["Entrench","Body Slam"],"picked":"Warcry","floor":20},{"not_picked":["Perfected Strike+1","Uppercut","Armaments"],"picked":"SKIP","floor":21},{"not_picked":["Pommel Strike","Warcry"],"picked":"Spot Weakness","floor":22},{"not_picked":["Flex","Reckless Charge","Thunderclap"],"picked":"SKIP","floor":23},{"not_picked":["True Grit+1","Disarm"],"picked":"Reckless Charge","floor":25},{"not_picked":["Clothesline+1","Fiend Fire","Warcry"],"picked":"SKIP","floor":27},{"not_picked":["Burning Pact","Clothesline"],"picked":"Intimidate","floor":29},{"not_picked":["Twin Strike","Carnage"],"picked":"Rage","floor":30},{"not_picked":["Shrug It Off+1","Pommel Strike"],"picked":"Dark Embrace+1","floor":31}],"player_experience":89729,"relics_obtained":[{"floor":6,"key":"Bird Faced Urn"},{"floor":10,"key":"Ginger"},{"floor":23,"key":"Unceasing Top"},{"floor":26,"key":"Anchor"},{"floor":29,"key":"Matryoshka"}],"event_choices":[{"damage_healed":0,"gold_gain":75,"player_choice":"Gather Gold","damage_taken":11,"max_hp_gain":0,"max_hp_loss":0,"event_name":"World of Goop","floor":2,"gold_loss":0},{"damage_healed":0,"gold_gain":0,"player_choice":"Entered Light","damage_taken":14,"max_hp_gain":0,"max_hp_loss":0,"event_name":"Shining Light","floor":5,"gold_loss":0,"cards_upgraded":["Bash","Strike_R"]},{"damage_healed":0,"gold_gain":0,"player_choice":"Success","damage_taken":18,"relics_obtained":["Happy Flower"],"max_hp_gain":0,"max_hp_loss":0,"event_name":"Scrap Ooze","floor":11,"gold_loss":0}],"is_beta":false,"boss_relics":[{"not_picked":["Ectoplasm","SacredBark"],"picked":"Runic Cube"}],"items_purged_floors":[14,19],"is_endless":false,"potions_floor_spawned":[4,7,10,13,20,21,29,30],"killed_by":"Automaton","ascension_level":0}}