{"host":"txhhdwa0hqfs4jhb","time":1613516380,"event":{"mods":["BaseMod","Better Third Choice","Filter the Spire","Mad Scientist","Minty Spire (QoL Compilation)","Relic Filter Mod","Relic Stats","Reliquary","Replay The Spire","StSLib","Thieving Mod"],"gold_per_floor":[112,112,132,132,146,172,172,197,223,223,223,223],"floor_reached":11,"language":"ENG","playtime":610,"items_purged":[],"score":85,"play_id":"5d34a720-827f-44da-8fb7-1b9500435d05","local_time":"20210216225940","is_ascension_mode":true,"campfire_choices":[{"floor":7,"key":"REST"},{"floor":10,"key":"REST"}],"circlet_count":0,"master_deck":["MadScienceMod:Strike_MadScience","MadScienceMod:Strike_MadScience","MadScienceMod:Strike_MadScience","MadScienceMod:Defend_MadScience","MadScienceMod:Defend_MadScience","MadScienceMod:Defend_MadScience","MadScienceMod:Defend_MadScience","MadScienceMod:PoweredStrike","MadScienceMod:HideBehindJunk","MadScienceMod:AcidSpray","MadScienceMod:OilDrum","MadScienceMod:RadioactiveSword","MadScienceMod:CloneVats","MadScienceMod:GatherParts","MadScienceMod:NowOrNever"],"relics":["MadScienceMod:FuelTank","Replay:PocketPolymizer","MadScienceMod:SignalFlag","reliquary:Aerogel","Counterbalance","reliquary:Stiletto","reliquary:ExpiredCoupon"],"acts_visited":["Exordium"],"potions_floor_usage":[6,6,8],"damage_taken":[{"damage":0,"enemies":"Cultist","floor":1,"turns":4},{"damage":6,"enemies":"Small Slimes","floor":3,"turns":3},{"damage":0,"enemies":"Jaw Worm","floor":5,"turns":6},{"damage":44,"enemies":"Gremlin Nob","floor":6,"turns":5},{"damage":37,"enemies":"Lagavulin","floor":8,"turns":9},{"damage":21,"enemies":"Gremlin Nob","floor":11,"turns":4}],"seed_played":"-1228937391949489800","potions_obtained":[{"floor":1,"key":"SkillPotion"},{"floor":5,"key":"EssenceOfSteel"},{"floor":6,"key":"Block Potion"}],"is_trial":false,"path_per_floor":["M","$","M","T","M","E","R","E","T","R","E"],"character_chosen":"MAD_SCIENTIST","items_purchased":[],"campfire_rested":2,"item_purchase_floors":[],"current_hp_per_floor":[68,68,62,62,62,18,38,1,1,21,0,0],"gold":223,"neow_bonus":"ONE_RARE_RELIC","is_daily":false,"chose_seed":false,"campfire_upgraded":0,"win_rate":0.0,"timestamp":1613516380,"path_taken":["M","$","?","?","M","E","R","E","T","R","E"],"items_purchased_type":[],"build_version":"2020-12-22","purchased_purges":0,"victory":false,"max_hp_per_floor":[68,68,68,68,68,68,68,68,68,68,68,68],"relic_stats":{"counters":[6,31],"obtain_stats":[{"MadScienceMod:FuelTank":0,"MadScienceMod:SignalFlag":2,"reliquary:ExpiredCoupon":9,"Replay:PocketPolymizer":0,"reliquary:Aerogel":4,"Counterbalance":6,"reliquary:Stiletto":8},{"MadScienceMod:FuelTank":0,"MadScienceMod:SignalFlag":1,"reliquary:ExpiredCoupon":5,"Replay:PocketPolymizer":0,"reliquary:Aerogel":2,"Counterbalance":4,"reliquary:Stiletto":5},{"MadScienceMod:FuelTank":0,"MadScienceMod:SignalFlag":4,"reliquary:ExpiredCoupon":27,"Replay:PocketPolymizer":0,"reliquary:Aerogel":7,"Counterbalance":18,"reliquary:Stiletto":27}]},"card_choices":[{"not_picked":["MadScienceMod:BandageBot","MadScienceMod:NowOrNever"],"picked":"MadScienceMod:AcidSpray","floor":1},{"not_picked":["MadScienceMod:FlexibleSpear","MadScienceMod:Sprocket"],"picked":"MadScienceMod:OilDrum","floor":3},{"not_picked":["MadScienceMod:MindControlBeam","MadScienceMod:AntimatterBomb"],"picked":"MadScienceMod:RadioactiveSword","floor":5},{"not_picked":["MadScienceMod:LightOnFire","MadScienceMod:FlexibleSpear"],"picked":"MadScienceMod:CloneVats","floor":6},{"not_picked":["MadScienceMod:FlameCannon","MadScienceMod:ShrinkRay"],"picked":"MadScienceMod:NowOrNever","floor":8}],"player_experience":328690,"relics_obtained":[{"floor":4,"key":"reliquary:Aerogel"},{"floor":6,"key":"Counterbalance"},{"floor":8,"key":"reliquary:Stiletto"},{"floor":9,"key":"reliquary:ExpiredCoupon"}],"event_choices":[],"is_beta":false,"boss_relics":[],"items_purged_floors":[],"is_endless":false,"potions_floor_spawned":[1,5,6],"killed_by":"Gremlin Nob","ascension_level":1}}