{"host":"qj2ynjh122p6ybyd","time":1613477278,"event":{"mods":["AchievementEnabler","Aspiration","BaseMod","Better Match","Better Note","Highlight Path","Infinite Spire","Minty Spire (QoL Compilation)","Quick Restart","Relic Stats","Reliquary","Replay The Spire","StSLib","SuperFastMode","The Blackbeard","The Gatherer"],"gold_per_floor":[112,187,187,201,220,220,220,220],"floor_reached":7,"language":"RUS","playtime":149,"items_purged":[],"score":72,"play_id":"e297489b-fe56-4605-98b4-b6e9d8136d4e","local_time":"20210216140758","is_ascension_mode":true,"campfire_choices":[{"data":"Fusion","floor":6,"key":"SMITH"}],"circlet_count":0,"master_deck":["AscendersBane","Strike_B","Strike_B","Strike_B","Strike_B","Defend_B","Defend_B","Defend_B","Defend_B","Zap","Dualcast","Heatsinks","Fusion+1"],"relics":["infinitespire:DarkRift","aspiration:Lifesprig","infinitespire:Cubic Diamond"],"acts_visited":["Exordium"],"potions_floor_usage":[7],"damage_taken":[{"damage":5,"enemies":"Small Slimes","floor":1,"turns":3},{"damage":2,"enemies":"Jaw Worm","floor":4,"turns":3},{"damage":5,"enemies":"2 Louse","floor":5,"turns":4},{"damage":45,"enemies":"3 Sentries","floor":7,"turns":6}],"seed_played":"6403181324442854319","potions_obtained":[{"floor":1,"key":"Strength Potion"}],"is_trial":false,"path_per_floor":["M","?","?","M","M","R","E"],"character_chosen":"DEFECT","items_purchased":[],"campfire_rested":0,"item_purchase_floors":[],"current_hp_per_floor":[59,48,48,46,41,41,0,0],"gold":220,"neow_bonus":"RANDOM_COMMON_RELIC","is_daily":false,"chose_seed":false,"campfire_upgraded":1,"win_rate":0.0,"timestamp":1613477278,"path_taken":["M","?","?","M","M","R","E"],"items_purchased_type":[],"build_version":"2020-12-22","purchased_purges":0,"victory":false,"max_hp_per_floor":[71,71,71,71,71,71,71,71],"relic_stats":{"counters":[4,16],"obtain_stats":[{"aspiration:Lifesprig":0,"infinitespire:DarkRift":3,"infinitespire:Cubic Diamond":3,"Cracked Core":0},{"aspiration:Lifesprig":0,"infinitespire:DarkRift":1,"infinitespire:Cubic Diamond":1,"Cracked Core":0},{"aspiration:Lifesprig":0,"infinitespire:DarkRift":3,"infinitespire:Cubic Diamond":3,"Cracked Core":0}]},"card_choices":[{"not_picked":["Redo","Beam Cell","Leap"],"picked":"SKIP","floor":1},{"not_picked":["Barrage","Force Field"],"picked":"Heatsinks","floor":4},{"not_picked":["Compile Driver","Gash"],"picked":"Fusion","floor":5}],"player_experience":388744,"relics_obtained":[],"event_choices":[{"damage_healed":0,"gold_gain":75,"player_choice":"Gather Gold","damage_taken":11,"max_hp_gain":0,"max_hp_loss":0,"event_name":"World of Goop","floor":2,"gold_loss":0}],"is_beta":false,"boss_relics":[],"items_purged_floors":[],"is_endless":false,"potions_floor_spawned":[1],"killed_by":"3 Sentries","ascension_level":15}}