{"host":"kh6fvhxn285ncg0o","time":1613465785,"event":{"mods":["Act Like it!","BaseMod","Colored Map","Friendly Minions","Keyboard Shortcuts","Minty Spire (QoL Compilation)","Quick Restart","Relic Stats","StSLib","SuperFastMode","UnlockEverythingMod"],"gold_per_floor":[119,31,44,44,44,44,85,85,108,108,122,200,200,200],"floor_reached":13,"language":"KOR","playtime":201,"items_purged":[],"score":162,"play_id":"2f35f4f9-9c6a-4ad1-9e29-a3e94b4b551c","local_time":"20210216175625","is_ascension_mode":true,"campfire_choices":[{"data":"Carnage","floor":6.0,"key":"SMITH"},{"floor":10.0,"key":"REST"}],"circlet_count":0,"master_deck":["AscendersBane","Strike_R","Strike_R","Strike_R","Strike_R","Defend_R","Defend_R","Defend_R","Defend_R","Bash","Warcry","Power Through","Carnage+1","Rage","Evolve"],"relics":["Burning Blood","The Courier","Golden Idol","Blue Candle","Bag of Preparation","HornCleat"],"acts_visited":["Exordium"],"potions_floor_usage":[],"damage_taken":[{"damage":14.0,"enemies":"Jaw Worm","floor":1.0,"turns":6.0},{"damage":1.0,"enemies":"Small Slimes","floor":3.0,"turns":3.0},{"damage":49.0,"enemies":"Gremlin Nob","floor":7.0,"turns":5.0},{"damage":0.0,"enemies":"2 Louse","floor":11.0,"turns":3.0},{"damage":33.0,"enemies":"Lagavulin Event","floor":12.0,"turns":7.0},{"damage":25,"enemies":"Lagavulin","floor":13,"turns":5}],"seed_played":"-1241335967752721","potions_obtained":[{"floor":7.0,"key":"CultistPotion"},{"floor":11.0,"key":"Swift Potion"},{"floor":12.0,"key":"Explosive Potion"}],"is_trial":false,"path_per_floor":["M","$","M","?","?","R","E","?","T","R","M","?","E"],"character_chosen":"IRONCLAD","items_purchased":["Carnage"],"campfire_rested":1,"item_purchase_floors":[2],"current_hp_per_floor":[60,60,65,54,54,54,11,11,11,31,37,10,0,0],"gold":200,"neow_bonus":"TRANSFORM_CARD","is_daily":false,"chose_seed":false,"campfire_upgraded":1,"win_rate":0.0,"timestamp":1613465785,"path_taken":["M","$","M","?","?","R","E","?","T","R","M","?","E"],"items_purchased_type":["Card"],"build_version":"2020-12-22","purchased_purges":0,"victory":false,"max_hp_per_floor":[75,75,75,75,68,68,68,68,68,68,68,68,68,68],"relic_stats":{"counters":[6,29],"Golden Idol":35,"Blue Candle":[0],"Bag of Preparation":[6],"obtain_stats":[{"HornCleat":12,"Golden Idol":5,"Blue Candle":7,"The Courier":4,"Bag of Preparation":9,"Burning Blood":0},{"HornCleat":5,"Golden Idol":2,"Blue Candle":3,"The Courier":2,"Bag of Preparation":3,"Burning Blood":0},{"HornCleat":24,"Golden Idol":9,"Blue Candle":14,"The Courier":9,"Bag of Preparation":14,"Burning Blood":0}],"Burning Blood":30},"card_choices":[{"not_picked":["Cleave","Pommel Strike"],"picked":"Power Through","floor":1.0},{"not_picked":["Flex","Uppercut"],"picked":"Rage","floor":3.0},{"not_picked":["Headbutt","Spot Weakness"],"picked":"Evolve","floor":7.0}],"player_experience":1432579,"relics_obtained":[{"floor":7.0,"key":"Blue Candle"},{"floor":9.0,"key":"Bag of Preparation"},{"floor":12.0,"key":"HornCleat"}],"event_choices":[{"damage_healed":0.0,"max_hp_gain":0.0,"max_hp_loss":0.0,"gold_gain":0.0,"event_name":"Scrap Ooze","player_choice":"Success","floor":4.0,"gold_loss":0.0,"damage_taken":11.0,"relics_obtained":["The Courier"]},{"damage_healed":0.0,"max_hp_gain":0.0,"max_hp_loss":7.0,"gold_gain":0.0,"event_name":"Golden Idol","player_choice":"Lose Max HP","floor":5.0,"gold_loss":0.0,"damage_taken":0.0,"relics_obtained":["Golden Idol"]},{"damage_healed":0.0,"max_hp_gain":0.0,"max_hp_loss":0.0,"gold_gain":0.0,"event_name":"Shining Light","player_choice":"Ignored","floor":8.0,"gold_loss":0.0,"damage_taken":0.0},{"damage_healed":0.0,"max_hp_gain":0.0,"max_hp_loss":0.0,"gold_gain":0.0,"event_name":"Dead Adventurer","player_choice":"Searched \u00271\u0027 times","floor":12.0,"gold_loss":0.0,"damage_taken":0.0}],"is_beta":false,"boss_relics":[],"items_purged_floors":[],"is_endless":false,"potions_floor_spawned":[7,11,12],"killed_by":"Lagavulin","ascension_level":20}}