{"host":"og21o26alpnbwmz8","time":1613486946,"event":{"mods":["Act Like it!","Aspiration","BaseMod","Conspire","Downfall","Gensokyo","GungeonMod","Halation","Hubris","Jedi Mod","Mimic Mod","Minty Spire (QoL Compilation)","Pale of the Ancients","Reliquary","Replay The Spire","Shop Mod","Spikes Relics","StSLib","The Alterego","The Blue Laboratory","The Poker Player","The Problem Sleuth","Waifu the Spire","Yuri Mod"],"gold_per_floor":[99,115,131,145,165,165,165,165,200,215,215,229,229,245,260,355,355,355,371,390,401,418,447,447,466,496,296,309,219,219,219,230,325,325,225,239,250,250,266,279,279,279,279,21,37,52,52,63,82,82,82,82,82,82],"floor_reached":52,"language":"ENG","playtime":2269,"items_purged":["champ:Strike","champ:Strike"],"score":731,"play_id":"285fe075-7a52-49e1-8144-39070df93c5a","local_time":"20210216094906","is_ascension_mode":false,"campfire_choices":[{"data":"champ:Taunt","floor":1,"key":"SMITH"},{"data":"champ:Duel","floor":11,"key":"SMITH"},{"data":"champ:BerserkerStyle","floor":13,"key":"SMITH"},{"data":"champ:AdrenalArmor","floor":18,"key":"SMITH"},{"floor":27,"key":"REST"},{"floor":30,"key":"RECALL"},{"data":"champ:ShieldSigil","floor":35,"key":"SMITH"},{"floor":43,"key":"REST"},{"data":"champ:AdrenalArmor","floor":47,"key":"SMITH"}],"circlet_count":0,"master_deck":["champ:Strike","champ:Strike","champ:Defend","champ:Defend","champ:Defend","champ:Defend","champ:Execute","champ:Taunt+1","Finesse","champ:FocusedBerserking","champ:Duel+1","champ:BerserkerStyle+1","champ:BerserkersShout","champ:AdrenalArmor+1","champ:HeartStrike","champ:ShieldSigil+1","champ:HeartStrike+1","champ:AdrenalArmor+1","champ:FocusedBerserking","hubris:NaturalOne","champ:Endure+1"],"relics":["champ:ChampionCrown","reliquary:SilkGlove","halation:PinkSoulGem","hexamod:CandleOfCauterizing","Painkiller Herb","Dream Catcher","reliquary:ExpiredCoupon","downfall:HeartBlessingGreen","downfall:HeartBlessingBlue","hubris:Icosahedron","Busted Crown","downfall:HeartBlessingRed","hubris:Potato","hubris:EmptyBottle"],"acts_visited":["Exordium","TheCity","TheCity","TheEnding"],"potions_floor_usage":[21,21,26,26,52],"damage_taken":[{"damage":20,"enemies":"Gensokyo:3_Fairies","floor":2,"turns":4},{"damage":20,"enemies":"Gensokyo:Gryphon","floor":3,"turns":4},{"damage":21,"enemies":"Gensokyo:2_Kodama","floor":4,"turns":3},{"damage":26,"enemies":"Gensokyo:2_Rabbits","floor":5,"turns":5},{"damage":37,"enemies":"Gensokyo:Cirno","floor":9,"turns":7},{"damage":46,"enemies":"Gensokyo:Gryphon_and_Rabbit","floor":10,"turns":5},{"damage":68,"enemies":"Gensokyo:VengefulSpirit","floor":12,"turns":4},{"damage":50,"enemies":"Gensokyo:Python_and_Kodama","floor":14,"turns":3},{"damage":57,"enemies":"Gensokyo:CorruptedTreant","floor":15,"turns":3},{"damage":153,"enemies":"SI_SHIV_ARCHETYPE","floor":16,"turns":7},{"damage":50,"enemies":"Chosen","floor":19,"turns":3},{"damage":47,"enemies":"Spheric Guardian","floor":20,"turns":4},{"damage":45,"enemies":"Chosen and Byrds","floor":21,"turns":4},{"damage":74,"enemies":"Snecko","floor":22,"turns":5},{"damage":130,"enemies":"conspire:SneckoGhost","floor":23,"turns":6},{"damage":80,"enemies":"Cultist and Chosen","floor":25,"turns":5},{"damage":44,"enemies":"Book of Stabbing","floor":26,"turns":4},{"damage":84,"enemies":"3 Cultists","floor":28,"turns":4},{"damage":93,"enemies":"downfall:FleeingMerchant","floor":29,"turns":4},{"damage":80,"enemies":"Snake Plant","floor":32,"turns":3},{"damage":0,"enemies":"DF_ARCHETYPE_CLAW","floor":33,"turns":1},{"damage":111,"enemies":"Gensokyo:3_Boulders","floor":36,"turns":6},{"damage":132,"enemies":"Gensokyo:AncientGuardian","floor":37,"turns":8},{"damage":96,"enemies":"Gensokyo:SeedOfUnknown","floor":39,"turns":4},{"damage":28,"enemies":"Gensokyo:3_Boulders","floor":40,"turns":3},{"damage":0,"enemies":"downfall:FleeingMerchant","floor":44,"turns":4},{"damage":2,"enemies":"Gensokyo:Sharpion","floor":45,"turns":4},{"damage":2,"enemies":"Gensokyo:AtlasGolem","floor":46,"turns":4},{"damage":13,"enemies":"Gensokyo:SeedOfUnknown","floor":48,"turns":5},{"damage":0,"enemies":"Gensokyo:Sharpion","floor":49,"turns":4},{"damage":42,"enemies":"IC_BLOCK_ARCHETYPE","floor":50,"turns":11},{"damage":127,"enemies":"downfall:CharBossMerchant","floor":52,"turns":8}],"seed_played":"227182302689759497","potions_obtained":[{"floor":5,"key":"PowerPotion"},{"floor":9,"key":"Fire Potion"},{"floor":10,"key":"blueLaboratory:BottledHope"},{"floor":14,"key":"Slimebound:ThreeZeroPotion"},{"floor":23,"key":"blueLaboratory:PhilterOfMotion"},{"floor":25,"key":"Energy Potion"},{"floor":28,"key":"champ:CounterPotion"},{"floor":39,"key":"Guardian:BlockOnCardUsePotion"}],"is_trial":false,"path_per_floor":["R","M","M","M","M","?","T","?","E","M","R","M","R","M","M","B",null,"T","?","?","?","?","E","T","?","E","T","?","T","T","?","?","B",null,"T","?","?","?","?","?","T","?","T","T","?","?","T","?","?","B",null,"E"],"character_chosen":"THE_CHAMP","items_purchased":["hubris:EmptyBottle"],"campfire_rested":2,"item_purchase_floors":[44],"current_hp_per_floor":[90,90,90,89,88,88,88,88,82,74,74,74,74,71,64,59,90,90,90,86,81,76,43,43,40,34,74,68,67,67,67,67,67,100,100,95,82,47,29,29,29,39,69,100,100,100,100,87,100,100,100,0,0,0],"gold":82,"neow_bonus":"RANDOM_COLORLESS","is_daily":false,"chose_seed":false,"campfire_upgraded":6,"win_rate":0.0,"timestamp":1613486946,"path_taken":["R","M","?","M","M","?","T","?","E","M","R","?","R","M","M","BOSS","T","?","?","?","?","E","T","?","E","T","?","T","T","?","?","BOSS","T","?","?","?","?","?","T","?","T","T","?","?","T","?","?","BOSS","E"],"items_purchased_type":["Relic"],"build_version":"2020-12-22","purchased_purges":2,"victory":false,"max_hp_per_floor":[90,90,90,90,90,90,90,90,90,90,90,90,90,90,90,90,90,90,90,90,90,90,90,90,90,90,100,100,100,100,100,100,100,100,100,100,100,100,100,100,100,100,100,100,100,100,100,100,100,100,100,100,100,100],"card_choices":[{"not_picked":["Mind Blast","Bandage Up"],"picked":"Finesse","floor":0},{"not_picked":["champ:ShieldSlam","champ:EndlessRage"],"picked":"champ:FocusedBerserking","floor":2},{"not_picked":["champ:CrownThrow","champ:FocusedDefense"],"picked":"champ:Duel","floor":3},{"not_picked":["champ:Haymaker","champ:BladeFlurry","champ:BringItOn"],"picked":"SKIP","floor":4},{"not_picked":["champ:ShieldSigil","champ:EndlessRage"],"picked":"champ:BerserkerStyle","floor":5},{"not_picked":["champ:BringItOn","champ:SwordSigil"],"picked":"champ:BerserkersShout","floor":9},{"not_picked":["champ:EnragedBash","champ:BerserkerStyle"],"picked":"champ:AdrenalArmor","floor":10},{"not_picked":["champ:GutPunch","champ:Circumvent","champ:HeartStrike"],"picked":"SKIP","floor":12},{"not_picked":["champ:DefensiveStyle","champ:SteelEdge","champ:Backstep"],"picked":"SKIP","floor":14},{"not_picked":["champ:BringItOn","champ:PreciseThrust","champ:Parry"],"picked":"SKIP","floor":15},{"not_picked":["champ:CrownThrow+1","champ:Circumvent","champ:BerserkersShout"],"picked":"SKIP","floor":19},{"not_picked":["champ:BladeFlurry","champ:Shatter"],"picked":"champ:HeartStrike","floor":20},{"not_picked":["champ:GutPunch+1","champ:BerserkersShout","champ:DancingMaster"],"picked":"SKIP","floor":21},{"not_picked":["champ:PreciseThrust+1","champ:StanceDance"],"picked":"champ:ShieldSigil","floor":22},{"not_picked":["champ:FlashCut","champ:FocusedDefense","champ:PerfectedStrike"],"picked":"SKIP","floor":23},{"not_picked":["champ:FanOfKnives","champ:TornadoPunch+1","champ:BringItOn+1"],"picked":"SKIP","floor":25},{"not_picked":["champ:FanOfKnives+1","champ:EnragedBash"],"picked":"champ:HeartStrike+1","floor":26},{"not_picked":["champ:DefensiveStyle","champ:Backstep"],"picked":"champ:AdrenalArmor","floor":27},{"not_picked":["champ:PreemptiveStrike","champ:IgnorePain"],"picked":"champ:FocusedBerserking","floor":28},{"not_picked":["champ:PreemptiveStrike+1","champ:StanceDance","champ:SetATrap"],"picked":"SKIP","floor":29},{"not_picked":["champ:BladeFlurry","champ:CrownThrow"],"picked":"champ:Endure+1","floor":32},{"not_picked":["champ:StanceDance"],"picked":"SKIP","floor":36},{"not_picked":["champ:BringItOn+1"],"picked":"SKIP","floor":37},{"not_picked":["champ:RapidStrikes"],"picked":"SKIP","floor":39},{"not_picked":["champ:PerfectedStrike+1"],"picked":"SKIP","floor":40},{"not_picked":["champ:IronFortress+1"],"picked":"SKIP","floor":44},{"not_picked":["champ:BerserkersShout"],"picked":"SKIP","floor":45},{"not_picked":["champ:Backstep"],"picked":"SKIP","floor":46},{"not_picked":["champ:BladeFlurry+1"],"picked":"SKIP","floor":48},{"not_picked":["champ:PerfectedStrike+1"],"picked":"SKIP","floor":49}],"player_experience":288458,"relics_obtained":[{"floor":7,"key":"reliquary:SilkGlove"},{"floor":9,"key":"hexamod:CandleOfCauterizing"},{"floor":23,"key":"Dream Catcher"},{"floor":26,"key":"reliquary:ExpiredCoupon"},{"floor":41,"key":"hubris:Potato"}],"event_choices":[],"is_beta":false,"boss_relics":[{"not_picked":["halation:ForbiddenBikini","SacredBark"],"picked":"Painkiller Herb"},{"not_picked":["Abe\u0027s Treasure","reliquary:RedPaperclip"],"picked":"Busted Crown"}],"items_purged_floors":[29,44],"is_endless":false,"potions_floor_spawned":[5,9,10,12,14,19,23,25,28,39,40,45,48,49],"killed_by":"downfall:CharBossMerchant","ascension_level":0}}