{"host":"rq6soridv5n2augj","time":1613474138,"event":{"mods":["BaseMod","Downfall","Googly Eyes","Hermit","Marisa????????","Minty Spire (QoL Compilation)","READ ME - Guardian Mod","Remilia??????","Replay The Spire","StSLib","The Animator","The Cursed","The Hierophant","The Necromancer","The Senshi","The Servant 0.9.4"],"gold_per_floor":[99,121,9,9,20,20,71,71,82,109,109,134,134,154,186,301,301,301,35,235,249,39,81,81,81,8,8,8,8,23,33,45,149,149,149,163,174,184,11,27,27,60,60,60,60,98,118,132,154,166,166],"floor_reached":50,"language":"ENG","playtime":5696,"items_purged":["animator:Defend","animator:Strike","downfall:Haunted","animator:Strike"],"score":568,"play_id":"fa090b50-fc00-42d9-afe0-d0d793712786","local_time":"20210216031538","is_ascension_mode":false,"campfire_choices":[{"data":"animator:Kazuma","floor":1,"key":"SMITH"},{"data":"animator:Genos","floor":6,"key":"SMITH"},{"floor":13,"key":"REST"},{"data":"animator:Hans","floor":18,"key":"SMITH"},{"floor":25,"key":"REST"},{"data":"animator:Sora","floor":27,"key":"SMITH"},{"data":"animator:Demiurge","floor":29,"key":"SMITH"},{"floor":44,"key":"REST"}],"circlet_count":0,"master_deck":["animator:Strike","animator:Defend","animator:Kazuma+1","animator:Aqua","animator:Emonzaemon","animator:DolaRiku","animator:Jibril","animator:Genos+1","Conserve Battery","animator:Melzalgald","animator:CowGirl","animator:GoblinSlayer","animator:Azekura","animator:LizardPriest","animator:Hans+1","animator:DolaSchwi","animator:MetalKnight+1","animator:Sora+1","animator:Megumin+4","animator:Tet","animator:Demiurge+1","animator:Albedo","animator:Saitama","animator:Sebas","animator:Shiro","Spreading Infection","Wraith","Lust_TH","animator:Demiurge+1","expansioncontent:QuickStudy","animator:Mitsurugi","animator:Chris+1","animator:Kagari","Parasite","animator:UneriGinkaku","animator:GuildGirl+1","animator:Demiurge","animator:Aqua"],"relics":["animator:LivingPicture","animator:TheMissingPiece","Dead Branch","animator:Buoy","Du-Vu Doll","Replay:WaspNest","Replay:Bronze Core","Sling","PreservedInsect","animator:EngravedStaff","Lee\u0027s Waffle","Replay:Ancient Bell","Replay:Wax Seal","Chameleon Ring","Mango","Darkstone Periapt"],"acts_visited":["Exordium","TheCity","TheBeyond"],"potions_floor_usage":[10,14,21,23,26,37,37,38,42,47,50],"damage_taken":[{"damage":11,"enemies":"Cultist","floor":2,"turns":7},{"damage":3,"enemies":"downfall:FleeingMerchant","floor":3,"turns":4},{"damage":3,"enemies":"Jaw Worm","floor":5,"turns":5},{"damage":0,"enemies":"2 Louse","floor":9,"turns":3},{"damage":8,"enemies":"Lots of Slimes","floor":10,"turns":2},{"damage":22,"enemies":"3 Sentries","floor":12,"turns":7},{"damage":4,"enemies":"3 Louse","floor":14,"turns":3},{"damage":3,"enemies":"downfall:LooterAlt","floor":15,"turns":3},{"damage":42,"enemies":"IC_STATUS_ARCHETYPE","floor":16,"turns":10},{"damage":0,"enemies":"downfall:FleeingMerchant","floor":19,"turns":5},{"damage":7,"enemies":"Shell Parasite","floor":21,"turns":2},{"damage":12,"enemies":"downfall:FleeingMerchant","floor":22,"turns":6},{"damage":12,"enemies":"Gremlin Leader","floor":23,"turns":7},{"damage":1,"enemies":"downfall:FleeingMerchant","floor":26,"turns":4},{"damage":17,"enemies":"3 Byrds","floor":30,"turns":2},{"damage":0,"enemies":"Centurion and Healer","floor":31,"turns":4},{"damage":6,"enemies":"Snake Plant","floor":32,"turns":4},{"damage":9,"enemies":"WA_ARCHETYPE_CALM","floor":33,"turns":7},{"damage":4,"enemies":"Orb Walker","floor":36,"turns":3},{"damage":12,"enemies":"3 Darklings","floor":37,"turns":3},{"damage":20,"enemies":"Spire Growth","floor":38,"turns":5},{"damage":14,"enemies":"Transient","floor":40,"turns":5},{"damage":10,"enemies":"Maw","floor":42,"turns":8},{"damage":1,"enemies":"Writhing Mass","floor":46,"turns":4},{"damage":2,"enemies":"3 Darklings","floor":47,"turns":3},{"damage":19,"enemies":"4 Shapes","floor":48,"turns":3},{"damage":5,"enemies":"Maw","floor":49,"turns":6},{"damage":74,"enemies":"DF_ARCHETYPE_ORBS","floor":50,"turns":6}],"seed_played":"877481989690237444","potions_obtained":[{"floor":9,"key":"AttackPotion"},{"floor":12,"key":"LiquidBronze"},{"floor":16,"key":"sneckomod:MuddlingPotion"},{"floor":21,"key":"Ancient Potion"},{"floor":23,"key":"Block Potion"},{"floor":32,"key":"Block Potion"},{"floor":35,"key":"ColorlessPotion"},{"floor":35,"key":"Doom Potion"},{"floor":37,"key":"SpeedPotion"},{"floor":42,"key":"SteroidPotion"},{"floor":46,"key":"animator:FalseLifePotion"},{"floor":48,"key":"SpeedPotion"}],"is_trial":false,"path_per_floor":["R","M","$","T","M","R","T","?","M","M","T","E","R","M","M","B",null,"R","$","?","M","$","E","T","R","$","R","?","R","M","M","M","B",null,"R","M","M","M","$","M","T","M","?","R","$","M","M","M","M","B"],"character_chosen":"THE_ANIMATOR","items_purchased":["animator:Jibril","Sling","animator:Megumin","animator:Demiurge","animator:Albedo","Lee\u0027s Waffle","expansioncontent:QuickStudy"],"campfire_rested":3,"item_purchase_floors":[3,19,22,26,26,26,39],"current_hp_per_floor":[72,61,58,58,57,57,57,57,59,53,53,34,55,54,53,13,74,74,74,74,67,57,48,48,70,81,81,73,73,56,58,54,47,95,95,93,83,65,65,54,54,46,46,74,74,81,80,63,60,0,0],"gold":166,"neow_bonus":"TEN_PERCENT_HP_BONUS","is_daily":false,"chose_seed":false,"campfire_upgraded":5,"win_rate":0.0,"timestamp":1613474138,"path_taken":["R","M","$","?","?","R","T","?","M","?","?","E","R","M","M","BOSS","R","$","?","M","$","E","T","R","$","R","?","R","?","M","M","BOSS","R","M","M","M","$","M","T","M","?","R","$","M","M","?","M","BOSS"],"items_purchased_type":["Card","Relic","Card","Card","Card","Relic","Card"],"build_version":"2020-12-22","purchased_purges":4,"victory":false,"max_hp_per_floor":[72,72,72,72,72,72,72,72,72,72,72,73,73,74,74,74,74,74,74,74,74,74,74,74,74,81,81,81,81,81,81,81,81,95,95,95,95,95,95,96,96,96,96,96,96,102,103,103,103,103,103],"card_choices":[{"not_picked":["animator:SilverFang","animator:Jibril"],"picked":"animator:Emonzaemon","floor":2},{"not_picked":["animator:NarberalGamma","animator:MaesHughes"],"picked":"animator:DolaRiku","floor":3},{"not_picked":["animator:IzunaHatsuse","animator:FielNirvalen"],"picked":"animator:Genos","floor":5},{"not_picked":["animator:Geryuganshoop","animator:Tatsumaki"],"picked":"animator:Melzalgald","floor":9},{"not_picked":["animator:Konayuki","animator:Verdia"],"picked":"animator:CowGirl","floor":10},{"not_picked":["animator:Sloth","animator:Father"],"picked":"animator:GoblinSlayer","floor":12},{"not_picked":["animator:Entoma","animator:Konayuki"],"picked":"animator:Azekura","floor":14},{"not_picked":["animator:CowGirl","animator:Spearman"],"picked":"animator:LizardPriest","floor":15},{"not_picked":["animator:Wiz","animator:Eris"],"picked":"animator:Hans","floor":16},{"not_picked":["animator:SilverFang","animator:Cocytus"],"picked":"animator:DolaSchwi","floor":19},{"not_picked":["animator:LizardPriest","animator:TsurugaMeisai"],"picked":"animator:MetalKnight+1","floor":21},{"not_picked":["animator:Emonzaemon+1","animator:Konayuki+1"],"picked":"animator:Sora","floor":22},{"not_picked":["animator:FielNirvalen","animator:DolaRiku"],"picked":"animator:Tet","floor":23},{"not_picked":["animator:Sloth","animator:Cocytus+1","animator:ElricAlphonse"],"picked":"SKIP","floor":26},{"not_picked":["animator:MaesHughes","animator:ZankiKiguchi","animator:RoyMustang+1"],"picked":"SKIP","floor":30},{"not_picked":["animator:Chris","animator:Scar"],"picked":"animator:Saitama","floor":31},{"not_picked":["animator:Cocytus","animator:Evileye"],"picked":"animator:Sebas","floor":32},{"not_picked":["animator:Albedo","animator:HigakiRinne"],"picked":"animator:Shiro","floor":33},{"not_picked":["ReplayTheSpireMod:Faulty Equipment","CurseOfTheBell"],"picked":"Spreading Infection","floor":34},{"not_picked":["Envy_TH","animator:Curse_Greed"],"picked":"Wraith","floor":34},{"not_picked":["ReplayTheSpireMod:Splinters","CurseOfTheBell"],"picked":"Lust_TH","floor":34},{"not_picked":["animator:DwarfShaman","animator:IzunaHatsuse","animator:MetalKnight+1"],"picked":"SKIP","floor":36},{"not_picked":["animator:Darkness","animator:Azekura","animator:Sora"],"picked":"SKIP","floor":37},{"not_picked":["animator:TsurugaMeisai+1","animator:Scar"],"picked":"animator:Demiurge+1","floor":38},{"not_picked":["animator:Aqua","animator:Chris"],"picked":"animator:Mitsurugi","floor":40},{"not_picked":["animator:Mitsurugi","animator:PandorasActor+1"],"picked":"animator:Chris+1","floor":42},{"not_picked":["animator:Vanir","animator:Cocytus"],"picked":"animator:UneriGinkaku","floor":46},{"not_picked":["animator:Sebas+1","animator:Jibril+1"],"picked":"animator:GuildGirl+1","floor":47},{"not_picked":["animator:PandorasActor","animator:Sebas"],"picked":"animator:Demiurge","floor":48},{"not_picked":["animator:Azekura+1","animator:ElricAlphonse+1"],"picked":"animator:Aqua","floor":49}],"player_experience":359930,"relics_obtained":[{"floor":4,"key":"Dead Branch"},{"floor":7,"key":"animator:Buoy"},{"floor":11,"key":"Du-Vu Doll"},{"floor":12,"key":"Replay:WaspNest"},{"floor":23,"key":"PreservedInsect"},{"floor":24,"key":"animator:EngravedStaff"},{"floor":41,"key":"Darkstone Periapt"}],"event_choices":[{"cards_removed":["animator:Defend_Konosuba"],"damage_healed":0,"gold_gain":0,"player_choice":"Took Card","damage_taken":0,"max_hp_gain":0,"max_hp_loss":0,"event_name":"NoteForYourself","floor":8,"gold_loss":0,"cards_obtained":["Conserve Battery"]}],"is_beta":false,"boss_relics":[{"not_picked":["animator:CursedBlade","ReplayTheSpireMod:DimensionalGlitch"],"picked":"Replay:Bronze Core"},{"not_picked":["Replay:Wanted Poster","SlaversCollar"],"picked":"Replay:Ancient Bell"},{"not_picked":["Bag of Preparation","War Paint"],"picked":"Replay:Wax Seal"},{"not_picked":["Mummified Hand","Molten Egg 2"],"picked":"Chameleon Ring"},{"not_picked":["Lizard Tail","Ginger"],"picked":"Mango"}],"items_purged_floors":[3,19,22,26],"is_endless":false,"potions_floor_spawned":[9,12,16,21,23,32,37,42,46,48],"killed_by":"DF_ARCHETYPE_ORBS","ascension_level":0}}