{"host":"8vqkh0x3c7vpgzzm","time":1613494050,"event":{"mods":["AchievementEnabler","BaseMod","Colored Map","Colored Powertips","Curses Come First","DeckTracker","Highlight Path","Minty Spire (QoL Compilation)","Permanent Neow","Quick Restart","Random Character Mod","Rare Cards Sparkle","Relic Sorter","Relic Stats","StSLib","SuperFastMode","Unceasing Turn Reminder","egg","everything is the same but u backflip on backflip"],"gold_per_floor":[112,37,37,55,72,100,175,204,229,229,242,242,252,46,46,141,141,161,171,183,183,196,223,223,236,314,314,216,216,245,170,170,273,273,284,295,648,204,224,250,250,250,250,281,44,0,0,13,13,13],"floor_reached":51,"language":"ENG","playtime":1118,"items_purged":["Strike_R","Strike_R","Strike_R","Strike_R","Defend_R"],"score":903,"play_id":"cfcdc57e-ca30-4e63-9a4c-a45d498a322e","local_time":"20210216174730","daily_mods":["Specialized"],"is_ascension_mode":false,"campfire_choices":[{"data":"Bash","floor":12,"key":"SMITH"},{"data":"Berserk","floor":15,"key":"SMITH"},{"data":"Immolate","floor":24,"key":"SMITH"},{"data":"Shrug It Off","floor":27,"key":"SMITH"},{"data":"Shrug It Off","floor":29,"key":"SMITH"},{"data":"Offering","floor":32,"key":"SMITH"},{"data":"Double Tap","floor":42,"key":"SMITH"},{"data":"Dual Wield","floor":47,"key":"SMITH"},{"data":"Clothesline","floor":49,"key":"SMITH"}],"circlet_count":0,"master_deck":["Defend_R","Defend_R","Defend_R","Bash+1","Bludgeon","Bludgeon","Bludgeon","Bludgeon","Cleave","Ghostly Armor","Shrug It Off+1","Berserk+1","Corruption","Clothesline+1","Immolate+1","Armaments+1","Shrug It Off+1","Offering+1","Double Tap+1","Bludgeon","Bludgeon","Dual Wield+1","Shrug It Off"],"relics":["Burning Blood","Smiling Mask","Blood Vial","FossilizedHelix","Bronze Scales","Orichalcum","Snecko Eye","Pen Nib","Matryoshka","Strawberry","StrikeDummy","Juzu Bracelet","Sozu","Old Coin","Bottled Tornado","Calipers","CeramicFish","Toy Ornithopter","Paper Frog","Oddly Smooth Stone","Red Mask"],"acts_visited":["Exordium","TheCity","TheBeyond"],"potions_floor_usage":[10,34],"damage_taken":[{"damage":0,"enemies":"Cultist","floor":1,"turns":2},{"damage":3,"enemies":"Small Slimes","floor":4,"turns":2},{"damage":0,"enemies":"2 Louse","floor":5,"turns":3},{"damage":22,"enemies":"3 Sentries","floor":6,"turns":6},{"damage":14,"enemies":"Gremlin Nob","floor":8,"turns":3},{"damage":9,"enemies":"Gremlin Gang","floor":11,"turns":4},{"damage":10,"enemies":"Lots of Slimes","floor":13,"turns":3},{"damage":21,"enemies":"The Guardian","floor":16,"turns":8},{"damage":9,"enemies":"Shell Parasite","floor":18,"turns":2},{"damage":0,"enemies":"2 Thieves","floor":19,"turns":3},{"damage":0,"enemies":"3 Cultists","floor":20,"turns":3},{"damage":0,"enemies":"Snecko","floor":22,"turns":3},{"damage":0,"enemies":"Book of Stabbing","floor":23,"turns":2},{"damage":0,"enemies":"Snake Plant","floor":25,"turns":1},{"damage":0,"enemies":"Gremlin Leader","floor":30,"turns":2},{"damage":10,"enemies":"Champ","floor":33,"turns":4},{"damage":0,"enemies":"Orb Walker","floor":35,"turns":1},{"damage":0,"enemies":"3 Darklings","floor":36,"turns":2},{"damage":0,"enemies":"2 Orb Walkers","floor":37,"turns":3},{"damage":0,"enemies":"Maw","floor":39,"turns":4},{"damage":0,"enemies":"Nemesis","floor":40,"turns":1},{"damage":0,"enemies":"Reptomancer","floor":44,"turns":3},{"damage":0,"enemies":"4 Shapes","floor":48,"turns":1},{"damage":33,"enemies":"Awakened One","floor":50,"turns":6}],"seed_played":"-7502022320530490501","potions_obtained":[{"floor":5,"key":"Dexterity Potion"},{"floor":8,"key":"EssenceOfSteel"},{"floor":10,"key":"Fruit Juice"},{"floor":10,"key":"PowerPotion"},{"floor":11,"key":"Regen Potion"},{"floor":16,"key":"EntropicBrew"},{"floor":22,"key":"DistilledChaos"},{"floor":25,"key":"FearPotion"}],"is_trial":true,"path_per_floor":["M","$","?","M","M","E","?","E","T","?","M","R","M","$","R","B",null,"M","M","M","?","M","E","R","M","T","R","$","R","E","?","R","B",null,"M","M","?","$","M","E","?","R","T","E","$","?","R","M","R","B",null],"character_chosen":"IRONCLAD","items_purchased":["Orichalcum","Shrug It Off","Bludgeon","Dual Wield","Bottled Tornado","Shrug It Off","Oddly Smooth Stone"],"campfire_rested":0,"item_purchase_floors":[14,28,38,38,38,45,45],"current_hp_per_floor":[80,80,73,76,80,64,53,47,47,52,51,51,49,49,49,36,85,82,85,85,85,85,85,85,85,92,92,92,92,92,92,92,88,92,92,92,92,92,92,92,92,92,92,92,92,92,92,92,92,65],"gold":13,"neow_bonus":"","is_daily":false,"chose_seed":false,"campfire_upgraded":9,"win_rate":0.0,"timestamp":1613494050,"path_taken":["M","$","?","M","M","E","?","E","T","?","M","R","?","$","R","BOSS","M","?","M","?","M","E","R","M","T","R","?","R","E","?","R","BOSS","M","M","?","$","M","E","?","R","T","E","$","?","R","M","R","BOSS"],"items_purchased_type":["Relic","Card","Card","Card","Relic","Card","Relic"],"build_version":"2020-12-22","purchased_purges":5,"victory":true,"max_hp_per_floor":[80,80,80,80,80,80,80,80,80,85,85,85,85,85,85,85,85,85,85,85,85,85,85,85,85,92,92,92,92,92,92,92,92,92,92,92,92,92,92,92,92,92,92,92,92,92,92,92,92,92],"relic_stats":{"counters":[24,72],"CeramicFish":9,"Pen Nib":[8],"Juzu Bracelet":0,"Orichalcum":[54],"Smiling Mask":350,"Burning Blood":59,"Blood Vial":10,"Sozu":6,"Bronze Scales":[127],"Snecko Eye":[75,79,87,80],"obtain_stats":[{"Calipers":40,"CeramicFish":43,"Oddly Smooth Stone":45,"Pen Nib":21,"Juzu Bracelet":30,"Orichalcum":14,"Bottled Tornado":38,"Smiling Mask":3,"Burning Blood":0,"Old Coin":37,"Blood Vial":6,"Sozu":34,"Matryoshka":23,"Bronze Scales":9,"Strawberry":26,"Snecko Eye":17,"Red Mask":46,"StrikeDummy":26,"FossilizedHelix":8,"Toy Ornithopter":43,"Paper Frog":44},{"Calipers":21,"CeramicFish":21,"Oddly Smooth Stone":22,"Pen Nib":11,"Juzu Bracelet":15,"Orichalcum":7,"Bottled Tornado":19,"Smiling Mask":1,"Burning Blood":0,"Old Coin":19,"Blood Vial":4,"Sozu":16,"Matryoshka":13,"Bronze Scales":5,"Strawberry":14,"Snecko Eye":8,"Red Mask":22,"StrikeDummy":14,"FossilizedHelix":5,"Toy Ornithopter":21,"Paper Frog":22},{"Calipers":62,"CeramicFish":62,"Oddly Smooth Stone":65,"Pen Nib":39,"Juzu Bracelet":47,"Orichalcum":23,"Bottled Tornado":57,"Smiling Mask":2,"Burning Blood":0,"Old Coin":57,"Blood Vial":13,"Sozu":51,"Matryoshka":44,"Bronze Scales":16,"Strawberry":45,"Snecko Eye":31,"Red Mask":65,"StrikeDummy":45,"FossilizedHelix":16,"Toy Ornithopter":62,"Paper Frog":65}],"Toy Ornithopter":0},"card_choices":[{"not_picked":["Headbutt","Evolve"],"picked":"Cleave","floor":1},{"not_picked":["Body Slam","Headbutt","Rage"],"picked":"SKIP","floor":4},{"not_picked":["Combust","Warcry"],"picked":"Ghostly Armor","floor":5},{"not_picked":["Carnage","Flex"],"picked":"Shrug It Off","floor":6},{"not_picked":["Warcry","Iron Wave","True Grit"],"picked":"SKIP","floor":8},{"not_picked":["Headbutt","True Grit","Iron Wave"],"picked":"SKIP","floor":11},{"not_picked":["Pommel Strike","Sever Soul"],"picked":"Berserk","floor":13},{"not_picked":["Berserk","Feed"],"picked":"Corruption","floor":16},{"not_picked":["True Grit+1","Cleave","Headbutt+1"],"picked":"SKIP","floor":18},{"not_picked":["Headbutt","Warcry+1"],"picked":"Clothesline","floor":19},{"not_picked":["Carnage","True Grit","Perfected Strike"],"picked":"SKIP","floor":20},{"not_picked":["Carnage","True Grit","Perfected Strike"],"picked":"SKIP","floor":20},{"not_picked":["Entrench+1","Havoc"],"picked":"Immolate","floor":22},{"not_picked":["Dual Wield","Flex","Armaments+1"],"picked":"SKIP","floor":23},{"not_picked":["Dual Wield","Flex"],"picked":"Armaments+1","floor":23},{"not_picked":["Thunderclap","Twin Strike","Fire Breathing"],"picked":"SKIP","floor":25},{"not_picked":["Thunderclap","Twin Strike","Fire Breathing"],"picked":"SKIP","floor":25},{"not_picked":["Body Slam","Heavy Blade"],"picked":"Offering","floor":30},{"not_picked":["Juggernaut","Exhume"],"picked":"Double Tap","floor":33},{"not_picked":["Iron Wave","Sword Boomerang+1","Wild Strike"],"picked":"SKIP","floor":35},{"not_picked":["Havoc","Fire Breathing+1","Bludgeon"],"picked":"SKIP","floor":36},{"not_picked":["Havoc","Fire Breathing+1"],"picked":"Bludgeon","floor":36},{"not_picked":["Whirlwind","Twin Strike+1","Rupture"],"picked":"SKIP","floor":39},{"not_picked":["Rampage","Flex+1","Clothesline"],"picked":"SKIP","floor":40},{"not_picked":["Headbutt","Barricade","Havoc+1"],"picked":"SKIP","floor":44},{"not_picked":["Headbutt","Barricade","Havoc+1"],"picked":"SKIP","floor":44},{"not_picked":["Spot Weakness","Combust","Havoc+1"],"picked":"SKIP","floor":48}],"player_experience":573147,"relics_obtained":[{"floor":6,"key":"Blood Vial"},{"floor":8,"key":"FossilizedHelix"},{"floor":9,"key":"Bronze Scales"},{"floor":23,"key":"Matryoshka"},{"floor":26,"key":"Strawberry"},{"floor":26,"key":"StrikeDummy"},{"floor":30,"key":"Juzu Bracelet"},{"floor":37,"key":"Old Coin"},{"floor":40,"key":"Calipers"},{"floor":43,"key":"CeramicFish"},{"floor":43,"key":"Toy Ornithopter"},{"floor":44,"key":"Paper Frog"}],"event_choices":[{"damage_healed":0,"gold_gain":0,"player_choice":"Success","damage_taken":7,"relics_obtained":["Smiling Mask"],"max_hp_gain":0,"max_hp_loss":0,"event_name":"Scrap Ooze","floor":3,"gold_loss":0},{"damage_healed":0,"gold_gain":75,"player_choice":"Gather Gold","damage_taken":11,"max_hp_gain":0,"max_hp_loss":0,"event_name":"World of Goop","floor":7,"gold_loss":0},{"damage_healed":0,"gold_gain":0,"player_choice":"Got Potions","damage_taken":0,"max_hp_gain":0,"max_hp_loss":0,"event_name":"Lab","floor":10,"gold_loss":0},{"damage_healed":0,"gold_gain":0,"player_choice":"Gave Potion","damage_taken":0,"relics_obtained":["Pen Nib"],"max_hp_gain":0,"max_hp_loss":0,"event_name":"WeMeetAgain","floor":21,"gold_loss":0},{"cards_removed":["Strike_R"],"damage_healed":0,"gold_gain":0,"player_choice":"Gave Gold","damage_taken":0,"max_hp_gain":0,"max_hp_loss":0,"event_name":"Beggar","floor":31,"gold_loss":75},{"damage_healed":0,"gold_gain":0,"player_choice":"Fight","damage_taken":0,"max_hp_gain":0,"max_hp_loss":0,"event_name":"Mysterious Sphere","floor":37,"gold_loss":0},{"cards_removed":["Bludgeon"],"damage_healed":0,"gold_gain":0,"player_choice":"Removed Attack","damage_taken":0,"max_hp_gain":0,"max_hp_loss":0,"event_name":"Falling","floor":41,"gold_loss":0},{"damage_healed":0,"gold_gain":0,"player_choice":"Paid","damage_taken":0,"relics_obtained":["Red Mask"],"max_hp_gain":0,"max_hp_loss":0,"event_name":"Tomb of Lord Red Mask","floor":46,"gold_loss":44}],"is_beta":false,"boss_relics":[{"not_picked":["Runic Cube","Calling Bell"],"picked":"Snecko Eye"},{"not_picked":["Velvet Choker","Black Blood"],"picked":"Sozu"}],"items_purged_floors":[2,14,28,38,45],"is_endless":false,"potions_floor_spawned":[5,8,11,16,19,22,23,25,35,39,44],"ascension_level":0}}