{"host":"fyg75lclw0tbsq92","time":1613445029,"event":{"mods":["AchievementEnabler","Act Like it!","Aspiration","BaseMod","BetterRewards","Gensokyo","Minty Spire (QoL Compilation)","Reimu£®≤©¿ˆ¡È√Œ£©","Replay The Spire","StSLib","The Administrix","The Disciple"],"gold_per_floor":[113,113,131,148,148,148,178,178,229,242,242,252,268,286,286,358,358,370,370,370,121,121,150,169,202,202,213,213,33,52,78,78,154,154,166,185,210,210,210,240,257,286,286,373,479,479,554,613,613,773,773,782,164,284,384],"floor_reached":56,"language":"ZHS","playtime":6694,"items_purged":["Injury","HakureiPhantom:ReiMu+1"],"score":3123,"play_id":"611856c2-5cad-48ad-b0db-220b0720e2d4","local_time":"20210216111029","is_ascension_mode":true,"campfire_choices":[{"floor":6.0,"key":"RECALL"},{"floor":8.0,"key":"REST"},{"data":"InherentArray:ReiMu","floor":15.0,"key":"SMITH"},{"floor":28.0,"key":"REST"},{"floor":32.0,"key":"REST"},{"data":"Writhe","floor":49.0,"key":"PURGE"},{"data":"CleanRite:ReiMu","floor":52.0,"key":"SMITH"}],"circlet_count":0,"master_deck":["AscendersBane","Strike_Lin:ReiMu+1","Strike_Lin:ReiMu+1","Defend_Lin:ReiMu+1","Defend_Lin:ReiMu+1","NB:ReiMu","Stagnation:ReiMu","CleanRite:ReiMu+1","RainPray2:ReiMu","Gathering:ReiMu","RainPray2:ReiMu+1","Enchanting:ReiMu+1","Shading:ReiMu+1","Revelation:ReiMu+1","SafetyPray:ReiMu+1","AirStrike:ReiMu+1","Metamorphosis+1","Impatience+1","Secret Weapon+1","YinYangSange:ReiMu+1","ReplayTheSpireMod:Brewmster+1","Revelation:ReiMu","InherentArray:ReiMu+1","YinYangSange:ReiMu","SpreadBorder2:ReiMu","HakureiPhantom:ReiMu+1","RainPray2:ReiMu","PassingAway:ReiMu","MikOfLucky:ReiMu","SpreadBorder2:ReiMu+1","Amulet:ReiMu+1","Thinking Ahead+1","PrepareRite:ReiMu","Dreaming:ReiMu+1","RainPray2:ReiMu","RainPray2:ReiMu+1","RainPray2:ReiMu","LovePray:ReiMu","Master of Strategy+1","MikOfLucky:ReiMu+1","KyokaiOfKami:ReiMu+1","Free:ReiMu+1","LearningPray:ReiMu+1","Free:ReiMu+1","RainPray2:ReiMu+1","WonderfulDomain:ReiMu+1","CeremonyResonance:ReiMu+1","PassingAway:ReiMu","Madness+1"],"relics":["FlyPower:ReiMu","Mummified Hand","Prayer Wheel","Potion Belt","ReplayTheSpireMod:ShopPack","BargainBundle","Golden Egg","Orrery","Question Card","Gensokyo:ConquerorOfFear","Ice Cream","Empty Cage","Mango","aspiration:ChemicalBlood","Pantograph","Garlic","Letter Opener","MealTicket","aspiration:PoetsPen_weak","Replay:PocketPolymizer","ReplayTheSpireMod:Ring of Collecting","Pear","Replay:Bandana","ReplayTheSpireMod:Ring of Addiction","SacredBark","White Beast Statue","CeramicFish","FossilizedHelix","Divine Protection","OrangePellets","Onion Ring","Unceasing Top"],"acts_visited":["Exordium","TheCity","TheBeyond","TheEnding"],"potions_floor_usage":[54,55,55,55,55,55,55,55,55,55,55,55,55],"damage_taken":[{"damage":10.0,"enemies":"Small Slimes","floor":1.0,"turns":5.0},{"damage":0.0,"enemies":"Cultist","floor":3.0,"turns":3.0},{"damage":1.0,"enemies":"Jaw Worm","floor":4.0,"turns":3.0},{"damage":25.0,"enemies":"3 Sentries","floor":7.0,"turns":12.0},{"damage":8.0,"enemies":"Gremlin Gang","floor":10.0,"turns":7.0},{"damage":10.0,"enemies":"Exordium Wildlife","floor":12.0,"turns":4.0},{"damage":5.0,"enemies":"Looter","floor":13.0,"turns":4.0},{"damage":3.0,"enemies":"3 Louse","floor":14.0,"turns":10.0},{"damage":0.0,"enemies":"Fading Forest","floor":16.0,"turns":11.0},{"damage":20.0,"enemies":"3 Byrds","floor":18.0,"turns":6.0},{"damage":23.0,"enemies":"Gremlin Leader","floor":23.0,"turns":6.0},{"damage":0.0,"enemies":"Shell Parasite","floor":24.0,"turns":8.0},{"damage":16.0,"enemies":"Slavers","floor":25.0,"turns":7.0},{"damage":0.0,"enemies":"Shelled Parasite and Fungi","floor":27.0,"turns":6.0},{"damage":1.0,"enemies":"3 Cultists","floor":30.0,"turns":4.0},{"damage":0.0,"enemies":"Gremlin Leader","floor":31.0,"turns":4.0},{"damage":0.0,"enemies":"Automaton","floor":33.0,"turns":8.0},{"damage":0.0,"enemies":"Orb Walker","floor":35.0,"turns":5.0},{"damage":10.0,"enemies":"3 Shapes","floor":36.0,"turns":6.0},{"damage":6.0,"enemies":"Mind Bloom Boss Battle","floor":37.0,"turns":8.0},{"damage":0.0,"enemies":"Reptomancer","floor":40.0,"turns":4.0},{"damage":8.0,"enemies":"3 Darklings","floor":41.0,"turns":4.0},{"damage":5.0,"enemies":"Giant Head","floor":42.0,"turns":4.0},{"damage":13.0,"enemies":"2 Orb Walkers","floor":44.0,"turns":3.0},{"damage":0.0,"enemies":"Maw","floor":45.0,"turns":4.0},{"damage":0.0,"enemies":"Reptomancer","floor":47.0,"turns":4.0},{"damage":0.0,"enemies":"Writhing Mass","floor":48.0,"turns":5.0},{"damage":33.0,"enemies":"Time Eater","floor":50.0,"turns":8.0},{"damage":0,"enemies":"Shield and Spear","floor":54,"turns":5},{"damage":27,"enemies":"The Heart","floor":55,"turns":5}],"seed_played":"-1352635283125250459","potions_obtained":[{"floor":1.0,"key":"Explosive Potion"},{"floor":10.0,"key":"Swift Potion"},{"floor":14.0,"key":"FearPotion"},{"floor":18.0,"key":"LiquidBronze"},{"floor":25.0,"key":"MagicPotion:ReiMu"},{"floor":31.0,"key":"Adrenaline Potion"},{"floor":33.0,"key":"GamblersBrew"},{"floor":41.0,"key":"BlessingOfTheForge"},{"floor":43.0,"key":"Swift Potion"},{"floor":44.0,"key":"Regen Potion"},{"floor":45.0,"key":"Flashbang"},{"floor":47.0,"key":"Block Potion"}],"is_trial":false,"path_per_floor":["M","?","M","M","$","R","E","R","T","M","?","M","M","M","R","B",null,"M","?","?","$","?","E","M","E","T","M","R","$","M","E","R","B",null,"M","M","?","?","?","E","M","E","T","?","M","?","E","M","R","B",null,"R","$","E","B",null],"character_chosen":"REIMU","items_purchased":["Mummified Hand","Prayer Wheel","CleanRite:ReiMu","RainPray2:ReiMu","Potion Belt","ReplayTheSpireMod:ShopPack","Gathering:ReiMu","BargainBundle","Golden Egg","RainPray2:ReiMu","Fire Potion","BlessingOfTheForge","SteroidPotion","Chrysalis","Orrery","Question Card","YinYangSange:ReiMu","ReplayTheSpireMod:Brewmster","Amulet:ReiMu","Thinking Ahead","Master of Strategy","Madness","OrangePellets","Onion Ring"],"campfire_rested":3,"item_purchase_floors":[0,0,0,0,0,0,0,0,0,0,0,0,0,0,0,0,0,0,21,21,29,53,53,53],"current_hp_per_floor":[44,44,44,43,43,43,18,36,36,28,28,18,13,10,10,18,50,30,30,44,44,44,21,21,5,5,5,27,27,26,26,48,73,74,74,64,68,68,68,78,70,65,65,52,79,79,79,79,79,51,76,76,84,84,57],"gold":384,"neow_bonus":"","is_daily":false,"chose_seed":false,"campfire_upgraded":2,"win_rate":0.0,"timestamp":1613445029,"path_taken":["M","?","M","?","$","R","E","R","T","M","?","?","M","?","R","BOSS","M","?","?","$","?","E","M","E","T","?","R","$","M","E","R","BOSS","M","M","?","?","?","E","M","E","T","?","M","?","E","M","R","BOSS","R","$","E","BOSS"],"items_purchased_type":["Relic","Relic","Card","Card","Relic","Relic","Card","Relic","Relic","Card","Potion","Potion","Potion","Card","Relic","Relic","Card","Card","Card","Card","Card","Card","Relic","Relic"],"build_version":"2020-12-22","purchased_purges":2,"victory":true,"max_hp_per_floor":[60,60,60,60,60,60,60,60,60,60,60,60,60,60,60,60,60,60,60,74,74,74,74,74,74,74,74,74,74,74,74,74,74,74,74,74,74,74,74,84,84,84,84,84,84,84,84,84,84,84,84,84,84,84,84],"card_choices":[{"not_picked":["SpringWay:ReiMu","PayForSelf:ReiMu"],"picked":"Enchanting:ReiMu","floor":0.0},{"not_picked":["Conquer:ReiMu","EmergencyTakeOff:ReiMu"],"picked":"Shading:ReiMu","floor":0.0},{"not_picked":["Intuition:ReiMu","SpringWay:ReiMu"],"picked":"Revelation:ReiMu","floor":0.0},{"not_picked":["SpringWay:ReiMu","FantasyBorder:ReiMu"],"picked":"SafetyPray:ReiMu","floor":0.0},{"not_picked":["CollectionFlower2:ReiMu","SealNeedle:ReiMu"],"picked":"AirStrike:ReiMu","floor":0.0},{"not_picked":["Madness","Replay:Parry"],"picked":"Metamorphosis","floor":0.0},{"not_picked":["Transmutation","Midas Touch"],"picked":"Impatience","floor":0.0},{"not_picked":["Panache","Chrysalis"],"picked":"Secret Weapon","floor":0.0},{"not_picked":["PayForSelf:ReiMu","FantasyBorder:ReiMu","ForcedLanding:ReiMu"],"picked":"Revelation:ReiMu","floor":1.0},{"not_picked":["AlertArray:ReiMu","BarrageOfMoneybags:ReiMu","KamiSacrifice:ReiMu","TakeOff:ReiMu"],"picked":"SKIP","floor":1.0},{"not_picked":["AlertArray:ReiMu","SafetyPray:ReiMu","Enchanting:ReiMu"],"picked":"InherentArray:ReiMu","floor":3.0},{"not_picked":["SpringWay:ReiMu","MikOfLucky:ReiMu","AlertArray:ReiMu","BarrageOfMoneybags:ReiMu"],"picked":"SKIP","floor":3.0},{"not_picked":["Amulet:ReiMu","TightArray:ReiMu","Intuition:ReiMu"],"picked":"YinYangSange:ReiMu","floor":4.0},{"not_picked":["ShadowOfCrow2:ReiMu","MountainWay:ReiMu","AlertArray:ReiMu"],"picked":"SpreadBorder2:ReiMu","floor":4.0},{"not_picked":["WonderfulDomain:ReiMu","EmergencyTakeOff:ReiMu","LearningPray:ReiMu"],"picked":"HakureiPhantom:ReiMu","floor":7.0},{"not_picked":["EmergencyTakeOff:ReiMu","SpreadBorder2:ReiMu","Gathering:ReiMu"],"picked":"RainPray2:ReiMu","floor":10.0},{"not_picked":["UniversalSpiritual:ReiMu","Intuition:ReiMu","MountainWay:ReiMu","FoulBorder2:ReiMu"],"picked":"SKIP","floor":10.0},{"not_picked":["Meditation:ReiMu","LearningPray:ReiMu","Enchanting:ReiMu"],"picked":"PassingAway:ReiMu","floor":12.0},{"not_picked":["Meditation:ReiMu","Crusade:ReiMu","SafetyPray:ReiMu","Conquer:ReiMu"],"picked":"SKIP","floor":12.0},{"not_picked":["CareerPray:ReiMu","SafetyPray:ReiMu","RainPray2:ReiMu"],"picked":"MikOfLucky:ReiMu","floor":13.0},{"not_picked":["Meditation:ReiMu","SubAcupoint:ReiMu","Gathering:ReiMu","InherentArray:ReiMu"],"picked":"SKIP","floor":13.0},{"not_picked":["WonderfulDomain:ReiMu","SafetyPray:ReiMu","BarrageOfMoneybags:ReiMu","FantasyMoon:ReiMu"],"picked":"SKIP","floor":14.0},{"not_picked":["OrbThrow:ReiMu","WonderfulDomain:ReiMu","SafetyPray:ReiMu","ForcedLanding:ReiMu"],"picked":"SKIP","floor":14.0},{"not_picked":["Authority:ReiMu","CardOfSanctity:ReiMu","YinYang:ReiMu"],"picked":"HakureiPhantom:ReiMu","floor":16.0},{"not_picked":["PayForSelf:ReiMu","FineLineFantasy:ReiMu","AirManeuver:ReiMu"],"picked":"SpreadBorder2:ReiMu+1","floor":18.0},{"not_picked":["Meditation:ReiMu","SubAcupoint:ReiMu+1","SpiritualOutbreak2:ReiMu","SubcavityInstant:ReiMu"],"picked":"SKIP","floor":18.0},{"not_picked":["Mountainwind:ReiMu","AirStrike:ReiMu","Intuition:ReiMu"],"picked":"PrepareRite:ReiMu","floor":23.0},{"not_picked":["FantasyBorder:ReiMu","UniversalSpiritual:ReiMu","FoulBorder2:ReiMu"],"picked":"Dreaming:ReiMu","floor":24.0},{"not_picked":["UpKicking:ReiMu","SpreadBorder2:ReiMu+1","Meditation:ReiMu"],"picked":"RainPray2:ReiMu","floor":24.0},{"not_picked":["Revelation:ReiMu+1","BarrageOfMoneybags:ReiMu","SafetyPray:ReiMu"],"picked":"RainPray2:ReiMu+1","floor":25.0},{"not_picked":["KamiSacrifice:ReiMu","FineLineFantasy:ReiMu+1","WonderfulDomain:ReiMu+1"],"picked":"RainPray2:ReiMu","floor":27.0},{"not_picked":["OctopathBindingBorder2:ReiMu","Conquer:ReiMu","PayForSelf:ReiMu"],"picked":"LovePray:ReiMu","floor":27.0},{"not_picked":["UpKicking:ReiMu","BarrageOfMoneybags:ReiMu+1","KamiSacrifice:ReiMu"],"picked":"MikOfLucky:ReiMu+1","floor":30.0},{"not_picked":["PayForSelf:ReiMu","NineCharacters:ReiMu","YinYangSign:ReiMu","MountainWay:ReiMu"],"picked":"SKIP","floor":30.0},{"not_picked":["Amulet:ReiMu","RunawayExorcism:ReiMu","YinYangSign:ReiMu"],"picked":"KyokaiOfKami:ReiMu","floor":31.0},{"not_picked":["YinYang:ReiMu","SubcavityFantasy:ReiMu","PrayRite:ReiMu"],"picked":"Free:ReiMu","floor":33.0},{"not_picked":["PhosphorusFlame:ReiMu","Meditation:ReiMu","EmergencyTakeOff:ReiMu"],"picked":"LearningPray:ReiMu+1","floor":35.0},{"not_picked":["Intuition:ReiMu","ManaGlint:ReiMu","Enchanting:ReiMu"],"picked":"Free:ReiMu","floor":35.0},{"not_picked":["AirManeuver:ReiMu","SubcavityInstant:ReiMu+1","Conquer:ReiMu"],"picked":"RainPray2:ReiMu+1","floor":36.0},{"not_picked":["MikOfLucky:ReiMu","UniversalSpiritual:ReiMu","Intuition:ReiMu+1","YinYangSign:ReiMu"],"picked":"SKIP","floor":36.0},{"not_picked":["OrbThrow:ReiMu","SubcavityInstant:ReiMu","TakeOff:ReiMu"],"picked":"WonderfulDomain:ReiMu+1","floor":37.0},{"not_picked":["TakeOff:ReiMu","TightArray:ReiMu","FantasyMoon:ReiMu+1","KamiSacrifice:ReiMu"],"picked":"SKIP","floor":40.0},{"not_picked":["SubAcupoint:ReiMu+1","TightArray:ReiMu+1","Mountainwind:ReiMu","RainPray2:ReiMu"],"picked":"SKIP","floor":41.0},{"not_picked":["Conquer:ReiMu","SpringWay:ReiMu","CareerPray:ReiMu+1","AlertArray:ReiMu"],"picked":"SKIP","floor":41.0},{"not_picked":["PrepareRite:ReiMu+1","Enchanting:ReiMu","Conquer:ReiMu"],"picked":"CeremonyResonance:ReiMu","floor":42.0},{"not_picked":["Crusade:ReiMu","ShadowOfCrow2:ReiMu+1","YinYangSign:ReiMu","Meditation:ReiMu+1"],"picked":"SKIP","floor":45.0},{"not_picked":["FantasyMoon:ReiMu+1","AlertArray:ReiMu","Enchanting:ReiMu","SpiritualOutbreak2:ReiMu"],"picked":"SKIP","floor":45.0},{"not_picked":["Amulet:ReiMu","TightArray:ReiMu+1","DoubleButterfly:ReiMu","MikOfLucky:ReiMu+1"],"picked":"SKIP","floor":47.0},{"not_picked":["SpringWay:ReiMu","SealNeedle:ReiMu","Crusade:ReiMu+1","RainPray2:ReiMu"],"picked":"SKIP","floor":48.0},{"not_picked":["Intuition:ReiMu","CareerPray:ReiMu+1","UniversalSpiritual:ReiMu","SpringWay:ReiMu+1"],"picked":"SKIP","floor":48.0},{"not_picked":["FineLineFantasy:ReiMu","LearningPray:ReiMu","SpreadBorder2:ReiMu","Meditation:ReiMu+1"],"picked":"SKIP","floor":54}],"player_experience":291660,"relics_obtained":[{"floor":1.0,"key":"Gensokyo:ConquerorOfFear"},{"floor":7.0,"key":"Ice Cream"},{"floor":23.0,"key":"Pantograph"},{"floor":25.0,"key":"Garlic"},{"floor":26.0,"key":"Letter Opener"},{"floor":31.0,"key":"MealTicket"},{"floor":37.0,"key":"Replay:PocketPolymizer"},{"floor":39.0,"key":"ReplayTheSpireMod:Ring of Collecting"},{"floor":40.0,"key":"Pear"},{"floor":42.0,"key":"Replay:Bandana"},{"floor":43.0,"key":"ReplayTheSpireMod:Ring of Addiction"},{"floor":43.0,"key":"SacredBark"},{"floor":43.0,"key":"White Beast Statue"},{"floor":43.0,"key":"CeramicFish"},{"floor":44.0,"key":"FossilizedHelix"},{"floor":47.0,"key":"Divine Protection"},{"floor":54,"key":"Unceasing Top"}],"event_choices":[{"cards_removed":["Strike_Lin:ReiMu"],"damage_healed":0.0,"max_hp_gain":0.0,"max_hp_loss":0.0,"gold_gain":0.0,"event_name":"Wheel of Change","player_choice":"Card Removal","floor":2.0,"gold_loss":0.0,"damage_taken":0.0},{"damage_healed":0.0,"max_hp_gain":0.0,"max_hp_loss":0.0,"gold_gain":0.0,"event_name":"Lab","player_choice":"Got Potions","floor":11.0,"gold_loss":0.0,"damage_taken":0.0},{"damage_healed":0.0,"max_hp_gain":0.0,"max_hp_loss":0.0,"gold_gain":0.0,"event_name":"Back to Basics","player_choice":"Simplicity","floor":19.0,"gold_loss":0.0,"damage_taken":0.0,"cards_upgraded":["Strike_Lin:ReiMu","Strike_Lin:ReiMu","Defend_Lin:ReiMu","Defend_Lin:ReiMu","Defend_Lin:ReiMu"]},{"damage_healed":0.0,"max_hp_gain":0.0,"max_hp_loss":0.0,"gold_gain":0.0,"event_name":"The Mausoleum","player_choice":"Opened","floor":20.0,"gold_loss":0.0,"damage_taken":0.0,"relics_obtained":["Mango"],"cards_obtained":["Writhe"]},{"damage_healed":0.0,"max_hp_gain":0.0,"max_hp_loss":0.0,"gold_gain":0.0,"event_name":"WeMeetAgain","player_choice":"Gave Potion","floor":22.0,"gold_loss":0.0,"damage_taken":0.0,"relics_obtained":["aspiration:ChemicalBlood"]},{"damage_healed":0.0,"max_hp_gain":0.0,"max_hp_loss":0.0,"gold_gain":0.0,"event_name":"MindBloom","player_choice":"Fight","floor":37.0,"gold_loss":0.0,"damage_taken":0.0},{"cards_removed":["Chrysalis"],"damage_healed":0.0,"max_hp_gain":0.0,"max_hp_loss":0.0,"gold_gain":0.0,"event_name":"Falling","player_choice":"Removed Skill","floor":38.0,"gold_loss":0.0,"damage_taken":0.0},{"damage_healed":0.0,"max_hp_gain":0.0,"max_hp_loss":0.0,"gold_gain":0.0,"event_name":"Mysterious Sphere","player_choice":"Fight","floor":44.0,"gold_loss":0.0,"damage_taken":0.0},{"damage_healed":0.0,"max_hp_gain":0.0,"max_hp_loss":0.0,"gold_gain":0.0,"event_name":"SensoryStone","player_choice":"Memory 1","floor":46.0,"gold_loss":0.0,"damage_taken":0.0}],"is_beta":false,"boss_relics":[{"not_picked":["Busted Crown","Runic Pyramid"],"picked":"Empty Cage"},{"not_picked":["Replay:Ancient Bell","Sozu"],"picked":"aspiration:PoetsPen_weak"}],"items_purged_floors":[0,53],"is_endless":false,"potions_floor_spawned":[1,10,14,16,18,25,31,33,36,41,42,44,45,47,48,54],"ascension_level":17}}