{"host":"2qpilcmj89x3pncz","time":1613491761,"event":{"mods":["100% Spire Juice","2.2 Compatiblity","Act Like it!","Aspiration","BaseMod","BetterRewards","Colored Map","Colored Powertips","Conjunction","Conspire","Dota2Spire","Duelist Mod","Evolution","GifTheSpireLib","Grow up Mod","Halation","Hubris","Infinite Spire","Jedi Mod","Lobotomy","LobotomyExtend","Menagerie","Mimic Mod","Minty Spire (QoL Compilation)","Poem Panic","Quarter Circle Forward PUNCH!","Quick Restart","Replay The Spire","Shop Mod","Spicy Shops","Spikes Relics","StSLib","Strawberry Spire","Stuff the Spire","SuperFastMode","The Servant 0.9.4","Wandering Minibosses"],"gold_per_floor":[271,153,172,172,109,109,122,122,147,147,176,176,203,214,214,214,214],"floor_reached":16,"language":"ENG","playtime":657,"items_purged":["SpecialBullet"],"score":296,"play_id":"e73cc6e4-af51-466f-83b2-3d1c12f2feac","local_time":"20210216160921","is_ascension_mode":true,"campfire_choices":[{"data":"Pain","floor":6,"key":"SMITH"}],"circlet_count":0,"master_deck":["AscendersBane","SpecialBullet","SpecialBullet","SpecialBullet","SpecialBullet","SpecialBullet","SpecialBullet","SpecialBullet","InformationCode","TrainingCode","SecurityCode","OSAHOGD","ShedSkin","GrinderMk4","Bloodbath","OldLady","Justitia","Wellcheers","Lantern","GreedKing","Pinks"],"relics":["CogitoBucket","RabbitCall","EVO:Axolotl","LetterFromLob","halation:EternalFortune","halation:PrussianBluePaint","halation:PromiseList","qcfpunch:Unceasing_Flame","Menagerie:ShiftingBlessing","qcfpunch:Red_Headband","ResearcherNote"],"acts_visited":["Menagerie:Menagerie"],"potions_floor_usage":[],"damage_taken":[{"damage":6,"enemies":"Menagerie:2_RABBITS","floor":1,"turns":3},{"damage":16,"enemies":"Menagerie:MonstrousExperiment","floor":3,"turns":4},{"damage":6,"enemies":"Menagerie:StygianBoar","floor":7,"turns":2},{"damage":24,"enemies":"Menagerie:MaskedSummoner","floor":11,"turns":13},{"damage":68,"enemies":"Menagerie:VoidReaper","floor":13,"turns":7},{"damage":37,"enemies":"Menagerie:MENAGERIE_WILDLIFE","floor":14,"turns":3},{"damage":55,"enemies":"Menagerie:AVATARS","floor":16,"turns":4}],"seed_played":"7115690797131225735","potions_obtained":[{"floor":11,"key":"Elixir"}],"is_trial":false,"path_per_floor":["M","$","M","?","$","R","M","R","T","$","E","?","E","M","R","B"],"character_chosen":"Angela","items_purchased":["GrinderMk4","halation:PrussianBluePaint"],"campfire_rested":0,"item_purchase_floors":[2,5],"current_hp_per_floor":[85,95,97,110,120,130,143,153,163,173,170,168,123,108,118,70,70],"gold":214,"neow_bonus":"","is_daily":false,"chose_seed":false,"campfire_upgraded":1,"win_rate":0.0,"timestamp":1613491761,"path_taken":["M","$","?","?","?","R","M","R","T","$","E","?","E","M","R","BOSS"],"items_purchased_type":["Card","Relic"],"build_version":"2020-12-22","purchased_purges":1,"victory":false,"max_hp_per_floor":[90,100,110,123,133,143,153,163,173,183,193,203,216,226,236,236,236],"card_choices":[{"not_picked":["CherryBlossoms","Wellcheers"],"picked":"OSAHOGD","floor":1},{"not_picked":["BlackSwan_ego"],"picked":"ShedSkin","floor":1},{"not_picked":["MeatLantern","Alriune"],"picked":"Bloodbath","floor":3},{"not_picked":["CherryBlossom","Noise"],"picked":"SKIP","floor":3},{"not_picked":["BlackSwan_ego","Loneliness"],"picked":"SKIP","floor":7},{"not_picked":["MHz","HappyTeddy"],"picked":"OldLady","floor":11},{"not_picked":["FeatherOfHonor"],"picked":"Justitia","floor":11},{"not_picked":["VoidDream","FairyFestival"],"picked":"Wellcheers","floor":13},{"not_picked":["SwordSharpenedByTears"],"picked":"Lantern","floor":13},{"not_picked":["SpiderBud","BeautyBeast"],"picked":"GreedKing","floor":14},{"not_picked":["RapturousDream"],"picked":"Pinks","floor":14}],"player_experience":253304,"relics_obtained":[{"floor":1,"key":"LetterFromLob"},{"floor":9,"key":"halation:PromiseList"},{"floor":11,"key":"qcfpunch:Unceasing_Flame"},{"floor":13,"key":"halation:EternalFortune"},{"floor":13,"key":"qcfpunch:Red_Headband"}],"event_choices":[{"damage_healed":0,"gold_gain":0,"player_choice":"Touch","damage_taken":12,"relics_obtained":["Menagerie:ShiftingBlessing"],"max_hp_gain":0,"max_hp_loss":0,"event_name":"Menagerie:LunarGift","floor":12,"gold_loss":0}],"is_beta":false,"boss_relics":[],"items_purged_floors":[2],"is_endless":false,"potions_floor_spawned":[7,11],"killed_by":"Menagerie:AVATARS","ascension_level":20}}