{"host":"2c84cb4cp1emursg","time":1613469960,"event":{"mods":["Act Like it!","BaseMod","Better Third Choice","Bossed Relics","Hermit","Mimic Mod","Minty Spire (QoL Compilation)","Permanent Neow","StSLib","The Bug Knight"],"gold_per_floor":[118,20,20,0,0,25,38,68,68,87,122,8,27,42,42,42,42],"floor_reached":16,"language":"ENG","playtime":858,"items_purged":["HollowMod:QuickDashStart"],"score":121,"play_id":"cb93f5b0-5346-47d9-ae7a-97af26f09989","local_time":"20210216030600","is_ascension_mode":true,"campfire_choices":[{"data":"HollowMod:ChannelNail","floor":15,"key":"SMITH"}],"circlet_count":0,"master_deck":["HollowMod:NailStrikeStart","HollowMod:NailStrikeStart","HollowMod:NailStrikeStart","HollowMod:NailStrikeStart","HollowMod:QuickDashStart","HollowMod:QuickDashStart","HollowMod:QuickDashStart","HollowMod:FocusHealStart","HollowMod:PogoStrike","HollowMod:ChannelNail","HollowMod:CycloneSlash","HollowMod:HeavyBlow","HollowMod:FallenFury","HollowMod:RecoilStrike","HollowMod:SharpenedNail","HollowMod:DesolateDive","HollowMod:SharpenedNail","HollowMod:ChannelNail+1"],"relics":["HollowMod:VesselMask","Tiny Chest","betterThird:SlimedRelic","Dream Catcher","Akabeko","HollowMod:PaleOreRelic","Calipers"],"acts_visited":["Exordium"],"potions_floor_usage":[],"damage_taken":[{"damage":15,"enemies":"Small Slimes","floor":1,"turns":3},{"damage":14,"enemies":"Gremlin Nob","floor":6,"turns":4},{"damage":9,"enemies":"Jaw Worm","floor":7,"turns":3},{"damage":10,"enemies":"Cultist","floor":8,"turns":9},{"damage":0,"enemies":"Cultist","floor":10,"turns":2},{"damage":18,"enemies":"3 Sentries","floor":11,"turns":6},{"damage":10,"enemies":"Lots of Slimes","floor":13,"turns":3},{"damage":6,"enemies":"Looter","floor":14,"turns":2},{"damage":24,"enemies":"The Guardian","floor":16,"turns":5}],"seed_played":"-3421715893675865332","potions_obtained":[{"floor":6,"key":"SpeedPotion"},{"floor":13,"key":"FairyPotion"}],"is_trial":false,"path_per_floor":["M","$","?","?","?","E","M","MIM","T","M","E","$","M","M","R","B"],"character_chosen":"THE_BUGKNIGHT","items_purchased":["HollowMod:ChannelNail","HollowMod:CycloneSlash","HollowMod:DesolateDive"],"campfire_rested":0,"item_purchase_floors":[2,2,12],"current_hp_per_floor":[66,66,66,55,55,41,32,28,28,34,22,22,18,12,12,14,14],"gold":42,"neow_bonus":"RANDOM_COMMON_RELIC","is_daily":false,"chose_seed":false,"campfire_upgraded":1,"win_rate":0.0,"timestamp":1613469960,"path_taken":["M","$","?","?","?","E","M","?","T","M","E","?","M","M","R","BOSS"],"items_purchased_type":["Card","Card","Card"],"build_version":"2020-12-22","purchased_purges":1,"victory":false,"max_hp_per_floor":[75,75,75,75,75,75,75,75,75,75,75,75,75,75,75,75,75],"card_choices":[{"not_picked":["HollowMod:DoubleDash","HollowMod:ShadowDash","HollowMod:NewJinnsSoul"],"picked":"SKIP","floor":1},{"not_picked":["HollowMod:Grubsong","HollowMod:MawleksShell"],"picked":"HollowMod:FallenFury","floor":6},{"not_picked":["HollowMod:ShapeofUnn","HollowMod:CycloneSlash","HollowMod:CoiledNail"],"picked":"SKIP","floor":7},{"not_picked":["HollowMod:AbyssShriek","HollowMod:TaintedHusks"],"picked":"HollowMod:RecoilStrike","floor":8},{"not_picked":["HollowMod:LifebloodCore","HollowMod:HeavyBlow","HollowMod:SharpenedShadows"],"picked":"SKIP","floor":10},{"not_picked":["HollowMod:SiblingsSouls","HollowMod:InfectedCysts"],"picked":"HollowMod:SharpenedNail","floor":11},{"not_picked":["HollowMod:CoiledNail","HollowMod:BlackTendrils"],"picked":"HollowMod:SharpenedNail","floor":13},{"not_picked":["HollowMod:GreatSlash","HollowMod:SharpenedNail"],"picked":"HollowMod:ChannelNail","floor":14}],"player_experience":519414,"relics_obtained":[{"floor":6,"key":"Dream Catcher"},{"floor":8,"key":"Akabeko"},{"floor":9,"key":"HollowMod:PaleOreRelic"},{"floor":11,"key":"Calipers"}],"event_choices":[{"damage_healed":0,"gold_gain":0,"player_choice":"Slimed","damage_taken":11,"max_hp_gain":0,"max_hp_loss":0,"event_name":"betterThird:BetterGoop","floor":4,"gold_loss":20},{"damage_healed":0,"gold_gain":0,"player_choice":"1 cards matched","damage_taken":0,"max_hp_gain":0,"max_hp_loss":0,"event_name":"Match and Keep!","floor":5,"gold_loss":0,"cards_obtained":["HollowMod:HeavyBlow"]}],"is_beta":false,"boss_relics":[],"items_purged_floors":[12],"is_endless":false,"potions_floor_spawned":[6,13],"killed_by":"The Guardian","ascension_level":2}}