{"host":"u7lm8z2rvb4dg2oo","time":1613450503,"event":{"mods":["AchievementEnabler","BaseMod","Bestiary","Block Reminder","Colored Map","Colored Powertips","Curses Come First","DeckTracker","Googly Eyes","Highlight Path","Minty Spire (QoL Compilation)","Quick Restart","StSLib"],"gold_per_floor":[119,129,148,159,176,190,218,218,218,232,232,251,270,320,320,397,397,413,427,190,207,42,42,42],"floor_reached":23,"language":"ENG","playtime":1156,"items_purged":[],"score":368,"play_id":"e6790fc8-c2b7-49ba-8aea-fb980a4db04b","local_time":"20210215234143","is_ascension_mode":true,"campfire_choices":[{"data":"Phantasmal Killer","floor":8.0,"key":"SMITH"},{"data":"Footwork","floor":11.0,"key":"SMITH"},{"floor":15,"key":"REST"}],"circlet_count":0,"master_deck":["AscendersBane","Strike_G","Strike_G","Strike_G","Strike_G","Strike_G","Defend_G","Defend_G","Defend_G","Defend_G","Defend_G","Survivor","Neutralize","Dash","Phantasmal Killer+1","Footwork+1","Backstab","Slice","Bouncing Flask","Adrenaline","CurseOfTheBell","Deadly Poison","PiercingWail","Corpse Explosion","Caltrops"],"relics":["Ring of the Snake","Blood Vial","Happy Flower","Pantograph","Calling Bell","Potion Belt","Letter Opener","Ginger","Toy Ornithopter"],"acts_visited":["Exordium","TheCity"],"potions_floor_usage":[18,19],"damage_taken":[{"damage":1.0,"enemies":"Small Slimes","floor":1.0,"turns":3.0},{"damage":3.0,"enemies":"Cultist","floor":2.0,"turns":4.0},{"damage":2.0,"enemies":"Jaw Worm","floor":3.0,"turns":4.0},{"damage":11.0,"enemies":"3 Louse","floor":4.0,"turns":3.0},{"damage":0.0,"enemies":"Red Slaver","floor":5.0,"turns":3.0},{"damage":4.0,"enemies":"Blue Slaver","floor":6.0,"turns":3.0},{"damage":9.0,"enemies":"Gremlin Nob","floor":7.0,"turns":4.0},{"damage":5.0,"enemies":"Looter","floor":10.0,"turns":4.0},{"damage":8.0,"enemies":"Gremlin Gang","floor":12.0,"turns":2.0},{"damage":0.0,"enemies":"Red Slaver","floor":13.0,"turns":3.0},{"damage":62,"enemies":"Hexaghost","floor":16,"turns":13},{"damage":15,"enemies":"3 Byrds","floor":18,"turns":5},{"damage":16,"enemies":"Shell Parasite","floor":19,"turns":6},{"damage":13,"enemies":"Centurion and Healer","floor":21,"turns":4},{"damage":15,"enemies":"Snake Plant","floor":23,"turns":3}],"seed_played":"232444653129346060","potions_obtained":[{"floor":1.0,"key":"Ancient Potion"},{"floor":4.0,"key":"ColorlessPotion"},{"floor":10.0,"key":"Poison Potion"},{"floor":16,"key":"AttackPotion"},{"floor":18,"key":"Poison Potion"}],"is_trial":false,"path_per_floor":["M","M","M","M","M","M","E","R","T","M","R","M","M","?","R","B",null,"M","M","$","M","$","M"],"character_chosen":"THE_SILENT","items_purchased":["Corpse Explosion","Caltrops","Toy Ornithopter"],"campfire_rested":1,"item_purchase_floors":[20,20,22],"current_hp_per_floor":[60,59,59,50,52,50,43,43,43,40,40,34,36,30,49,4,51,38,24,24,13,13,0,0],"gold":42,"neow_bonus":"RANDOM_COMMON_RELIC","is_daily":false,"chose_seed":false,"campfire_upgraded":2,"win_rate":0.0,"timestamp":1613450503,"path_taken":["M","M","M","M","M","M","E","R","T","M","R","M","M","?","R","BOSS","M","M","$","?","$","M"],"items_purchased_type":["Card","Card","Relic"],"build_version":"2020-12-22","purchased_purges":0,"victory":false,"max_hp_per_floor":[66,66,66,66,66,66,66,66,66,66,66,66,66,66,66,66,66,66,66,66,66,66,66,66],"card_choices":[{"not_picked":["Blade Dance","Flying Knee"],"picked":"Dash","floor":1.0},{"not_picked":["Blade Dance","Heel Hook"],"picked":"Phantasmal Killer","floor":2.0},{"not_picked":["Prepared","Well Laid Plans"],"picked":"Footwork","floor":3.0},{"not_picked":["PiercingWail","Calculated Gamble"],"picked":"Backstab","floor":4.0},{"not_picked":["Outmaneuver","Flying Knee"],"picked":"Slice","floor":5.0},{"not_picked":["Quick Slash","Outmaneuver","Bane"],"picked":"SKIP","floor":6.0},{"not_picked":["Blade Dance","Phantasmal Killer","Flechettes"],"picked":"SKIP","floor":7.0},{"not_picked":["Deadly Poison","Backstab"],"picked":"Bouncing Flask","floor":10.0},{"not_picked":["Prepared","Skewer","PiercingWail"],"picked":"SKIP","floor":12.0},{"not_picked":["Distraction","Poisoned Stab","Catalyst"],"picked":"SKIP","floor":13.0},{"not_picked":["Tools of the Trade","Grand Finale"],"picked":"Adrenaline","floor":16},{"not_picked":["Heel Hook","Underhanded Strike"],"picked":"Deadly Poison","floor":18},{"not_picked":["Predator","Caltrops"],"picked":"PiercingWail","floor":19},{"not_picked":["Slice","PiercingWail","Outmaneuver"],"picked":"SKIP","floor":21}],"player_experience":1100266,"relics_obtained":[{"floor":7.0,"key":"Happy Flower"},{"floor":9.0,"key":"Pantograph"},{"floor":17,"key":"Potion Belt"},{"floor":17,"key":"Letter Opener"},{"floor":17,"key":"Ginger"}],"event_choices":[{"damage_healed":0,"gold_gain":50,"player_choice":"Touch","damage_taken":6,"max_hp_gain":0,"max_hp_loss":0,"event_name":"FaceTrader","floor":14,"gold_loss":0}],"is_beta":false,"boss_relics":[{"not_picked":["Tiny House","Busted Crown"],"picked":"Calling Bell"}],"items_purged_floors":[],"is_endless":false,"potions_floor_spawned":[1,4,6,10,16,18],"killed_by":"Snake Plant","ascension_level":17}}