{"host":"8jwrv7sn1174lfer","time":1613491082,"event":{"mods":["BaseMod","Colored Map","Colored Powertips","Highlight Path","Minty Spire (QoL Compilation)","StSLib"],"gold_per_floor":[113,129,129,145,69,97,97,132,132,160,171,171,171,181,181,259,259,271,271,196,52,68,99,118,118,171,196,214,139,39,49,49,120,120,138,98,117,93,104,104,0,10,10,10,10,27,27,38,38,38,38],"floor_reached":50,"language":"ENG","playtime":2311,"items_purged":["Strike_R","Defend_R"],"score":932,"play_id":"0743bed4-99bf-4b80-aa85-07e1d053698f","local_time":"20210216105802","is_ascension_mode":true,"campfire_choices":[{"data":"Whirlwind","floor":7,"key":"SMITH"},{"data":"Double Tap","floor":15,"key":"SMITH"},{"data":"Flex","floor":32,"key":"SMITH"},{"data":"Double Tap","floor":40,"key":"SMITH"},{"data":"Shrug It Off","floor":49,"key":"SMITH"}],"circlet_count":0,"master_deck":["AscendersBane","Strike_R+1","Defend_R","Bash+1","Twin Strike+1","Whirlwind+1","Twin Strike+1","Inflame","Intimidate","Shrug It Off","Double Tap+1","Armaments+1","Metallicize+1","Twin Strike","Sword Boomerang+1","Flex+1","Double Tap+1","Twin Strike+1","Impervious","Feed","Pommel Strike","Ghostly Armor","Sword Boomerang","Spot Weakness","Shrug It Off+1"],"relics":["Burning Blood","MealTicket","Red Skull","Singing Bowl","StoneCalendar","Question Card","Incense Burner","Astrolabe","Juzu Bracelet","Whetstone","Strawberry","Blood Vial","Pantograph","Coffee Dripper","Red Mask","Potion Belt"],"acts_visited":["Exordium","TheCity","TheBeyond"],"potions_floor_usage":[6,16,18,23,31,39,42,45,46],"damage_taken":[{"damage":6,"enemies":"2 Louse","floor":1,"turns":3},{"damage":7,"enemies":"Jaw Worm","floor":2,"turns":3},{"damage":10,"enemies":"Small Slimes","floor":4,"turns":3},{"damage":42,"enemies":"Lagavulin","floor":6,"turns":7},{"damage":16,"enemies":"Gremlin Nob","floor":8,"turns":3},{"damage":25,"enemies":"Lagavulin","floor":10,"turns":4},{"damage":1,"enemies":"Red Slaver","floor":11,"turns":2},{"damage":11,"enemies":"Looter","floor":14,"turns":2},{"damage":1,"enemies":"Hexaghost","floor":16,"turns":7},{"damage":0,"enemies":"Chosen","floor":18,"turns":6},{"damage":17,"enemies":"Spheric Guardian","floor":22,"turns":4},{"damage":35,"enemies":"Gremlin Leader","floor":23,"turns":6},{"damage":20,"enemies":"Centurion and Healer","floor":24,"turns":6},{"damage":17,"enemies":"Book of Stabbing","floor":27,"turns":4},{"damage":3,"enemies":"3 Cultists","floor":28,"turns":4},{"damage":18,"enemies":"Snake Plant","floor":31,"turns":3},{"damage":77,"enemies":"Champ","floor":33,"turns":11},{"damage":19,"enemies":"3 Shapes","floor":35,"turns":5},{"damage":3,"enemies":"Orb Walker","floor":37,"turns":2},{"damage":32,"enemies":"3 Darklings","floor":39,"turns":6},{"damage":24,"enemies":"4 Shapes","floor":42,"turns":8},{"damage":0,"enemies":"Writhing Mass","floor":45,"turns":1},{"damage":30,"enemies":"Maw","floor":46,"turns":6},{"damage":24,"enemies":"Sphere and 2 Shapes","floor":48,"turns":7},{"damage":77,"enemies":"Donu and Deca","floor":50,"turns":5}],"seed_played":"4389783916294836936","potions_obtained":[{"floor":2,"key":"LiquidBronze"},{"floor":4,"key":"GamblersBrew"},{"floor":16,"key":"ColorlessPotion"},{"floor":22,"key":"Fire Potion"},{"floor":23,"key":"Fruit Juice"},{"floor":28,"key":"ColorlessPotion"},{"floor":33,"key":"SpeedPotion"},{"floor":39,"key":"EssenceOfSteel"},{"floor":42,"key":"SmokeBomb"}],"is_trial":false,"path_per_floor":["M","M","?","M","$","E","R","E","T","E","M","?","?","M","R","B",null,"M","T","?","$","M","E","M","?","T","E","M","$","$","M","R","B",null,"M","?","M","$","M","R","?","M","T","?","M","M","?","M","R","B"],"character_chosen":"IRONCLAD","items_purchased":["Inflame","Whetstone","Sword Boomerang"],"campfire_rested":0,"item_purchase_floors":[5,21,38],"current_hp_per_floor":[68,67,64,60,75,39,39,31,31,12,17,17,17,14,14,21,66,72,72,72,81,70,48,36,36,36,29,34,49,64,54,54,10,72,64,64,72,87,63,63,63,57,57,59,67,47,47,36,36,0,0],"gold":38,"neow_bonus":"RANDOM_COMMON_RELIC","is_daily":false,"chose_seed":false,"campfire_upgraded":5,"win_rate":0.0,"timestamp":1613491082,"path_taken":["M","M","?","M","$","E","R","E","T","E","M","?","?","M","R","BOSS","M","?","?","$","M","E","M","?","T","E","M","?","$","M","R","BOSS","M","?","M","$","M","R","?","M","T","?","M","M","?","M","R","BOSS"],"items_purchased_type":["Card","Relic","Card"],"build_version":"2020-12-22","purchased_purges":2,"victory":false,"max_hp_per_floor":[75,75,75,75,75,75,75,77,77,77,77,77,77,79,79,81,81,81,81,81,81,81,88,90,90,90,92,92,92,92,92,92,92,92,95,95,98,98,98,98,98,108,108,110,110,112,112,117,117,117,117],"card_choices":[{"not_picked":["Iron Wave","Heavy Blade"],"picked":"Twin Strike","floor":1},{"not_picked":["Rage","Fire Breathing"],"picked":"Whirlwind","floor":2},{"not_picked":["Sword Boomerang","Warcry"],"picked":"Twin Strike","floor":4},{"not_picked":["Dark Embrace","Body Slam"],"picked":"Intimidate","floor":6},{"not_picked":["Heavy Blade","Battle Trance","Metallicize"],"picked":"Singing Bowl","floor":8},{"not_picked":["Clash","True Grit","Second Wind"],"picked":"Shrug It Off","floor":10},{"not_picked":["Havoc","Bloodletting","Cleave"],"picked":"Double Tap","floor":11},{"not_picked":["Fire Breathing","Clothesline","Anger","Infernal Blade"],"picked":"Singing Bowl","floor":14},{"not_picked":["Juggernaut","Exhume","Bludgeon","Double Tap"],"picked":"Singing Bowl","floor":16},{"not_picked":["Intimidate+1","Havoc","Clash"],"picked":"Twin Strike","floor":18},{"not_picked":["Power Through","Hemokinesis","Perfected Strike"],"picked":"Sword Boomerang+1","floor":22},{"not_picked":["Carnage","Second Wind","Power Through"],"picked":"Flex","floor":23},{"not_picked":["Second Wind","Sword Boomerang","Iron Wave","Heavy Blade"],"picked":"Singing Bowl","floor":24},{"not_picked":["Double Tap","Juggernaut","Reckless Charge","Anger"],"picked":"Singing Bowl","floor":27},{"not_picked":["Feel No Pain","Dropkick+1","Disarm"],"picked":"Twin Strike+1","floor":28},{"not_picked":["True Grit","Pommel Strike","Clothesline"],"picked":"Impervious","floor":31},{"not_picked":["Corruption","Brutality","Juggernaut"],"picked":"Feed","floor":33},{"not_picked":["Anger+1","Cleave","Rage+1"],"picked":"Pommel Strike","floor":35},{"not_picked":["Infernal Blade","Thunderclap","True Grit"],"picked":"Ghostly Armor","floor":37},{"not_picked":["True Grit","Sword Boomerang","Headbutt"],"picked":"Spot Weakness","floor":39},{"not_picked":["Pommel Strike","Havoc","Spot Weakness","Anger"],"picked":"Singing Bowl","floor":42},{"not_picked":["Flash of Steel","Purity","Finesse","The Bomb"],"picked":"Singing Bowl","floor":44},{"not_picked":["Armaments","Clash","Feel No Pain","Body Slam"],"picked":"Singing Bowl","floor":46},{"not_picked":["Iron Wave+1","Shrug It Off","Carnage+1","Clash"],"picked":"Singing Bowl","floor":48}],"player_experience":640475,"relics_obtained":[{"floor":6,"key":"Singing Bowl"},{"floor":8,"key":"StoneCalendar"},{"floor":9,"key":"Question Card"},{"floor":10,"key":"Incense Burner"},{"floor":19,"key":"Juzu Bracelet"},{"floor":23,"key":"Strawberry"},{"floor":26,"key":"Blood Vial"},{"floor":27,"key":"Pantograph"},{"floor":43,"key":"Potion Belt"}],"event_choices":[{"damage_healed":0,"gold_gain":0,"player_choice":"Success","damage_taken":3,"relics_obtained":["Red Skull"],"max_hp_gain":0,"max_hp_loss":0,"event_name":"Scrap Ooze","floor":3,"gold_loss":0},{"damage_healed":0,"gold_gain":0,"player_choice":"Ignored","damage_taken":0,"max_hp_gain":0,"max_hp_loss":0,"event_name":"Golden Wing","floor":12,"gold_loss":0},{"cards_removed":["Strike_R"],"damage_healed":0,"gold_gain":0,"player_choice":"Purged","damage_taken":0,"max_hp_gain":0,"max_hp_loss":0,"event_name":"Purifier","floor":13,"gold_loss":0},{"cards_removed":["Defend_R"],"damage_healed":0,"gold_gain":0,"player_choice":"Gave Gold","damage_taken":0,"max_hp_gain":0,"max_hp_loss":0,"event_name":"Beggar","floor":20,"gold_loss":75},{"damage_healed":0,"gold_gain":0,"cards_transformed":["Armaments"],"player_choice":"Transformed","damage_taken":0,"max_hp_gain":0,"max_hp_loss":0,"event_name":"Transmorgrifier","floor":25,"gold_loss":0,"cards_obtained":["Double Tap"]},{"damage_healed":0,"gold_gain":0,"player_choice":"Upgraded Two","damage_taken":0,"max_hp_gain":0,"max_hp_loss":0,"event_name":"Designer","floor":36,"gold_loss":40,"cards_upgraded":["Bash","Strike_R"]},{"damage_healed":0,"gold_gain":0,"player_choice":"Paid","damage_taken":0,"relics_obtained":["Red Mask"],"max_hp_gain":0,"max_hp_loss":0,"event_name":"Tomb of Lord Red Mask","floor":41,"gold_loss":104},{"damage_healed":0,"gold_gain":0,"player_choice":"Memory 1","damage_taken":0,"max_hp_gain":0,"max_hp_loss":0,"event_name":"SensoryStone","floor":44,"gold_loss":0},{"damage_healed":0,"gold_gain":0,"player_choice":"Copied","damage_taken":0,"max_hp_gain":0,"max_hp_loss":0,"event_name":"Duplicator","floor":47,"gold_loss":0,"cards_obtained":["Shrug It Off"]}],"is_beta":false,"boss_relics":[{"not_picked":["SlaversCollar","Empty Cage"],"picked":"Astrolabe"},{"not_picked":["Black Star","Pandora\u0027s Box"],"picked":"Coffee Dripper"}],"items_purged_floors":[29,30],"is_endless":false,"potions_floor_spawned":[2,4,16,22,23,28,33,39,42],"killed_by":"Donu and Deca","ascension_level":14}}