{"host":"fiyb7gvx7tok3jeh","time":1613481599,"event":{"mods":["BaseMod","Colored Map","Colored Powertips","DeckTracker","Googly Eyes","Highlight Path","Minty Spire (QoL Compilation)"],"gold_per_floor":[13,26,39,39,50,50,76,76,76,76,88,103,103,103],"floor_reached":13,"language":"ENG","playtime":440,"items_purged":[],"score":117,"play_id":"973c59af-aa23-436a-a55a-1d6f5bd68515","local_time":"20210216151959","is_ascension_mode":true,"campfire_choices":[{"data":"Mayhem","floor":6,"key":"SMITH"},{"data":"Double Energy","floor":8,"key":"SMITH"},{"floor":10,"key":"REST"}],"circlet_count":0,"master_deck":["Strike_B","Strike_B","Strike_B","Strike_B","Defend_B","Defend_B","Defend_B","Defend_B","Zap","Dualcast","Mayhem+1","Defragment","Cold Snap","Double Energy+1","Hologram"],"relics":["Cracked Core","Blue Candle","Symbiotic Virus","Cables"],"acts_visited":["Exordium"],"potions_floor_usage":[7,11,13,13],"damage_taken":[{"damage":3,"enemies":"Small Slimes","floor":1,"turns":3},{"damage":7,"enemies":"Jaw Worm","floor":2,"turns":4},{"damage":0,"enemies":"2 Louse","floor":3,"turns":2},{"damage":13,"enemies":"Blue Slaver","floor":5,"turns":4},{"damage":25,"enemies":"3 Sentries","floor":7,"turns":7},{"damage":17,"enemies":"Lots of Slimes","floor":11,"turns":4},{"damage":3,"enemies":"3 Louse","floor":12,"turns":4},{"damage":16,"enemies":"Gremlin Nob","floor":13,"turns":3}],"seed_played":"5358613928334269047","potions_obtained":[{"floor":1,"key":"AttackPotion"},{"floor":7,"key":"GamblersBrew"},{"floor":11,"key":"LiquidBronze"},{"floor":12,"key":"Weak Potion"}],"is_trial":false,"path_per_floor":["M","M","M","?","M","R","E","R","T","R","M","M","E"],"character_chosen":"DEFECT","items_purchased":[],"campfire_rested":1,"item_purchase_floors":[],"current_hp_per_floor":[65,58,58,40,27,27,2,2,2,24,7,4,0,0],"gold":103,"neow_bonus":"RANDOM_COLORLESS_2","is_daily":false,"chose_seed":false,"campfire_upgraded":2,"win_rate":0.0,"timestamp":1613481599,"path_taken":["M","M","M","?","M","R","E","R","T","R","M","M","E"],"items_purchased_type":[],"build_version":"2020-12-22","purchased_purges":0,"victory":false,"max_hp_per_floor":[75,75,75,75,75,75,75,75,75,75,75,75,75,75],"card_choices":[{"not_picked":["Transmutation","Panache"],"picked":"Mayhem","floor":0},{"not_picked":["Redo","Steam","Gash"],"picked":"SKIP","floor":1},{"not_picked":["Conserve Battery","Heatsinks"],"picked":"Defragment","floor":2},{"not_picked":["Static Discharge","Gash"],"picked":"Cold Snap","floor":3},{"not_picked":["Scrape","Hello World","Skim"],"picked":"SKIP","floor":5},{"not_picked":["Sweeping Beam","Thunder Strike"],"picked":"Double Energy","floor":7},{"not_picked":["Double Energy","Streamline","Barrage"],"picked":"SKIP","floor":11},{"not_picked":["Genetic Algorithm","Beam Cell"],"picked":"Hologram","floor":12}],"player_experience":320024,"relics_obtained":[{"floor":7,"key":"Symbiotic Virus"},{"floor":9,"key":"Cables"}],"event_choices":[{"damage_healed":0,"gold_gain":0,"player_choice":"Success","damage_taken":18,"relics_obtained":["Blue Candle"],"max_hp_gain":0,"max_hp_loss":0,"event_name":"Scrap Ooze","floor":4,"gold_loss":0}],"is_beta":false,"boss_relics":[],"items_purged_floors":[],"is_endless":false,"potions_floor_spawned":[1,7,11,12],"killed_by":"Gremlin Nob","ascension_level":7}}