{"host":"ox77rn1xcurm2t5a","time":1613503367,"event":{"mods":["2.2 Compatiblity","AchievementEnabler","Act Like it!","Aspiration","BaseMod","Best Route Mod","Better Match","Better Note","Better Sensory Stone","Block Reminder","Colored Map","Colored Powertips","Conjunction","Conspire","Custom Start","Energized Spire","GifTheSpireLib","Gold Saver","Gremlin Skip","Halation","Highlight Path","Hubris","Infinite Spire","Minty Spire (QoL Compilation)","Pale of the Ancients","Quick Restart","Replay The Spire","Reworked Bosses","ShortenTheSpire","Spire Exporter","StSLib","Stuff the Spire","Wandering Minibosses"],"gold_per_floor":[479,496,516,533,533,533,568,116,198,198,214,249,2,2,2,97,97,109,121,121,121,121,121,221,221,247,247,247],"floor_reached":27,"language":"ENG","playtime":623,"items_purged":["Defend_R","Defend_R"],"score":287,"play_id":"78fd1055-dff1-478f-ad51-baa2f9c00307","local_time":"20210216212247","is_ascension_mode":true,"campfire_choices":[{"floor":6.0,"key":"RECALL"},{"data":"Metallicize","floor":10.0,"key":"SMITH"},{"data":"Pummel","floor":15.0,"key":"SMITH"},{"data":"Bash","floor":23.0,"key":"SMITH"},{"data":"Sword Boomerang","floor":25,"key":"SMITH"}],"circlet_count":0,"master_deck":["Strike_R+1","Strike_R","Strike_R","Strike_R","Strike_R","Defend_R","Bash+1","Perfected Strike+1","Thunderclap","Heavy Blade","Pummel+1","Metallicize+1","Clash","Pommel Strike+1","Sword Boomerang+1","Anger","Flex+1"],"relics":["Burning Blood","hubris:PeanutButter","FossilizedHelix","StuffTheSpire:TintedRock","ReplayFunnel","hubris:SlimyHat","Gremlin Food"],"acts_visited":["Exordium","TheCity"],"potions_floor_usage":[],"damage_taken":[{"damage":6.0,"enemies":"Cultist","floor":1.0,"turns":3.0},{"damage":5.0,"enemies":"Small Slimes","floor":2.0,"turns":3.0},{"damage":7.0,"enemies":"Jaw Worm","floor":3.0,"turns":2.0},{"damage":24.0,"enemies":"Looter","floor":4.0,"turns":6.0},{"damage":30.0,"enemies":"3 Sentries","floor":7.0,"turns":7.0},{"damage":0.0,"enemies":"Exordium Wildlife","floor":11.0,"turns":3.0},{"damage":11.0,"enemies":"Lagavulin","floor":12.0,"turns":4.0},{"damage":24.0,"enemies":"Hexaghost","floor":16.0,"turns":8.0},{"damage":4.0,"enemies":"3 Byrds","floor":18.0,"turns":6.0},{"damage":11.0,"enemies":"2 Thieves","floor":19.0,"turns":3.0},{"damage":26,"enemies":"Gremlin Leader","floor":24,"turns":7},{"damage":46,"enemies":"Book of Stabbing","floor":27,"turns":4}],"seed_played":"9139929963696969652","potions_obtained":[{"floor":1.0,"key":"Energy Potion"},{"floor":3.0,"key":"Regen Potion"},{"floor":4.0,"key":"Block Potion"},{"floor":11.0,"key":"Weak Potion"},{"floor":12.0,"key":"Strength Potion"}],"is_trial":false,"path_per_floor":["M","M","M","M","?","R","E","$","T","R","M","E","$","?","R","B",null,"M","M","?","?","?","R","E","R","T","E"],"character_chosen":"IRONCLAD","items_purchased":["FossilizedHelix","Metallicize","ReplayFunnel"],"campfire_rested":0,"item_purchase_floors":[8,8,13],"current_hp_per_floor":[80,80,79,61,61,61,52,52,52,52,58,53,53,37,37,19,80,80,75,75,60,60,60,40,40,40,0,0],"gold":247,"neow_bonus":"REMOVE_CARD","is_daily":false,"chose_seed":false,"campfire_upgraded":4,"win_rate":0.0,"timestamp":1613503367,"path_taken":["M","M","M","?","?","R","E","$","T","R","?","E","$","?","R","BOSS","M","M","?","?","?","R","E","R","T","E"],"items_purchased_type":["Relic","Card","Relic"],"build_version":"2020-12-22","purchased_purges":2,"victory":false,"max_hp_per_floor":[80,80,80,80,80,80,80,80,80,80,80,80,80,80,80,80,80,80,80,80,85,85,85,85,85,85,85,85],"card_choices":[{"not_picked":["Dark Embrace","True Grit"],"picked":"Perfected Strike","floor":1.0},{"not_picked":["Power Through","Burning Pact"],"picked":"Thunderclap","floor":2.0},{"not_picked":["StuffTheSpire:Resist","ReplayTheSpireMod:Corrosion Curse"],"picked":"Heavy Blade","floor":3.0},{"not_picked":["Defy Death","StuffTheSpire:RockThrow","Heavy Blade"],"picked":"SKIP","floor":4.0},{"not_picked":["StuffTheSpire:TitanForm","hubris:ReadiedAction"],"picked":"Pummel","floor":7.0},{"not_picked":["Carnage","StuffTheSpire:Incineration"],"picked":"Clash","floor":11.0},{"not_picked":["Carnage","Replay:Undeath\u0027s Touch"],"picked":"Pommel Strike","floor":12.0},{"not_picked":["Sentinel","Second Wind"],"picked":"Sword Boomerang","floor":18.0},{"not_picked":["infinitespire:OneForAll+1","StuffTheSpire:Incineration"],"picked":"Anger","floor":19.0},{"not_picked":["Clothesline+1","Fire Breathing"],"picked":"Flex+1","floor":24}],"player_experience":3119618,"relics_obtained":[{"floor":7.0,"key":"hubris:PeanutButter"},{"floor":12.0,"key":"StuffTheSpire:TintedRock"},{"floor":24,"key":"hubris:SlimyHat"},{"floor":26,"key":"Gremlin Food"}],"event_choices":[{"damage_healed":0.0,"max_hp_gain":0.0,"max_hp_loss":0.0,"gold_gain":0.0,"event_name":"Accursed Blacksmith","player_choice":"Forge","floor":5.0,"gold_loss":0.0,"damage_taken":0.0,"cards_upgraded":["Perfected Strike"]},{"damage_healed":0.0,"max_hp_gain":0.0,"max_hp_loss":0.0,"gold_gain":0.0,"event_name":"Shining Light","player_choice":"Entered Light","floor":14.0,"gold_loss":0.0,"damage_taken":16.0,"cards_upgraded":["Strike_R","Pommel Strike"]},{"damage_healed":0.0,"max_hp_gain":0.0,"max_hp_loss":0.0,"gold_gain":0.0,"event_name":"betterNote:BetterNote","player_choice":"Ignored","floor":20.0,"gold_loss":0.0,"damage_taken":0.0,"cards_obtained":["Strike_P"]},{"damage_healed":0.0,"max_hp_gain":5.0,"max_hp_loss":0.0,"gold_gain":0.0,"event_name":"Forgotten Altar","player_choice":"Shed Blood","floor":21.0,"gold_loss":0.0,"damage_taken":20.0}],"is_beta":false,"boss_relics":[{"not_picked":["halation:Yufonium","aspiration:DefectSkillbook","energizedSpire:NeverEndingSparkler"]}],"items_purged_floors":[8,13],"is_endless":false,"potions_floor_spawned":[1,3,4,11,12],"killed_by":"Book of Stabbing","ascension_level":4}}