{"host":"q0v68qxgqt4jwmjg","time":1613436095,"event":{"mods":["Astrologer","BaseMod","CatGirl Mod","Chen","Colored Powertips","Friendly Minions","FutureSeer","Highlight Path","Infinite Spire","Kiyohime????","Koishi","Mad Scientist","Marisa????????","Minty Spire (QoL Compilation)","Onozuka Komachi Mod","Random Character Button","Remilia??????","Replay The Spire","StSLib","Td1madao Mod","The Administrix","The Animator","The Blackbeard","The Disciple","The Forsaken","The Gatherer","The Judge","The Jungle","The Servant 0.9.4","Yohane!","Youmu??????","Yuri Mod","egg","slay the spire mod where everything is the same but ironclad has a cowboy hat","???mod?????"],"gold_per_floor":[112,112,130,130,145,171,171,185,211,231,244,277,452,325,325,437,437,460,460,510,541,559,559,658,485,510,22,22,47,80,105,105,223,223,258,258,302,340,539,617,629,707,719,356,362,362],"floor_reached":45,"language":"ENG","playtime":3138,"items_purged":["Doubt","Defend_R","Defend_R"],"score":700,"play_id":"57e27c33-75dc-4e11-a6e7-67a34e7c8796","local_time":"20210215194135","is_ascension_mode":false,"campfire_choices":[{"data":"Rampage","floor":7,"key":"SMITH"},{"floor":15,"key":"REST"},{"data":"Juggernaut","floor":23,"key":"SMITH"},{"floor":32,"key":"REST"},{"data":"Shrug It Off","floor":41,"key":"SMITH"}],"circlet_count":0,"master_deck":["Strike_R","Strike_R","Strike_R","Strike_R+1","Defend_R","Bash","Rampage+1","Juggernaut+1","Shrug It Off+1","Shrug It Off","Inflame","infinitespire:Execution","Metallicize+1","Inflame","Berserk+1"],"relics":["Black Blood","King of Hearts","Replay:Bandana","infinitespire:Cupcake","yuri:PortableGlitches","Tiny House","Bag of Marbles","ScarletDevilRocket","infinitespire:EvilPickle","MawBank","Vajra","theForsaken:HumbleEgg"],"acts_visited":["Exordium","TheCity","TheBeyond"],"potions_floor_usage":[12,16,16,22,29,30,31,40,45],"damage_taken":[{"damage":13,"enemies":"Cultist","floor":1,"turns":5},{"damage":2,"enemies":"2 Louse","floor":3,"turns":4},{"damage":6,"enemies":"Jaw Worm","floor":5,"turns":3},{"damage":45,"enemies":"3 Sentries","floor":6,"turns":11},{"damage":14,"enemies":"3 Louse","floor":8,"turns":3},{"damage":0,"enemies":"Large Slime","floor":10,"turns":6},{"damage":17,"enemies":"Exordium Thugs","floor":11,"turns":6},{"damage":6,"enemies":"Replay:BlueRogue","floor":12,"turns":5},{"damage":12,"enemies":"Slime Boss","floor":16,"turns":4},{"damage":35,"enemies":"Shell Parasite","floor":18,"turns":8},{"damage":2,"enemies":"3 Byrds","floor":21,"turns":6},{"damage":34,"enemies":"3 Cultists","floor":22,"turns":7},{"damage":14,"enemies":"Snake Plant","floor":29,"turns":4},{"damage":48,"enemies":"Gremlin Leader","floor":30,"turns":7},{"damage":4,"enemies":"Sentry and Sphere","floor":31,"turns":4},{"damage":12,"enemies":"Pondfish","floor":33,"turns":11},{"damage":18,"enemies":"Orb Walker","floor":35,"turns":4},{"damage":12,"enemies":"3 Shapes","floor":37,"turns":6},{"damage":33,"enemies":"Sphere and 2 Shapes","floor":38,"turns":6},{"damage":11,"enemies":"R_Hoarder","floor":40,"turns":7},{"damage":11,"enemies":"4 Shapes","floor":42,"turns":6},{"damage":46,"enemies":"Nemesis","floor":45,"turns":4}],"seed_played":"7420483050452923726","potions_obtained":[{"floor":3,"key":"PowerPotion"},{"floor":5,"key":"SpeedPotion"},{"floor":10,"key":"Death Potion"},{"floor":11,"key":"Flashbang"},{"floor":20,"key":"Languid Potion"},{"floor":21,"key":"ColorlessPotion"},{"floor":30,"key":"SkillPotion"},{"floor":33,"key":"BlessingOfTheForge"},{"floor":35,"key":"PowerPotion"},{"floor":40,"key":"Milkshake"}],"is_trial":false,"path_per_floor":["M","?","M","?","M","E","R","M","T","M","M","E","?","$","R","B",null,"M","?","AVR","M","M","R","?","$","T","?","?","M","E","M","R","B",null,"M","?","M","M","?","E","R","M","T","$","E"],"character_chosen":"IRONCLAD","items_purchased":["BloodPotion","DuplicationPotion","theForsaken:HumbleEgg"],"campfire_rested":2,"item_purchase_floors":[14,25,44],"current_hp_per_floor":[81,81,85,85,85,46,46,38,38,44,33,33,33,33,59,53,88,59,59,64,68,40,40,40,40,40,40,40,32,8,10,37,31,93,87,87,87,66,29,37,37,38,38,38,0,0],"gold":362,"neow_bonus":"TEN_PERCENT_HP_BONUS","is_daily":false,"chose_seed":false,"campfire_upgraded":3,"win_rate":0.0,"timestamp":1613436095,"path_taken":["M","?","M","?","M","E","R","M","T","M","M","E","?","$","R","BOSS","M","?","AVR","M","M","R","?","?","T","?","?","M","E","M","R","BOSS","M","?","M","?","?","E","R","?","T","$","E"],"items_purchased_type":["Potion","Potion","Relic"],"build_version":"2020-12-22","purchased_purges":3,"victory":false,"max_hp_per_floor":[88,88,88,88,88,88,88,88,88,88,88,88,88,88,88,88,88,88,88,93,93,93,93,93,93,93,93,93,93,93,93,93,93,93,93,93,93,93,93,93,93,93,93,93,93,93],"card_choices":[{"not_picked":["Shrug It Off","Sword Boomerang","Perfected Strike"],"picked":"SKIP","floor":1},{"not_picked":["True Grit","Pommel Strike","Power Through"],"picked":"SKIP","floor":3},{"not_picked":["Shrug It Off","ReplayTheSpireMod:Muscle Training"],"picked":"Rampage","floor":5},{"not_picked":["Offering","Body Slam","Iron Wave"],"picked":"SKIP","floor":6},{"not_picked":["Shockwave","Run Through","Abandon"],"picked":"SKIP","floor":8},{"not_picked":["Sever Soul","Thunderclap","Anger"],"picked":"SKIP","floor":10},{"not_picked":["Body Slam","Impervious","Burning Pact"],"picked":"SKIP","floor":11},{"not_picked":["Battle Trance","Exhume","Havoc"],"picked":"SKIP","floor":12},{"not_picked":["Feed","Corruption"],"picked":"Juggernaut","floor":16},{"not_picked":["Power Through","Flex","Combust"],"picked":"SKIP","floor":18},{"not_picked":["Sword Boomerang","Anger"],"picked":"Shrug It Off","floor":20},{"not_picked":["Fire Breathing","Power Through"],"picked":"Shrug It Off","floor":21},{"not_picked":["Reckless Charge","ReplayReversal"],"picked":"Inflame","floor":22},{"not_picked":["ReplayTheSpireMod:Echoes of Time","ReplayTheSpireMod:??????????????????????"],"picked":"infinitespire:Execution","floor":27},{"not_picked":["Flex","Twin Strike","Armaments"],"picked":"SKIP","floor":29},{"not_picked":["Ghostly Armor","Headbutt"],"picked":"Metallicize+1","floor":30},{"not_picked":["Warcry","Dual Wield+1"],"picked":"Inflame","floor":31},{"not_picked":["Corruption","Bludgeon"],"picked":"Berserk","floor":33},{"not_picked":["Anger","Flex+1","Clothesline"],"picked":"SKIP","floor":35},{"not_picked":["Iron Wave+1","Twin Strike+1","Perfected Strike+1"],"picked":"SKIP","floor":37},{"not_picked":["Pommel Strike+1","Sword Boomerang","Armaments+1"],"picked":"SKIP","floor":38},{"not_picked":["True Grit","Defy Death","Pommel Strike"],"picked":"SKIP","floor":40},{"not_picked":["Thunderclap","Defy Death","ReplayTheSpireMod:Strike From Hell"],"picked":"SKIP","floor":42}],"player_experience":161565,"relics_obtained":[{"floor":6,"key":"King of Hearts"},{"floor":12,"key":"Replay:Bandana"},{"floor":26,"key":"Bag of Marbles"},{"floor":30,"key":"ScarletDevilRocket"},{"floor":40,"key":"MawBank"},{"floor":43,"key":"Vajra"}],"event_choices":[{"damage_healed":0,"gold_gain":175,"player_choice":"AGREE","damage_taken":0,"max_hp_gain":0,"max_hp_loss":0,"event_name":"Liars Game","floor":13,"gold_loss":0,"cards_obtained":["Doubt"]},{"damage_healed":0,"gold_gain":0,"player_choice":"Ignored","damage_taken":0,"max_hp_gain":0,"max_hp_loss":0,"event_name":"Ghosts","floor":19,"gold_loss":0},{"damage_healed":0,"gold_gain":99,"player_choice":"Stole From Cult","damage_taken":0,"max_hp_gain":0,"max_hp_loss":0,"event_name":"Nest","floor":24,"gold_loss":0},{"cards_removed":["Defend_R"],"damage_healed":0,"gold_gain":0,"player_choice":"Purged","damage_taken":0,"max_hp_gain":0,"max_hp_loss":0,"event_name":"Purifier","floor":28,"gold_loss":0},{"damage_healed":0,"gold_gain":0,"player_choice":"Forge","damage_taken":0,"max_hp_gain":0,"max_hp_loss":0,"event_name":"Accursed Blacksmith","floor":36,"gold_loss":0,"cards_upgraded":["Berserk"]}],"is_beta":false,"boss_relics":[{"not_picked":["ReplayTheSpireMod:DimensionalGlitch","ReplayTheSpireMod:SealedPack"],"picked":"infinitespire:Cupcake"},{"not_picked":["Replay:Bronze Core","Empty Cage"],"picked":"Black Blood"}],"items_purged_floors":[14,25,44],"is_endless":false,"potions_floor_spawned":[3,5,10,11,21,30,33,35,40],"killed_by":"Nemesis","ascension_level":0}}