{"host":"wshey5htrz8rni6u","time":1613468337,"event":{"mods":["2.2 Compatiblity","BaseMod","Block Reminder","Colored Map","Colored Powertips","Current Relic Mod","Curses Come First","Dark Map","Key Reminder","Keyboard Shortcuts","Minty Spire (QoL Compilation)","Potion Indicator Mod","Quick Restart","Random Character Button","Relic Sorter","Relic Stats","StSLib","SuperFastMode","Twitch Utils","Unceasing Turn Reminder","Weighted Paths","everything is the same but u backflip on backflip"],"gold_per_floor":[115,13,188,263,163,195,195,225,248,258,278,278,293,303,303,406,406,419,451,366,33,33,33,33,29,100,100,116,150,164,199,199,300,300,313,332,382,17,17,17,49,49,72,87,104,121,121,13,13,13,13,13,13,44,44,44],"floor_reached":55,"language":"ENG","playtime":5633,"items_purged":["Strike_P","Doubt","Strike_P"],"score":818,"play_id":"066a4634-67b5-490d-952d-9cb396844cfb","local_time":"20210216013857","is_ascension_mode":false,"campfire_choices":[{"data":"Eruption","floor":7,"key":"SMITH"},{"data":"Meditate","floor":15,"key":"SMITH"},{"data":"WaveOfTheHand","floor":23,"key":"SMITH"},{"floor":32,"key":"REST"},{"data":"MasterReality","floor":40,"key":"SMITH"},{"floor":42,"key":"RECALL"},{"data":"Worship","floor":47,"key":"SMITH"},{"floor":49,"key":"REST"},{"data":"EmptyMind","floor":52,"key":"SMITH"}],"circlet_count":0,"master_deck":["Defend_P","Defend_P","Defend_P","Defend_P","Eruption+1","Vigilance","Meditate+1","BattleHymn","EmptyFist","CutThroughFate","EmptyBody","EmptyBody","WaveOfTheHand+1","ConjureBlade","Protect","MasterReality+1","FlurryOfBlows","Sanctity","FlurryOfBlows","Ghostly","Ghostly","Ghostly","Ghostly","Ghostly","Wallop+1","EmptyFist","FlyingSleeves","Wallop+1","Judgement","Collect","FearNoEvil+1","Crescendo","DevaForm","Indignation+1","WaveOfTheHand+1","EmptyMind+1","FearNoEvil","Worship+1","Injury","WheelKick","Worship+1","Evaluate","LikeWater","EmptyMind+1","ClearTheMind+1","Halt+1"],"relics":["HolyWater","Damaru","Pen Nib","Dream Catcher","Red Mask","White Beast Statue","Happy Flower","CaptainsWheel","HornCleat","Cursed Key","Unceasing Top","TungstenRod","Centennial Puzzle","Whetstone","Gambling Chip"],"acts_visited":["Exordium","TheCity","TheBeyond","TheEnding"],"potions_floor_usage":[19,33,33,41,55,55],"damage_taken":[{"damage":3,"enemies":"Jaw Worm","floor":1,"turns":2},{"damage":8,"enemies":"Lagavulin","floor":6,"turns":4},{"damage":11,"enemies":"3 Sentries","floor":8,"turns":7},{"damage":3,"enemies":"Small Slimes","floor":10,"turns":3},{"damage":0,"enemies":"Cultist","floor":11,"turns":2},{"damage":0,"enemies":"Blue Slaver","floor":13,"turns":4},{"damage":1,"enemies":"Red Slaver","floor":14,"turns":2},{"damage":31,"enemies":"The Guardian","floor":16,"turns":9},{"damage":0,"enemies":"Shell Parasite","floor":18,"turns":3},{"damage":13,"enemies":"Masked Bandits","floor":19,"turns":6},{"damage":5,"enemies":"2 Thieves","floor":25,"turns":5},{"damage":3,"enemies":"Chosen and Byrds","floor":28,"turns":5},{"damage":0,"enemies":"Slavers","floor":29,"turns":3},{"damage":4,"enemies":"Snecko","floor":30,"turns":7},{"damage":6,"enemies":"Book of Stabbing","floor":31,"turns":6},{"damage":1,"enemies":"Champ","floor":33,"turns":9},{"damage":0,"enemies":"Orb Walker","floor":35,"turns":2},{"damage":1,"enemies":"3 Darklings","floor":36,"turns":9},{"damage":1,"enemies":"Mind Bloom Boss Battle","floor":37,"turns":5},{"damage":0,"enemies":"Nemesis","floor":41,"turns":9},{"damage":2,"enemies":"4 Shapes","floor":44,"turns":8},{"damage":0,"enemies":"Maw","floor":45,"turns":6},{"damage":6,"enemies":"Spire Growth","floor":46,"turns":4},{"damage":23,"enemies":"Awakened One","floor":50,"turns":11},{"damage":1,"enemies":"Shield and Spear","floor":54,"turns":5},{"damage":59,"enemies":"The Heart","floor":55,"turns":9}],"seed_played":"-8824214736723339141","potions_obtained":[{"floor":6,"key":"ColorlessPotion"},{"floor":8,"key":"Fire Potion"},{"floor":13,"key":"SpeedPotion"},{"floor":16,"key":"CultistPotion"},{"floor":25,"key":"Block Potion"},{"floor":29,"key":"Regen Potion"},{"floor":33,"key":"EssenceOfSteel"},{"floor":35,"key":"ColorlessPotion"},{"floor":36,"key":"Explosive Potion"},{"floor":37,"key":"PowerPotion"},{"floor":41,"key":"ColorlessPotion"},{"floor":44,"key":"FairyPotion"},{"floor":45,"key":"Dexterity Potion"}],"is_trial":false,"path_per_floor":["M","$","?","?","$","E","R","E","T","M","M","?","M","M","R","B",null,"M","?","?","$","?","R","$","M","T","?","M","E","M","E","R","B",null,"M","M","?","$","$","R","E","R","T","M","M","M","R","$","R","B",null,"R","$","E","B"],"character_chosen":"WATCHER","items_purchased":["EmptyFist","Happy Flower","FlurryOfBlows","TungstenRod","FearNoEvil","LikeWater","EmptyMind"],"campfire_rested":2,"item_purchase_floors":[2,21,21,38,38,48,48],"current_hp_per_floor":[69,69,69,58,58,50,50,39,39,36,36,36,36,35,35,4,72,72,59,59,59,36,36,36,31,31,31,28,28,24,18,28,36,36,36,35,34,34,34,34,34,34,34,32,32,26,26,26,36,13,36,36,36,35,0,0],"gold":44,"neow_bonus":"THREE_CARDS","is_daily":false,"chose_seed":false,"campfire_upgraded":6,"win_rate":0.0,"timestamp":1613468337,"path_taken":["M","$","?","?","?","E","R","E","T","?","M","?","?","M","R","BOSS","M","?","?","$","?","R","$","?","T","?","M","E","M","E","R","BOSS","M","M","?","?","$","R","E","R","T","M","?","M","R","$","R","BOSS","R","$","E","BOSS"],"items_purchased_type":["Card","Relic","Card","Relic","Card","Card","Card"],"build_version":"2020-12-13","purchased_purges":3,"victory":false,"max_hp_per_floor":[72,72,72,72,72,72,72,72,72,72,72,72,72,72,72,72,72,72,72,72,72,36,36,36,36,36,36,36,36,36,36,36,36,36,36,36,36,36,36,36,36,36,36,36,36,36,36,36,36,36,36,36,36,36,36,36],"relic_stats":{"Dream Catcher":2,"Centennial Puzzle":[15],"Happy Flower":[34],"counters":[26,145],"Gambling Chip":[4],"Pen Nib":[28],"Whetstone":["Wallop","FearNoEvil"],"Cursed Key":1,"obtain_stats":[{"Happy Flower":21,"Damaru":6,"Pen Nib":8,"Whetstone":43,"Cursed Key":34,"White Beast Statue":20,"keyreminder:keyreminder":8,"Dream Catcher":9,"CaptainsWheel":29,"Centennial Puzzle":41,"HornCleat":31,"Gambling Chip":54,"HolyWater":17,"Red Mask":19,"PureWater":0,"Unceasing Top":37,"TungstenRod":38},{"Happy Flower":10,"Damaru":2,"Pen Nib":3,"Whetstone":20,"Cursed Key":16,"White Beast Statue":10,"keyreminder:keyreminder":3,"Dream Catcher":3,"CaptainsWheel":13,"Centennial Puzzle":20,"HornCleat":15,"Gambling Chip":25,"HolyWater":8,"Red Mask":10,"PureWater":0,"Unceasing Top":19,"TungstenRod":19},{"Happy Flower":42,"Damaru":6,"Pen Nib":13,"Whetstone":102,"Cursed Key":77,"White Beast Statue":42,"keyreminder:keyreminder":13,"Dream Catcher":13,"CaptainsWheel":55,"Centennial Puzzle":102,"HornCleat":68,"Gambling Chip":136,"HolyWater":33,"Red Mask":42,"PureWater":0,"Unceasing Top":93,"TungstenRod":93}],"Unceasing Top":[1],"TungstenRod":42},"card_choices":[{"not_picked":["FollowUp","Crescendo"],"picked":"Meditate","floor":0},{"not_picked":["Crescendo","Sanctity"],"picked":"BattleHymn","floor":1},{"not_picked":["Conclude","CrushJoints"],"picked":"CutThroughFate","floor":6},{"not_picked":["Protect","Consecrate"],"picked":"EmptyBody","floor":8},{"not_picked":["FlyingSleeves","Crescendo"],"picked":"EmptyBody","floor":10},{"not_picked":["CrushJoints","Evaluate"],"picked":"WaveOfTheHand","floor":11},{"not_picked":["EmptyBody","Collect"],"picked":"ConjureBlade","floor":13},{"not_picked":["Indignation","PathToVictory"],"picked":"Protect","floor":14},{"not_picked":["Omniscience","Vault"],"picked":"MasterReality","floor":16},{"not_picked":["Fasting2","FlyingSleeves"],"picked":"FlurryOfBlows","floor":18},{"not_picked":["ReachHeaven","CrushJoints"],"picked":"Sanctity","floor":19},{"not_picked":["FlyingSleeves","WaveOfTheHand"],"picked":"Wallop","floor":25},{"not_picked":["CrushJoints","SandsOfTime"],"picked":"Wallop+1","floor":28},{"not_picked":["Consecrate","EmptyFist"],"picked":"Judgement","floor":29},{"not_picked":["WaveOfTheHand+1","Wallop"],"picked":"Collect","floor":30},{"not_picked":["JustLucky","Omniscience"],"picked":"FearNoEvil","floor":31},{"not_picked":["FollowUp","EmptyFist"],"picked":"Crescendo","floor":32},{"not_picked":["ConjureBlade","Vault"],"picked":"DevaForm","floor":33},{"not_picked":["Evaluate","Halt+1"],"picked":"Indignation+1","floor":35},{"not_picked":["EmptyFist","CutThroughFate+1"],"picked":"WaveOfTheHand+1","floor":36},{"not_picked":["FlyingSleeves","EmptyBody"],"picked":"EmptyMind+1","floor":37},{"not_picked":["Sanctity+1","Meditate"],"picked":"Worship+1","floor":41},{"not_picked":["JustLucky","Consecrate+1"],"picked":"WheelKick","floor":44},{"not_picked":["Brilliance","JustLucky"],"picked":"Worship","floor":45},{"not_picked":["EmptyFist","CrushJoints+1"],"picked":"Evaluate","floor":46},{"not_picked":["JustLucky+1","ThirdEye+1"],"picked":"ClearTheMind+1","floor":49},{"not_picked":["FlurryOfBlows","CrushJoints+1"],"picked":"Halt+1","floor":54}],"player_experience":69007,"relics_obtained":[{"floor":6,"key":"Damaru"},{"floor":8,"key":"Pen Nib"},{"floor":9,"key":"Dream Catcher"},{"floor":19,"key":"Red Mask"},{"floor":29,"key":"CaptainsWheel"},{"floor":31,"key":"HornCleat"},{"floor":37,"key":"Unceasing Top"},{"floor":41,"key":"Centennial Puzzle"},{"floor":43,"key":"Whetstone"},{"floor":54,"key":"Gambling Chip"}],"event_choices":[{"damage_healed":0,"gold_gain":175,"player_choice":"AGREE","damage_taken":0,"max_hp_gain":0,"max_hp_loss":0,"event_name":"Liars Game","floor":3,"gold_loss":0,"cards_obtained":["Doubt"]},{"damage_healed":0,"gold_gain":75,"player_choice":"Gather Gold","damage_taken":11,"max_hp_gain":0,"max_hp_loss":0,"event_name":"World of Goop","floor":4,"gold_loss":0},{"damage_healed":0,"gold_gain":0,"player_choice":"Ignored","damage_taken":0,"max_hp_gain":0,"max_hp_loss":0,"event_name":"NoteForYourself","floor":12,"gold_loss":0},{"damage_healed":0,"gold_gain":0,"player_choice":"Fought Bandits","damage_taken":0,"max_hp_gain":0,"max_hp_loss":0,"event_name":"Masked Bandits","floor":19,"gold_loss":0},{"damage_healed":0,"gold_gain":0,"player_choice":"Obtained Relic","damage_taken":0,"relics_obtained":["White Beast Statue"],"max_hp_gain":0,"max_hp_loss":0,"event_name":"Addict","floor":20,"gold_loss":85},{"damage_healed":0,"gold_gain":0,"player_choice":"Became a Ghost","damage_taken":0,"max_hp_gain":0,"max_hp_loss":36,"event_name":"Ghosts","floor":22,"gold_loss":0,"cards_obtained":["Ghostly","Ghostly","Ghostly","Ghostly","Ghostly"]},{"damage_healed":0,"gold_gain":0,"cards_transformed":["Strike_P","Strike_P"],"player_choice":"Became Test Subject","damage_taken":0,"max_hp_gain":0,"max_hp_loss":0,"event_name":"Drug Dealer","floor":27,"gold_loss":0,"cards_obtained":["EmptyFist","FlyingSleeves"]},{"damage_healed":0,"gold_gain":0,"player_choice":"Fight","damage_taken":0,"max_hp_gain":0,"max_hp_loss":0,"event_name":"MindBloom","floor":37,"gold_loss":0}],"is_beta":false,"boss_relics":[{"not_picked":["Tiny House","Black Star"],"picked":"HolyWater"},{"not_picked":["Runic Pyramid","Calling Bell"],"picked":"Cursed Key"}],"items_purged_floors":[2,5,21],"is_endless":false,"potions_floor_spawned":[6,8,13,16,25,28,29,30,31,33,35,36,37,41,44,45,46,54],"killed_by":"The Heart","ascension_level":0}}