{"host":"sav7uxregyirlf69","time":1613441921,"event":{"mods":["AchievementEnabler","BaseMod","Colored Map","DeckTracker","Keyboard Shortcuts","Minty Spire (QoL Compilation)","READ ME - Guardian Mod","StSLib","SuperFastMode"],"gold_per_floor":[114,114,129,129,144,144,114,129,129,129,129,159,174,189,189,289,289,304,664,679,694,694,694,466,481,506,506,506],"floor_reached":27,"language":"KOR","playtime":389,"items_purged":["Defend_P"],"score":265,"play_id":"a81273ae-8457-4ffa-a47f-c67e46e985b9","local_time":"20210216111841","daily_mods":["Specialized","ControlledChaos","Lethality"],"is_ascension_mode":false,"campfire_choices":[{"data":"Eruption","floor":6,"key":"SMITH"},{"data":"ForeignInfluence","floor":15,"key":"SMITH"},{"floor":23,"key":"REST"}],"circlet_count":0,"master_deck":["Strike_P","Strike_P","Strike_P","Strike_P","Defend_P","Defend_P","Defend_P+1","Eruption+1","Vigilance","Pray+1","Pray","Pray","Pray","ForeignInfluence+1","EmptyBody","EmptyFist","Prostrate","MasterReality","TalkToTheHand","Devotion"],"relics":["PureWater","Frozen Eye","Omamori","War Paint","Bag of Preparation","Yang","Black Star","Gambling Chip","Tiny Chest"],"acts_visited":["Exordium","TheCity"],"potions_floor_usage":[16,21,21,27],"damage_taken":[{"damage":0,"enemies":"Small Slimes","floor":1,"turns":2},{"damage":6,"enemies":"Jaw Worm","floor":3,"turns":3},{"damage":9,"enemies":"Cultist","floor":5,"turns":3},{"damage":15,"enemies":"3 Louse","floor":8,"turns":2},{"damage":0,"enemies":"Gremlin Nob","floor":12,"turns":1},{"damage":1,"enemies":"2 Fungi Beasts","floor":13,"turns":3},{"damage":10,"enemies":"Exordium Wildlife","floor":14,"turns":3},{"damage":3,"enemies":"The Guardian","floor":16,"turns":7},{"damage":0,"enemies":"Shell Parasite","floor":18,"turns":1},{"damage":5,"enemies":"Spheric Guardian","floor":20,"turns":3},{"damage":11,"enemies":"Snake Plant","floor":21,"turns":3},{"damage":15,"enemies":"Shelled Parasite and Fungi","floor":25,"turns":2},{"damage":56,"enemies":"Gremlin Leader","floor":27,"turns":3}],"seed_played":"2711566965655028651","potions_obtained":[{"floor":1,"key":"PowerPotion"},{"floor":3,"key":"PowerPotion"},{"floor":7,"key":"BlessingOfTheForge"},{"floor":18,"key":"Weak Potion"}],"is_trial":false,"path_per_floor":["M","?","M","T","M","R","?","M","T","?","?","E","M","M","R","B",null,"M","?","M","M","?","R","$","M","T","E"],"character_chosen":"WATCHER","items_purchased":["DistilledChaos","Devotion"],"campfire_rested":1,"item_purchase_floors":[24,24],"current_hp_per_floor":[72,77,71,71,62,62,62,47,47,40,33,33,32,22,22,19,77,77,41,36,25,25,48,48,33,33,0,0],"gold":506,"neow_bonus":"","is_daily":true,"chose_seed":false,"campfire_upgraded":2,"win_rate":0.0,"timestamp":1613441921,"path_taken":["M","?","M","?","M","R","?","?","T","?","?","E","M","M","R","BOSS","M","?","?","M","?","R","$","M","T","E"],"items_purchased_type":["Potion","Card"],"build_version":"2020-12-22","purchased_purges":1,"victory":false,"max_hp_per_floor":[72,77,77,77,77,77,77,77,77,77,77,77,77,77,77,77,77,77,77,77,77,77,77,77,77,77,77,77],"card_choices":[{"not_picked":["FollowUp","DeceiveReality"],"picked":"ForeignInfluence","floor":1},{"not_picked":["BattleHymn","Consecrate"],"picked":"EmptyBody","floor":3},{"not_picked":["WreathOfFlame","WaveOfTheHand","FlyingSleeves"],"picked":"SKIP","floor":5},{"not_picked":["ThirdEye","InnerPeace"],"picked":"EmptyFist","floor":8},{"not_picked":["Halt","SashWhip","Evaluate"],"picked":"SKIP","floor":12},{"not_picked":["Nirvana","ThirdEye","JustLucky"],"picked":"SKIP","floor":13},{"not_picked":["Establishment","Study"],"picked":"Prostrate","floor":14},{"not_picked":["DevaForm","Establishment"],"picked":"MasterReality","floor":16},{"not_picked":["FollowUp","SashWhip","EmptyFist"],"picked":"SKIP","floor":18},{"not_picked":["EmptyFist","Vengeance","Protect"],"picked":"SKIP","floor":20},{"not_picked":["Evaluate+1","EmptyBody"],"picked":"TalkToTheHand","floor":21},{"not_picked":["Crescendo","CarveReality","Weave"],"picked":"SKIP","floor":25}],"player_experience":1589289,"relics_obtained":[{"floor":4,"key":"Omamori"},{"floor":9,"key":"War Paint"},{"floor":12,"key":"Yang"},{"floor":26,"key":"Tiny Chest"}],"event_choices":[{"damage_healed":0,"gold_gain":0,"player_choice":"Donut","damage_taken":0,"max_hp_gain":5,"max_hp_loss":0,"event_name":"Big Fish","floor":2,"gold_loss":0},{"damage_healed":0,"gold_gain":0,"player_choice":"Bought 2 Potions","damage_taken":0,"max_hp_gain":0,"max_hp_loss":0,"event_name":"The Woman in Blue","floor":7,"gold_loss":0},{"damage_healed":0,"gold_gain":0,"player_choice":"Success","damage_taken":7,"relics_obtained":["Bag of Preparation"],"max_hp_gain":0,"max_hp_loss":0,"event_name":"Scrap Ooze","floor":10,"gold_loss":0},{"cards_removed":["Pray"],"damage_healed":0,"gold_gain":0,"player_choice":"Card Removal","damage_taken":7,"max_hp_gain":0,"max_hp_loss":0,"event_name":"Golden Wing","floor":11,"gold_loss":0},{"damage_healed":0,"gold_gain":360,"player_choice":"GOLD GOLD GOLD GOLD ","damage_taken":36,"max_hp_gain":0,"max_hp_loss":0,"event_name":"Knowing Skull","floor":19,"potions_obtained":[],"gold_loss":0,"cards_obtained":[]},{"damage_healed":0,"gold_gain":0,"player_choice":"Opened","damage_taken":0,"relics_obtained":["Gambling Chip"],"max_hp_gain":0,"max_hp_loss":0,"event_name":"The Mausoleum","floor":22,"gold_loss":0,"cards_obtained":["Writhe"]}],"is_beta":false,"boss_relics":[{"not_picked":["HolyWater","Calling Bell"],"picked":"Black Star"}],"items_purged_floors":[24],"is_endless":false,"potions_floor_spawned":[1,3,12,14,18,20],"killed_by":"Gremlin Leader","ascension_level":0}}