{"host":"h5mpg8xef8fl8s1y","time":1613463247,"event":{"mods":["100% Spire Juice","AchievementEnabler","BaseMod","Bestiary","Block Reminder","CapriCore","Colored Map","Colored Powertips","Curses Come First","Dark Map","Displayed Cursed Tome","Energized Spire","Googly Eyes","Highlight Path","Koishi","Marisa????????","Melee Mod","Minty Spire (QoL Compilation)","Permanent Neow","Potion Indicator Mod","Quick Restart","Random Character Button","Rare Cards Sparkle","Reimu??????","Relic Stats","Remilia??????","StSLib","Starting Relic: Pandora\u0027s Box","The Bug Knight","The Immortal","The Marked","The Senshi","The Servant 0.9.4","TheSwordswoman","TheVelvet","Virulent Crown","Waifu the Spire","Wide Potions","Yakumo Yukari mod","Yuyuko","everything is the same but u backflip on backflip","slay the spire mod where everything is the same but ironclad has a cowboy hat"],"gold_per_floor":[118,118,118,78,78,107,107],"floor_reached":6,"language":"ENG","playtime":597,"items_purged":[],"score":42,"play_id":"9d946b80-1be5-45a9-8734-897381b69b51","local_time":"20210216031407","is_ascension_mode":false,"campfire_choices":[],"circlet_count":0,"master_deck":["meleeMod_NeutralAir","meleeMod_BackAir","meleeMod_ShieldPoke","meleeMod_BackAir","meleeMod_UpTilt","meleeMod_FalconDive","meleeMod_NoDI","meleeMod_CommandGrab","meleeMod_ForwardSmash","meleeMod_UpSmash","meleeMod_PowerShield","meleeMod_ShieldDrop+1","meleeMod_Roll"],"relics":["meleeMod_TeamBeerMang0","PaintedHorse:ReiMu","Girya"],"acts_visited":["Exordium"],"potions_floor_usage":[],"damage_taken":[{"damage":0,"enemies":"Cultist","floor":1,"turns":2},{"damage":14,"enemies":"Cultist","floor":2,"turns":4},{"damage":21,"enemies":"3 Sentries","floor":6,"turns":6}],"seed_played":"-2962945628048064628","potions_obtained":[],"is_trial":false,"path_per_floor":["M","?","?","?","?","E"],"character_chosen":"FALCON","items_purchased":[],"campfire_rested":0,"item_purchase_floors":[],"current_hp_per_floor":[85,71,71,71,71,50,50],"gold":107,"neow_bonus":"THREE_CARDS","is_daily":false,"chose_seed":false,"campfire_upgraded":0,"win_rate":0.0,"timestamp":1613463247,"path_taken":["M","?","?","?","?","E"],"items_purchased_type":[],"build_version":"2020-12-22","purchased_purges":0,"victory":false,"max_hp_per_floor":[85,85,85,85,85,85,85],"relic_stats":{"counters":[3,12],"obtain_stats":[{"Girya":6,"meleeMod_TeamBeerMang0":0,"PaintedHorse:ReiMu":4},{"Girya":3,"meleeMod_TeamBeerMang0":0,"PaintedHorse:ReiMu":2},{"Girya":12,"meleeMod_TeamBeerMang0":0,"PaintedHorse:ReiMu":6}]},"card_choices":[{"not_picked":["meleeMod_UpSmash","meleeMod_RapidJabs"],"picked":"meleeMod_PowerShield","floor":0},{"not_picked":["meleeMod_NeutralAir","meleeMod_RockCrock"],"picked":"meleeMod_ShieldDrop","floor":1},{"not_picked":["meleeMod_Pause","meleeMod_UpTilt"],"picked":"meleeMod_Roll","floor":6}],"player_experience":261810,"relics_obtained":[{"floor":6,"key":"Girya"}],"event_choices":[{"damage_healed":0,"gold_gain":0,"player_choice":"Leave","damage_taken":0,"max_hp_gain":0,"max_hp_loss":0,"event_name":"The Cleric","floor":3,"gold_loss":0},{"damage_healed":0,"gold_gain":0,"player_choice":"Donate","damage_taken":0,"relics_obtained":["PaintedHorse:ReiMu"],"max_hp_gain":0,"max_hp_loss":0,"event_name":"yidonshenshe","floor":4,"gold_loss":40},{"damage_healed":0,"gold_gain":0,"player_choice":"Grow","damage_taken":0,"max_hp_gain":0,"max_hp_loss":0,"event_name":"Living Wall","floor":5,"gold_loss":0,"cards_upgraded":["meleeMod_ShieldDrop"]}],"is_beta":false,"boss_relics":[],"items_purged_floors":[],"is_endless":false,"potions_floor_spawned":[],"killed_by":"3 Sentries","ascension_level":0}}