{"host":"w01zow3jg16g8jdh","time":1613483026,"event":{"mods":["2.2 Compatiblity","AchievementEnabler","BaseMod","DeckTracker","Hermit","Keyboard Shortcuts","Marisa£¨Ùöéë¡¡Øª×âÞÞ£©","Minty Spire (QoL Compilation)","Permanent Neow","StSLib","SuperFastMode"],"gold_per_floor":[119,119,119,69,88,88,115,115,115,141,157,157,170,170,170,249,249,259,278,193,216,227,227,242,242,242,40,72,72,107,122,122,207,234,253,281,298,103,103,145,145,185,185,185,211,161,174,197,197,197],"floor_reached":51,"language":"KOR","playtime":1059,"items_purged":["Strike_MRS","Defend_MRS","DarkSpark+1","Strike_MRS+1"],"score":1528,"play_id":"763d6f1a-ea33-48cc-9c4a-84e746527987","local_time":"20210216224346","is_ascension_mode":true,"campfire_choices":[{"data":"MysteriousBeam","floor":6,"key":"SMITH"},{"data":"MagicChant","floor":8,"key":"SMITH"},{"floor":12,"key":"REST"},{"floor":15,"key":"REST"},{"floor":23,"key":"REST"},{"floor":25,"key":"REST"},{"floor":29,"key":"DIG"},{"floor":32,"key":"DIG"},{"floor":41,"key":"REST"},{"floor":44,"key":"DIG"},{"floor":49,"key":"DIG"}],"circlet_count":0,"master_deck":["AscendersBane","Strike_MRS+1","Defend_MRS","MasterSpark","MysteriousBeam+1","MilkyWay","MagicChant+1","BlazeAway+1","MillisecondPulsars","FairyDestructionRay+1","EarthLightRay","Acceleration+1","GrandCross+1","SporeBomb+1"],"relics":["MiniHakkero","Smiling Mask","Happy Flower","Shovel","Matryoshka","RampagingMagicTools","Omamori","CeramicFish","Art of War","Bronze Scales","Mercury Hourglass","Lee\u0027s Waffle","Blood Vial","Regal Pillow","Bag of Marbles","ShroomBag","Astrolabe","Anchor","Toxic Egg 2","Sundial","Kunai","MealTicket","Boot","Toy Ornithopter","Akabeko"],"acts_visited":["Exordium","TheCity","TheBeyond"],"potions_floor_usage":[7,16,16,28,33,36,50,50],"damage_taken":[{"damage":8,"enemies":"Jaw Worm","floor":1,"turns":4},{"damage":5,"enemies":"Small Slimes","floor":5,"turns":3},{"damage":15,"enemies":"Lagavulin","floor":7,"turns":4},{"damage":10,"enemies":"3 Sentries","floor":10,"turns":4},{"damage":0,"enemies":"Cultist","floor":11,"turns":2},{"damage":0,"enemies":"Exordium Wildlife","floor":13,"turns":2},{"damage":22,"enemies":"The Guardian","floor":16,"turns":10},{"damage":4,"enemies":"Spheric Guardian","floor":18,"turns":3},{"damage":33,"enemies":"Shell Parasite","floor":19,"turns":4},{"damage":16,"enemies":"Cultist and Chosen","floor":22,"turns":4},{"damage":23,"enemies":"Snake Plant","floor":24,"turns":3},{"damage":0,"enemies":"Gremlin Leader","floor":28,"turns":3},{"damage":21,"enemies":"Book of Stabbing","floor":30,"turns":3},{"damage":11,"enemies":"3 Cultists","floor":31,"turns":3},{"damage":29,"enemies":"Champ","floor":33,"turns":7},{"damage":30,"enemies":"3 Shapes","floor":35,"turns":2},{"damage":6,"enemies":"Orb Walker","floor":36,"turns":2},{"damage":14,"enemies":"4 Shapes","floor":37,"turns":3},{"damage":3,"enemies":"Reptomancer","floor":40,"turns":2},{"damage":21,"enemies":"Nemesis","floor":42,"turns":5},{"damage":3,"enemies":"Reptomancer","floor":45,"turns":2},{"damage":6,"enemies":"Transient","floor":47,"turns":5},{"damage":49,"enemies":"Awakened One","floor":50,"turns":4}],"seed_played":"331016308527966939","potions_obtained":[{"floor":1,"key":"Weak Potion"},{"floor":10,"key":"Strength Potion"},{"floor":11,"key":"Weak Potion"},{"floor":22,"key":"Energy Potion"},{"floor":24,"key":"Ancient Potion"},{"floor":28,"key":"Dexterity Potion"},{"floor":33,"key":"Fire Potion"},{"floor":40,"key":"PowerPotion"}],"is_trial":false,"path_per_floor":["M","?","?","$","M","R","E","R","T","E","M","R","M","?","R","B",null,"M","M","?","T","M","R","M","R","T","$","E","R","E","M","R","B",null,"M","M","M","$","?","E","R","E","T","R","E","$","M","T","R","B",null],"character_chosen":"MARISA","items_purchased":["Lee\u0027s Waffle","Anchor"],"campfire_rested":5,"item_purchase_floors":[27,38],"current_hp_per_floor":[55,48,34,34,29,29,14,14,14,4,4,25,25,18,39,17,57,53,20,20,20,4,25,2,23,23,77,77,77,56,47,47,20,63,35,35,27,27,27,30,68,53,53,53,56,71,71,71,71,32],"gold":197,"neow_bonus":"RANDOM_COMMON_RELIC","is_daily":false,"chose_seed":false,"campfire_upgraded":2,"win_rate":0.0,"timestamp":1613483026,"path_taken":["M","?","?","$","M","R","E","R","T","E","M","R","M","?","R","BOSS","M","?","?","?","?","R","M","R","T","$","E","R","E","M","R","BOSS","M","M","?","$","?","E","R","E","T","R","E","$","?","?","R","BOSS"],"items_purchased_type":["Relic","Relic"],"build_version":"2020-12-22","purchased_purges":4,"victory":true,"max_hp_per_floor":[70,70,70,70,70,70,70,70,70,70,70,70,70,70,70,70,70,70,70,70,70,70,70,70,70,70,77,77,77,77,77,77,77,77,77,77,77,77,77,77,77,77,77,77,77,77,77,77,77,77],"card_choices":[{"not_picked":["6A","DoubleSpark"],"picked":"MysteriousBeam","floor":1},{"not_picked":["Robbery","LuminesStrike"],"picked":"MilkyWay","floor":5},{"not_picked":["SatelliteIllusion","ShootTheMoon"],"picked":"MagicChant","floor":7},{"not_picked":["Acceleration","GalacticHalo","Orbital"],"picked":"SKIP","floor":10},{"not_picked":["MilkyWay","Acceleration","GravityBeat"],"picked":"SKIP","floor":11},{"not_picked":["IllusionStar","DoubleSpark","PowerUp"],"picked":"SKIP","floor":13},{"not_picked":["EnergyFlow","MilkyWay","MysteriousBeam"],"picked":"SKIP","floor":18},{"not_picked":["Singularity","WitchLeyline"],"picked":"BlazeAway+1","floor":19},{"not_picked":["StarlightTyphoon","SporeBomb","OortCloud"],"picked":"SKIP","floor":22},{"not_picked":["Acceleration","Occultation","GalacticHalo"],"picked":"SKIP","floor":24},{"not_picked":["FinalSpark","RefractionSpark","MeteoricShower"],"picked":"SKIP","floor":28},{"not_picked":["LuminesStrike","EnergyFlow","MeteoricShower"],"picked":"SKIP","floor":30},{"not_picked":["IllusionStar","DarkSpark","WitchOfGreed"],"picked":"SKIP","floor":31},{"not_picked":["TreasureHunter","MaximisePower"],"picked":"MillisecondPulsars","floor":33},{"not_picked":["Acceleration","NonDirectionalLaser"],"picked":"EarthLightRay","floor":35},{"not_picked":["Orbital","MagicAbsorber"],"picked":"Acceleration+1","floor":36},{"not_picked":["MysteriousBeam","PowerUp","AsteroidBelt"],"picked":"SKIP","floor":37},{"not_picked":["FairyDestructionRay","SuperNova"],"picked":"GrandCross+1","floor":40},{"not_picked":["PowerUp+1","MysteriousBeam"],"picked":"SporeBomb+1","floor":42},{"not_picked":["OortCloud","Acceleration+1","DeepEcoloBomb"],"picked":"SKIP","floor":45},{"not_picked":["ChargeUpSpray","AsteroidBelt+1","Robbery"],"picked":"SKIP","floor":47}],"player_experience":393969,"relics_obtained":[{"floor":7,"key":"Happy Flower"},{"floor":9,"key":"Shovel"},{"floor":10,"key":"Matryoshka"},{"floor":21,"key":"CeramicFish"},{"floor":21,"key":"Art of War"},{"floor":26,"key":"Bronze Scales"},{"floor":26,"key":"Mercury Hourglass"},{"floor":28,"key":"Blood Vial"},{"floor":29,"key":"Regal Pillow"},{"floor":30,"key":"Bag of Marbles"},{"floor":32,"key":"ShroomBag"},{"floor":40,"key":"Toxic Egg 2"},{"floor":42,"key":"Sundial"},{"floor":43,"key":"Kunai"},{"floor":44,"key":"MealTicket"},{"floor":45,"key":"Boot"},{"floor":48,"key":"Toy Ornithopter"},{"floor":49,"key":"Akabeko"}],"event_choices":[{"cards_removed":["Defend_MRS"],"damage_healed":0,"gold_gain":0,"player_choice":"Card Removal","damage_taken":7,"max_hp_gain":0,"max_hp_loss":0,"event_name":"Golden Wing","floor":2,"gold_loss":0},{"damage_healed":0,"gold_gain":0,"player_choice":"Entered Light","damage_taken":14,"max_hp_gain":0,"max_hp_loss":0,"event_name":"Shining Light","floor":3,"gold_loss":0,"cards_upgraded":["Strike_MRS","Strike_MRS"]},{"damage_healed":0,"gold_gain":0,"player_choice":"Damaged","damage_taken":7,"max_hp_gain":0,"max_hp_loss":0,"event_name":"Wheel of Change","floor":14,"gold_loss":0},{"damage_healed":0,"gold_gain":0,"player_choice":"Obtained Relic","damage_taken":0,"relics_obtained":["Omamori"],"max_hp_gain":0,"max_hp_loss":0,"event_name":"Addict","floor":20,"gold_loss":85},{"cards_removed":["StarlightTyphoon"],"damage_healed":0,"gold_gain":0,"player_choice":"Purged","damage_taken":0,"max_hp_gain":0,"max_hp_loss":0,"event_name":"Purifier","floor":39,"gold_loss":0}],"is_beta":false,"boss_relics":[{"not_picked":["Empty Cage","Fusion Hammer"],"picked":"RampagingMagicTools"},{"not_picked":["SacredBark","Coffee Dripper"],"picked":"Astrolabe"}],"items_purged_floors":[4,27,38,46],"is_endless":false,"potions_floor_spawned":[1,10,11,22,24,28,33,35,40,47],"ascension_level":14}}