{"host":"dth8fvkfiulu86fi","time":1613476939,"event":{"mods":["2.2 Compatiblity","AchievementEnabler","BaseMod","Better Third Choice","Colored Map","Colored Powertips","Minty Spire (QoL Compilation)","Rare Cards Sparkle","StSLib","SuperFastMode","Synergy Search"],"gold_per_floor":[114,114,129,129,82,82,97,112,112,127,80,95,65,80,80,80,80],"floor_reached":16,"language":"ENG","playtime":423,"items_purged":[],"score":119,"play_id":"9b272513-8f8a-4da9-9050-c6f8756966c9","local_time":"20210216130219","daily_mods":["Specialized","ControlledChaos","Lethality"],"is_ascension_mode":false,"campfire_choices":[{"data":"Consecrate","floor":6.0,"key":"SMITH"},{"floor":15,"key":"REST"}],"circlet_count":0,"master_deck":["Strike_P","Strike_P","Strike_P","Strike_P","Defend_P","Defend_P","Defend_P","Defend_P","Eruption","Vigilance+1","Pray","Pray","Pray","Pray","Pray+1","Consecrate+1","Prostrate","Consecrate"],"relics":["PureWater","Frozen Eye","Omamori","War Paint"],"acts_visited":["Exordium"],"potions_floor_usage":[8,8,14,14,14],"damage_taken":[{"damage":0.0,"enemies":"Small Slimes","floor":1.0,"turns":2.0},{"damage":6.0,"enemies":"Jaw Worm","floor":3.0,"turns":3.0},{"damage":13.0,"enemies":"Cultist","floor":7.0,"turns":3.0},{"damage":23,"enemies":"3 Louse","floor":8,"turns":3},{"damage":10,"enemies":"2 Fungi Beasts","floor":10,"turns":3},{"damage":9,"enemies":"Exordium Wildlife","floor":12,"turns":3},{"damage":11,"enemies":"Gremlin Gang","floor":14,"turns":3},{"damage":30,"enemies":"The Guardian","floor":16,"turns":4}],"seed_played":"2711566965655028651","potions_obtained":[{"floor":1.0,"key":"PowerPotion"},{"floor":3.0,"key":"PowerPotion"},{"floor":10,"key":"Swift Potion"},{"floor":13,"key":"Dexterity Potion"},{"floor":13,"key":"PowerPotion"}],"is_trial":false,"path_per_floor":["M","?","M","T","$","R","M","M","T","M","$","M","?","M","R","B"],"character_chosen":"WATCHER","items_purchased":["Consecrate","Consecrate"],"campfire_rested":1,"item_purchase_floors":[5,11],"current_hp_per_floor":[72,77,71,71,71,71,58,35,35,25,25,16,16,5,28,0,0],"gold":80,"neow_bonus":"","is_daily":true,"chose_seed":false,"campfire_upgraded":1,"win_rate":0.0,"timestamp":1613476939,"path_taken":["M","?","M","?","$","R","M","M","T","M","$","M","?","?","R","BOSS"],"items_purchased_type":["Card","Card"],"build_version":"2020-12-22","purchased_purges":0,"victory":false,"max_hp_per_floor":[72,77,77,77,77,77,77,77,77,77,77,77,77,77,77,77,77],"card_choices":[{"not_picked":["FollowUp","DeceiveReality","ForeignInfluence"],"picked":"SKIP","floor":1.0},{"not_picked":["CrushJoints","FearNoEvil","ThirdEye"],"picked":"SKIP","floor":3.0},{"not_picked":["Swivel","WheelKick","SashWhip"],"picked":"SKIP","floor":7.0},{"not_picked":["Wireheading","Evaluate","ClearTheMind"],"picked":"SKIP","floor":8},{"not_picked":["Evaluate","SashWhip"],"picked":"Prostrate","floor":10},{"not_picked":["EmptyMind","Halt","Fasting2"],"picked":"SKIP","floor":12},{"not_picked":["BowlingBash","SpiritShield","CarveReality"],"picked":"SKIP","floor":14}],"player_experience":1181966,"relics_obtained":[{"floor":4.0,"key":"Omamori"},{"floor":9,"key":"War Paint"}],"event_choices":[{"damage_healed":0.0,"max_hp_gain":5.0,"max_hp_loss":0.0,"gold_gain":0.0,"event_name":"Big Fish","player_choice":"Donut","floor":2.0,"gold_loss":0.0,"damage_taken":0.0},{"damage_healed":0,"gold_gain":0,"player_choice":"Bought 2 Potions","damage_taken":0,"max_hp_gain":0,"max_hp_loss":0,"event_name":"The Woman in Blue","floor":13,"gold_loss":0}],"is_beta":false,"boss_relics":[],"items_purged_floors":[],"is_endless":false,"potions_floor_spawned":[1,3,10],"killed_by":"The Guardian","ascension_level":0}}