{"host":"na09lpbrez4gbfiz","time":1613503791,"event":{"mods":["Act Like it!","BaseMod","BetterRewards","Colored Map","Colored Powertips","DeckTracker","Googly Eyes","Highlight Path","Minty Spire (QoL Compilation)","Quick Restart","Spicy Shops","StSLib","SuperFastMode","Synergy Search"],"gold_per_floor":[116,116,116,41,59,59,84,84,166,194,194,206,240,251,251,322,322,340,340,32,32,32,32,49,49,49],"floor_reached":25,"language":"ENG","playtime":504,"items_purged":["Strike_R","Strike_R"],"score":411,"play_id":"363410a9-f2f8-49e2-8ea8-f8eb43443c81","local_time":"20210216202951","is_ascension_mode":true,"campfire_choices":[{"data":"Bash","floor":6.0,"key":"SMITH"},{"data":"Defend_R","floor":8.0,"key":"SMITH"},{"data":"Defend_R","floor":11.0,"key":"SMITH"},{"data":"Rupture","floor":15.0,"key":"SMITH"},{"data":"Feed","floor":23,"key":"SMITH"}],"circlet_count":0,"master_deck":["AscendersBane","Strike_R","Strike_R","Strike_R+1","Defend_R+1","Defend_R+1","Defend_R+1","Defend_R","Bash+1","Hemokinesis+1","Rupture+1","Bludgeon","Feed+1","Blood for Blood"],"relics":["Black Blood","NeowsBlessing","Paper Frog","Matryoshka","Oddly Smooth Stone","Smiling Mask","Bag of Preparation","Mummified Hand","Membership Card","MealTicket"],"acts_visited":["Exordium","TheCity"],"potions_floor_usage":[16,25,25],"damage_taken":[{"damage":0.0,"enemies":"Small Slimes","floor":1.0,"turns":1.0},{"damage":0.0,"enemies":"Cultist","floor":5.0,"turns":1.0},{"damage":0.0,"enemies":"3 Sentries","floor":7.0,"turns":2.0},{"damage":20.0,"enemies":"Lagavulin","floor":10.0,"turns":4.0},{"damage":5.0,"enemies":"Jaw Worm","floor":12.0,"turns":2.0},{"damage":12.0,"enemies":"Gremlin Nob","floor":13.0,"turns":3.0},{"damage":10.0,"enemies":"2 Fungi Beasts","floor":14.0,"turns":3.0},{"damage":20,"enemies":"Slime Boss","floor":16,"turns":8},{"damage":19,"enemies":"Spheric Guardian","floor":18,"turns":5},{"damage":22,"enemies":"Chosen","floor":24,"turns":6},{"damage":80,"enemies":"Gremlin Leader","floor":25,"turns":9}],"seed_played":"3500680109196576956","potions_obtained":[{"floor":1.0,"key":"FearPotion"},{"floor":12.0,"key":"LiquidBronze"},{"floor":13.0,"key":"LiquidMemories"},{"floor":18,"key":"Block Potion"}],"is_trial":false,"path_per_floor":["M","?","?","$","M","R","E","R","T","E","R","M","E","M","R","B",null,"M","T","$","?","$","R","M","E"],"character_chosen":"IRONCLAD","items_purchased":["Membership Card","MealTicket","Blood for Blood"],"campfire_rested":0,"item_purchase_floors":[20,20,20],"current_hp_per_floor":[74,59,59,59,65,65,71,71,71,57,57,58,52,48,48,34,65,61,61,61,61,76,76,70,0,0],"gold":49,"neow_bonus":"THREE_ENEMY_KILL","is_daily":false,"chose_seed":false,"campfire_upgraded":5,"win_rate":0.0,"timestamp":1613503791,"path_taken":["M","?","?","$","M","R","E","R","T","E","R","M","E","M","R","BOSS","M","?","$","?","$","R","M","E"],"items_purchased_type":["Relic","Relic","Card"],"build_version":"2020-12-22","purchased_purges":2,"victory":false,"max_hp_per_floor":[75,75,75,75,75,75,75,75,75,75,75,75,75,75,75,75,75,78,78,78,78,78,78,82,82,82],"card_choices":[{"not_picked":["Power Through","Entrench"],"picked":"Hemokinesis","floor":1.0},{"not_picked":["Dark Embrace","Shockwave","Headbutt"],"picked":"SKIP","floor":5.0},{"not_picked":["Perfected Strike","Pummel","Headbutt"],"picked":"SKIP","floor":7.0},{"not_picked":["Pommel Strike","Rage","Flex"],"picked":"SKIP","floor":10.0},{"not_picked":["Clash","Body Slam","Reckless Charge"],"picked":"SKIP","floor":12.0},{"not_picked":["Bloodletting","Dropkick"],"picked":"Rupture","floor":13.0},{"not_picked":["Sword Boomerang","Iron Wave"],"picked":"Bludgeon","floor":14.0},{"not_picked":["Corruption","Berserk"],"picked":"Feed","floor":16},{"not_picked":["Clash","Searing Blow","Armaments"],"picked":"SKIP","floor":18},{"not_picked":["Sword Boomerang+1","Twin Strike+1","Clash"],"picked":"SKIP","floor":24}],"player_experience":221068,"relics_obtained":[{"floor":7.0,"key":"Paper Frog"},{"floor":9.0,"key":"Matryoshka"},{"floor":10.0,"key":"Oddly Smooth Stone"},{"floor":13.0,"key":"Smiling Mask"},{"floor":19,"key":"Bag of Preparation"},{"floor":19,"key":"Mummified Hand"}],"event_choices":[{"damage_healed":0.0,"max_hp_gain":0.0,"max_hp_loss":0.0,"gold_gain":0.0,"event_name":"Shining Light","player_choice":"Entered Light","floor":2.0,"gold_loss":0.0,"damage_taken":15.0,"cards_upgraded":["Strike_R","Defend_R"]},{"damage_healed":0.0,"max_hp_gain":0.0,"max_hp_loss":0.0,"gold_gain":0.0,"event_name":"Accursed Blacksmith","player_choice":"Forge","floor":3.0,"gold_loss":0.0,"damage_taken":0.0,"cards_upgraded":["Hemokinesis"]},{"damage_healed":0,"gold_gain":0,"player_choice":"Ignored","damage_taken":0,"max_hp_gain":0,"max_hp_loss":0,"event_name":"Cursed Tome","floor":21,"gold_loss":0}],"is_beta":false,"boss_relics":[{"not_picked":["Mark of Pain","Runic Cube"],"picked":"Black Blood"}],"items_purged_floors":[4,20],"is_endless":false,"potions_floor_spawned":[1,12,13,18],"killed_by":"Gremlin Leader","ascension_level":14}}