{"host":"mwb0clku6crgv6yl","time":1613485276,"event":{"mods":["AchievementEnabler","BaseMod","Highlight Path","Minty Spire (QoL Compilation)","StSLib","The Cursed"],"gold_per_floor":[119,119,119,139,113,113,146,146,170,170,184,198,198,223,223,313,313,328,253,46,46,61,102,102,118,118,134,134,259,259,282,282,380,380,400,400,237,237,28,28,68,68,93,118,118,118,118,149,149,149,149,149,149,4,42,42],"floor_reached":57,"language":"ZHS","playtime":2446,"items_purged":[],"score":2663,"play_id":"15209df8-6f7d-4034-af3d-f54d0f26ca1a","local_time":"20210216222116","is_ascension_mode":true,"campfire_choices":[{"data":"Armaments","floor":6.0,"key":"SMITH"},{"data":"Flex","floor":8.0,"key":"SMITH"},{"floor":10.0,"key":"REST"},{"data":"Heavy Blade","floor":15.0,"key":"SMITH"},{"data":"Inflame","floor":24.0,"key":"SMITH"},{"data":"Heavy Blade","floor":30.0,"key":"SMITH"},{"data":"Fiend Fire","floor":32.0,"key":"SMITH"},{"floor":40.0,"key":"RECALL"},{"data":"Demon Form","floor":47,"key":"SMITH"},{"data":"Shockwave","floor":49,"key":"SMITH"},{"data":"Berserk","floor":53,"key":"SMITH"}],"circlet_count":0,"master_deck":["AscendersBane","Bash","Ghostly Armor","Flex+1","Armaments+1","Heavy Blade+1","Pommel Strike","Shrug It Off","Impervious","Reaper","Heavy Blade+1","Second Wind+1","Flame Barrier+1","Inflame+1","Shockwave+1","Fiend Fire+1","Demon Form+1","Sword Boomerang+1","Carnage+1","Cleave+1","Shockwave+1","Shrug It Off+1","Searing Blow+1","Berserk+1","Whirlwind+1","Heavy Blade+1","Offering+1","Whirlwind+1"],"relics":["Burning Blood","NeowsBlessing","Golden Idol","StrikeDummy","Anchor","Snecko Eye","Chemical X","Pen Nib","Bird Faced Urn","Toxic Egg 2","Du-Vu Doll","Molten Egg 2","Pandora\u0027s Box","War Paint","ClockworkSouvenir","White Beast Statue","Nunchaku","Magic Flower","Bag of Preparation"],"acts_visited":["Exordium","TheCity","TheBeyond","TheEnding"],"potions_floor_usage":[51,56,56],"damage_taken":[{"damage":0.0,"enemies":"Small Slimes","floor":1.0,"turns":1.0},{"damage":0.0,"enemies":"2 Louse","floor":4.0,"turns":1.0},{"damage":0.0,"enemies":"Lagavulin","floor":7.0,"turns":1.0},{"damage":0.0,"enemies":"Jaw Worm","floor":11.0,"turns":3.0},{"damage":0.0,"enemies":"Exordium Wildlife","floor":12.0,"turns":4.0},{"damage":13.0,"enemies":"Large Slime","floor":14.0,"turns":5.0},{"damage":26.0,"enemies":"The Guardian","floor":16.0,"turns":12.0},{"damage":8.0,"enemies":"Shell Parasite","floor":18.0,"turns":4.0},{"damage":5.0,"enemies":"Chosen","floor":22.0,"turns":5.0},{"damage":41.0,"enemies":"Slavers","floor":23.0,"turns":9.0},{"damage":7.0,"enemies":"Snecko","floor":25.0,"turns":4.0},{"damage":12.0,"enemies":"Centurion and Healer","floor":27.0,"turns":6.0},{"damage":10.0,"enemies":"Colosseum Slavers","floor":29.0,"turns":4.0},{"damage":16.0,"enemies":"Colosseum Nobs","floor":29.0,"turns":6.0},{"damage":0.0,"enemies":"3 Cultists","floor":31.0,"turns":3.0},{"damage":46.0,"enemies":"Champ","floor":33.0,"turns":9.0},{"damage":10.0,"enemies":"3 Shapes","floor":35.0,"turns":5.0},{"damage":21.0,"enemies":"Nemesis","floor":41.0,"turns":5.0},{"damage":0,"enemies":"3 Darklings","floor":44,"turns":2},{"damage":4,"enemies":"Mind Bloom Boss Battle","floor":48,"turns":4},{"damage":63,"enemies":"Awakened One","floor":50,"turns":7},{"damage":23,"enemies":"Time Eater","floor":51,"turns":6},{"damage":1,"enemies":"Shield and Spear","floor":55,"turns":3},{"damage":125,"enemies":"The Heart","floor":56,"turns":7}],"seed_played":"545769270264191821","potions_obtained":[{"floor":1.0,"key":"PowerPotion"},{"floor":4.0,"key":"EssenceOfSteel"},{"floor":18.0,"key":"ElixirPotion"},{"floor":23.0,"key":"Energy Potion"},{"floor":27.0,"key":"SteroidPotion"},{"floor":31.0,"key":"Ancient Potion"},{"floor":33.0,"key":"DistilledChaos"},{"floor":35.0,"key":"Fire Potion"},{"floor":41.0,"key":"Strength Potion"},{"floor":44,"key":"AttackPotion"},{"floor":48,"key":"GamblersBrew"},{"floor":55,"key":"GamblersBrew"}],"is_trial":false,"path_per_floor":["M","?","?","M","$","R","E","R","T","R","M","M","?","M","R","B",null,"M","?","$","?","M","E","R","M","T","M","T","?","R","M","R","B",null,"M","?","$","$","$","R","E","?","T","M","$","$","R","?","R","B","B",null,"R","$","E","B",null],"character_chosen":"IRONCLAD","items_purchased":["Armaments","Chemical X","Second Wind","War Paint","Whirlwind+1","ClockworkSouvenir","Offering+1","Dexterity Potion"],"campfire_rested":1,"item_purchase_floors":[5,20,20,37,39,39,54,54],"current_hp_per_floor":[74,51,25,31,31,31,37,37,37,59,65,71,71,64,64,44,67,74,74,74,74,75,43,43,51,51,57,57,47,47,75,75,35,65,75,71,71,71,71,71,60,60,60,66,66,66,66,72,72,60,71,74,74,74,75,26],"gold":42,"neow_bonus":"THREE_ENEMY_KILL","is_daily":false,"chose_seed":false,"campfire_upgraded":9,"win_rate":0.0,"timestamp":1613485276,"path_taken":["M","?","?","M","?","R","E","R","T","R","M","?","?","M","R","BOSS","M","?","$","?","M","E","R","M","T","M","?","?","R","?","R","BOSS","M","?","$","?","$","R","E","?","T","?","?","$","R","?","R","BOSS","BOSS","R","$","E","BOSS"],"items_purchased_type":["Card","Relic","Card","Relic","Card","Relic","Card","Potion"],"build_version":"2020-12-22","purchased_purges":0,"victory":true,"max_hp_per_floor":[75,75,75,75,75,75,75,75,75,75,75,75,75,75,75,75,75,75,75,75,75,75,75,75,75,75,75,75,75,75,75,75,75,75,75,75,75,75,75,75,75,75,75,75,75,75,75,75,75,75,75,75,75,75,75,75],"card_choices":[{"not_picked":["Warcry","Pummel"],"picked":"Ghostly Armor","floor":1.0},{"not_picked":["Blood for Blood","Havoc"],"picked":"Flex","floor":4.0},{"not_picked":["Cleave","Flex"],"picked":"Heavy Blade","floor":7.0},{"not_picked":["Fire Breathing","Disarm"],"picked":"Pommel Strike","floor":11.0},{"not_picked":["Hemokinesis","Iron Wave"],"picked":"Shrug It Off","floor":12.0},{"not_picked":["Searing Blow","Thunderclap"],"picked":"Impervious","floor":14.0},{"not_picked":["Juggernaut","Double Tap"],"picked":"Reaper","floor":16.0},{"not_picked":["True Grit","Dropkick"],"picked":"Heavy Blade","floor":18.0},{"not_picked":["Shrug It Off","Warcry"],"picked":"Flame Barrier","floor":22.0},{"not_picked":["Combust","Flex"],"picked":"Inflame","floor":23.0},{"not_picked":["Armaments","Headbutt"],"picked":"Shockwave","floor":25.0},{"not_picked":["Infernal Blade","Carnage"],"picked":"Fiend Fire","floor":27.0},{"not_picked":["Second Wind+1","Sword Boomerang+1","Ghostly Armor+1"],"picked":"SKIP","floor":31.0},{"not_picked":["Reaper+1","Bludgeon+1"],"picked":"Demon Form","floor":33.0},{"not_picked":["Ghostly Armor+1","Perfected Strike+1","Spot Weakness+1"],"picked":"SKIP","floor":35.0},{"not_picked":["Iron Wave+1","Clash+1","Body Slam+1"],"picked":"SKIP","floor":41.0},{"not_picked":["Pommel Strike+1","Rupture"],"picked":"Heavy Blade+1","floor":44},{"not_picked":["Impervious+1","Heavy Blade+1"],"picked":"Whirlwind+1","floor":55}],"player_experience":342148,"relics_obtained":[{"floor":7.0,"key":"StrikeDummy"},{"floor":9.0,"key":"Anchor"},{"floor":23.0,"key":"Pen Nib"},{"floor":26.0,"key":"Bird Faced Urn"},{"floor":28.0,"key":"Toxic Egg 2"},{"floor":29.0,"key":"Du-Vu Doll"},{"floor":29.0,"key":"Molten Egg 2"},{"floor":41.0,"key":"White Beast Statue"},{"floor":48,"key":"Magic Flower"},{"floor":55,"key":"Bag of Preparation"}],"event_choices":[{"damage_healed":0.0,"max_hp_gain":0.0,"max_hp_loss":0.0,"gold_gain":0.0,"event_name":"Shining Light","player_choice":"Entered Light","floor":2.0,"gold_loss":0.0,"damage_taken":23.0,"cards_upgraded":["Defend_R","Strike_R"]},{"damage_healed":0.0,"max_hp_gain":0.0,"max_hp_loss":0.0,"gold_gain":0.0,"event_name":"Golden Idol","player_choice":"Take Damage","floor":3.0,"gold_loss":0.0,"damage_taken":26.0,"relics_obtained":["Golden Idol"]},{"cards_removed":["Defend_R"],"damage_healed":0.0,"max_hp_gain":0.0,"max_hp_loss":0.0,"gold_gain":0.0,"event_name":"Purifier","player_choice":"Purged","floor":13.0,"gold_loss":0.0,"damage_taken":0.0},{"cards_removed":["Strike_R"],"damage_healed":0.0,"max_hp_gain":0.0,"max_hp_loss":0.0,"gold_gain":0.0,"event_name":"Beggar","player_choice":"Gave Gold","floor":19.0,"gold_loss":75.0,"damage_taken":0.0},{"damage_healed":0.0,"max_hp_gain":0.0,"max_hp_loss":0.0,"gold_gain":0.0,"event_name":"Vampires","player_choice":"Ignored","floor":21.0,"gold_loss":0.0,"damage_taken":0.0},{"damage_healed":0.0,"max_hp_gain":0.0,"max_hp_loss":0.0,"gold_gain":0.0,"event_name":"Colosseum","player_choice":"Fight","floor":29.0,"gold_loss":0.0,"damage_taken":0.0},{"damage_healed":0.0,"max_hp_gain":0.0,"max_hp_loss":0.0,"gold_gain":0.0,"event_name":"Colosseum","player_choice":"Fought Nobs","floor":29.0,"gold_loss":0.0,"damage_taken":0.0},{"damage_healed":0.0,"max_hp_gain":0.0,"max_hp_loss":0.0,"gold_gain":0.0,"event_name":"The Woman in Blue","player_choice":"Bought 0 Potions","floor":36.0,"gold_loss":0.0,"damage_taken":0.0},{"damage_healed":0.0,"max_hp_gain":0.0,"max_hp_loss":0.0,"gold_gain":0.0,"event_name":"WeMeetAgain","player_choice":"Gave Potion","floor":42.0,"gold_loss":0.0,"damage_taken":0.0,"relics_obtained":["Nunchaku"]},{"damage_healed":0,"gold_gain":0,"player_choice":"Fight","damage_taken":0,"max_hp_gain":0,"max_hp_loss":0,"event_name":"MindBloom","floor":48,"gold_loss":0}],"is_beta":false,"boss_relics":[{"not_picked":["Tiny House","SacredBark"],"picked":"Snecko Eye"},{"not_picked":["SlaversCollar","Runic Pyramid"],"picked":"Pandora\u0027s Box"}],"items_purged_floors":[],"is_endless":false,"potions_floor_spawned":[1,4,14,18,23,27,31,33,35,41,44,48,55],"ascension_level":20}}