{"host":"rbccvrvdyhsypb23","time":1613512029,"event":{"mods":["AchievementEnabler","Act Like it!","Arknights","Aspiration","BaseMod","Better Third Choice","BetterRewards","Fox Events","Friendly Minions","Gensokyo","Hubris","Infinite Spire","Ironclad Rager","KomeijiMod","Minty Spire (QoL Compilation)","Replay The Spire","Shade Mod","StSLib","The Blackbeard","The Marked","The Mystic","Wandering Minibosses"],"gold_per_floor":[115,148,148,148,167,197,256,275,428,438,472,483,510,510,510,639,716,736,755,770,920,939,977,993,1033,1110,1110,1235,1268,1286,1286,1286,1406,1483,1497,1370,1370,1370,1389,1389,1432,1445,1522,1546,1546,1571,1594,1628,1628,1756,1833,1851,1851,1865,1532,1544,1574,1574,1585,1716,1716,1740,1815,1815,1829,1829,1941,2018,2028,1787,1787,1800,1812,2146,1972,2000,2077,2077,2104,2104,2121,2131,2131,2253,2330,2352,2352,2232,2251,2257,2281,2288,2297,2401,2415,2436,2469,2235,2235,2235,2358,2435,2440,2459,2475,2475,2497,2531,2531,2553,2630,2630,2293,2293,2321,2331,2331,2744,2821,2836,2836,2852,2861,2863,2863,2879,2892,2995,2920,2961,2980,2980,3008,3008,3125,3202,3223,3236,3249,3265,3265,3300,3300,3329,3429,3352,3374,3376,3396,3424,3424,3558,3635,3635,3561,3590,3683],"floor_reached":158,"language":"ENG","playtime":4856,"items_purged":["Defend_R+1","hubris:ReadiedAction+1","Defend_R"],"score":5886,"play_id":"d4f934ae-a6c1-4f06-a37d-05bfa8e335ef","local_time":"20210217004709","is_ascension_mode":true,"campfire_choices":[{"data":"Uppercut","floor":15.0,"key":"SMITH"},{"data":"Bludgeon","floor":27.0,"key":"SMITH"},{"data":"Inflame","floor":32.0,"key":"SMITH"},{"data":"Bash","floor":40.0,"key":"SMITH"},{"data":"Whirlwind","floor":49.0,"key":"SMITH"},{"data":"ReplayTheSpireMod:Limb From Limb","floor":58.0,"key":"SMITH"},{"data":"Pommel Strike","floor":61.0,"key":"SMITH"},{"data":"Headbutt","floor":66.0,"key":"SMITH"},{"floor":80.0,"key":"RECALL"},{"data":"Defend_R","floor":83.0,"key":"PURGE"},{"data":"Defend_R","floor":100.0,"key":"PURGE"},{"data":"Strike_R","floor":109,"key":"PURGE"},{"data":"Strike_R","floor":114,"key":"PURGE"},{"data":"ReplayTheSpireMod:Private Reserves+1","floor":117,"key":"PURGE"},{"data":"Strike_R+1","floor":125,"key":"PURGE"},{"data":"Strike_R+1","floor":134,"key":"PURGE"},{"data":"Clash+1","floor":143,"key":"PURGE"},{"data":"Gensokyo:SummonFieryMouse","floor":151,"key":"PURGE"},{"data":"Havoc+1","floor":154,"key":"PURGE"}],"circlet_count":0,"master_deck":["Bash+1","Second Wind+1","Headbutt+1","Uppercut+1","Bludgeon+1","Flex+1","Thunderclap+1","ReplayTheSpireMod:Muscle Training+1","Flex+1","Whirlwind+1","Inflame+1","Limit Break+1","Sword Boomerang+1","infinitespire:SevenWalls+1","Pommel Strike+1","blackbeard:BoostMorale+1","blackbeard:BoostMorale+1","ReplayTheSpireMod:Limb From Limb+1","Limit Break+1","infinitespire:TheBestDefense+1","Limit Break+1","hubris:InfiniteBlow+40362","Offering+1"],"relics":["Burning Blood","Paper Frog","Omamori","ShirouKen","Whetstone","infinitespire:Joker Card","hubris:TenFootPole","Vajra","hubris:Spice","Simple Rune","Toxic Egg 2","Peace Pipe","Onion Ring","TungstenRod","King of Hearts","HandDrill","Mango","Membership Card","hubris:SlimyHat","Orrery","Pen Nib","hubris:HerbalPaste","Strawberry","infinitespire:PuzzleCube","Medical Kit","foxEvents:LuckyCharm","Bottled Flame","aspiration:Lifesprig","Bronze Scales","Golden Idol","Abe\u0027s Treasure","hubris:RunicObelisk","ReplayTheSpireMod:CursedCoin","infinitespire:Beetle Shell","Replay:Bottled Flurry","hubris:BundleOfHerbs","Orichalcum","aspiration:WatcherSkillbook","Gremlin Horn","hubris:CrystalStatue","wanderingMiniBosses:Inkheart","Self Forming Clay","Potion Belt","aspiration:SeaSaltIceCream","wanderingMiniBosses:Blackblade","hubris:SphereOfDissonance","DollysMirror","infinitespire:Eraser","CeramicFish","Oddly Smooth Stone","aspiration:RitualDagger","infinitespire:Bottled Soul","Guide Book","Old Coin","infinitespire:WardingShard","Unceasing Top","Chameleon Ring","Bag of Marbles","Shuriken","Mummified Hand","aspiration:FrozenJewel","BargainBundle","Painkiller Herb","Quantum Egg","ClockworkSouvenir","hubris:ToyBattleship","Ice Cream","hubris:ChampionShield","Gensokyo:Companionship","Black Star","aspiration:TomeofQuesting","ReplayTheSpireMod:Lightbulb","infinitespire:FocusingShard","TheAbacus","Matryoshka","hubris:TerracottaHorce","Ancient Tea Set","hubris:MysteriousPyramids"],"acts_visited":["Exordium","Exordium","Gensokyo:Gensokyoer","Exordium","TheCity","TheBeyond","TheBeyond","TheCity","TheBeyond","TheEnding"],"potions_floor_usage":[],"damage_taken":[{"damage":0.0,"enemies":"Jaw Worm","floor":1.0,"turns":1.0},{"damage":2.0,"enemies":"Colosseum Slavers","floor":2.0,"turns":3.0},{"damage":0.0,"enemies":"2 Louse","floor":5.0,"turns":2.0},{"damage":8.0,"enemies":"3 Sentries","floor":6.0,"turns":3.0},{"damage":8.0,"enemies":"3 Sentries","floor":7.0,"turns":4.0},{"damage":0.0,"enemies":"ats:Genji","floor":8.0,"turns":1.0},{"damage":0.0,"enemies":"2 Fungi Beasts","floor":10.0,"turns":2.0},{"damage":1.0,"enemies":"Replay:BlueRogue","floor":11.0,"turns":2.0},{"damage":11.0,"enemies":"Blue Slaver","floor":12.0,"turns":1.0},{"damage":0.0,"enemies":"Gremlin Nob","floor":13.0,"turns":2.0},{"damage":0.0,"enemies":"Slime Boss","floor":16.0,"turns":3.0},{"damage":2.0,"enemies":"Gensokyo:3_Dogs","floor":18.0,"turns":3.0},{"damage":0.0,"enemies":"Gensokyo:AngelMirror","floor":19.0,"turns":1.0},{"damage":1.0,"enemies":"Gensokyo:Swordslinger","floor":20.0,"turns":2.0},{"damage":0.0,"enemies":"Gensokyo:Chomper_and_Gloop","floor":22.0,"turns":2.0},{"damage":10.0,"enemies":"Gensokyo:Reisen","floor":23.0,"turns":3.0},{"damage":0.0,"enemies":"Gensokyo:Wraith","floor":24.0,"turns":2.0},{"damage":0.0,"enemies":"Gensokyo:Koishi","floor":25.0,"turns":2.0},{"damage":2.0,"enemies":"Gensokyo:Koishi","floor":28.0,"turns":3.0},{"damage":5.0,"enemies":"Gensokyo:Reisen","floor":29.0,"turns":3.0},{"damage":6.0,"enemies":"Gensokyo:Slime_Group","floor":30.0,"turns":2.0},{"damage":0.0,"enemies":"Gensokyo:Eternal_Rivals","floor":33.0,"turns":5.0},{"damage":0.0,"enemies":"Gensokyo:AncientGuardian","floor":35.0,"turns":2.0},{"damage":0.0,"enemies":"Gensokyo:3_Boulders","floor":39.0,"turns":3.0},{"damage":8.0,"enemies":"Gensokyo:Marisa","floor":41.0,"turns":2.0},{"damage":0.0,"enemies":"Gensokyo:AtlasGolem","floor":42.0,"turns":4.0},{"damage":1.0,"enemies":"Gensokyo:Rafflesia","floor":44.0,"turns":3.0},{"damage":0.0,"enemies":"Gensokyo:3_Boulders","floor":46.0,"turns":1.0},{"damage":0.0,"enemies":"Gensokyo:4_Bats","floor":47.0,"turns":1.0},{"damage":0.0,"enemies":"Nightmare","floor":48.0,"turns":1.0},{"damage":3.0,"enemies":"Gensokyo:Scarlet_Devils","floor":50.0,"turns":3.0},{"damage":0.0,"enemies":"ats:Genji","floor":52.0,"turns":1.0},{"damage":0.0,"enemies":"Cultist","floor":54.0,"turns":1.0},{"damage":0.0,"enemies":"infinitespire:Voidling","floor":56.0,"turns":1.0},{"damage":0.0,"enemies":"Replay:BlueRogue","floor":57.0,"turns":1.0},{"damage":0.0,"enemies":"2 Fungi Beasts","floor":59.0,"turns":1.0},{"damage":0.0,"enemies":"3 Sentries","floor":62.0,"turns":1.0},{"damage":0.0,"enemies":"Looter","floor":65.0,"turns":1.0},{"damage":0.0,"enemies":"Fading Forest","floor":67.0,"turns":3.0},{"damage":2.0,"enemies":"Spheric Guardian","floor":69.0,"turns":1.0},{"damage":2.0,"enemies":"Shell Parasite","floor":72.0,"turns":1.0},{"damage":2.0,"enemies":"Centurion and Healer","floor":73.0,"turns":1.0},{"damage":2.0,"enemies":"Slavers","floor":74.0,"turns":1.0},{"damage":2.0,"enemies":"Gremlin Leader","floor":79.0,"turns":1.0},{"damage":2.0,"enemies":"Shelled Parasite and Fungi","floor":81.0,"turns":1.0},{"damage":2.0,"enemies":"Snake Plant","floor":82.0,"turns":1.0},{"damage":4.0,"enemies":"Automaton","floor":84.0,"turns":2.0},{"damage":2.0,"enemies":"Orb Walker","floor":86.0,"turns":1.0},{"damage":2.0,"enemies":"3 Darklings","floor":89.0,"turns":1.0},{"damage":2.0,"enemies":"Sphere and 2 Shapes","floor":90.0,"turns":1.0},{"damage":2.0,"enemies":"R_Hoarder","floor":91.0,"turns":2.0},{"damage":2.0,"enemies":"4 Shapes","floor":92.0,"turns":1.0},{"damage":2.0,"enemies":"Writhing Mass","floor":95.0,"turns":1.0},{"damage":2.0,"enemies":"Sphere and 2 Shapes","floor":96.0,"turns":1.0},{"damage":2.0,"enemies":"Giant Head","floor":97.0,"turns":1.0},{"damage":10.0,"enemies":"Time Eater","floor":101.0,"turns":2.0},{"damage":4,"enemies":"Gensokyo:3_Fairies","floor":103,"turns":2},{"damage":2,"enemies":"Gensokyo:Gryphon","floor":104,"turns":1},{"damage":2,"enemies":"Gensokyo:2_Kodama","floor":105,"turns":1},{"damage":2,"enemies":"Gensokyo:2_Rabbits","floor":107,"turns":1},{"damage":2,"enemies":"Gensokyo:Aya","floor":108,"turns":1},{"damage":2,"enemies":"Gensokyo:Kitsune","floor":110,"turns":1},{"damage":2,"enemies":"Gensokyo:Mamizou","floor":115,"turns":1},{"damage":4,"enemies":"Gensokyo:VengefulSpirit","floor":116,"turns":2},{"damage":6,"enemies":"Gensokyo:Yukari","floor":118,"turns":2},{"damage":2,"enemies":"Spheric Guardian","floor":120,"turns":1},{"damage":2,"enemies":"Chosen","floor":122,"turns":1},{"damage":2,"enemies":"Centurion and Healer","floor":124,"turns":1},{"damage":2,"enemies":"Sentry and Sphere","floor":126,"turns":1},{"damage":2,"enemies":"Chosen and Byrds","floor":127,"turns":1},{"damage":2,"enemies":"Book of Stabbing","floor":130,"turns":1},{"damage":2,"enemies":"Centurion and Healer","floor":131,"turns":1},{"damage":2,"enemies":"Gremlin Leader","floor":133,"turns":1},{"damage":2,"enemies":"infinitespire:LordOfFortification","floor":135,"turns":1},{"damage":5,"enemies":"3 Shapes","floor":137,"turns":1},{"damage":2,"enemies":"Orb Walker","floor":138,"turns":1},{"damage":2,"enemies":"Jaw Worm Horde","floor":139,"turns":1},{"damage":3,"enemies":"4 Shapes","floor":140,"turns":1},{"damage":2,"enemies":"R_Hoarder","floor":142,"turns":1},{"damage":2,"enemies":"Giant Head","floor":144,"turns":1},{"damage":2,"enemies":"3 Darklings","floor":147,"turns":1},{"damage":4,"enemies":"Transient","floor":148,"turns":2},{"damage":2,"enemies":"Writhing Mass","floor":149,"turns":1},{"damage":2,"enemies":"R_Hoarder","floor":150,"turns":1},{"damage":2,"enemies":"infinitespire:LordOfFortification","floor":152,"turns":1},{"damage":2,"enemies":"Shield and Spear","floor":156,"turns":1},{"damage":7,"enemies":"The Heart","floor":157,"turns":5}],"seed_played":"6380699965151864294","potions_obtained":[{"floor":1.0,"key":"Block Potion"},{"floor":8.0,"key":"Block Potion"},{"floor":12.0,"key":"SneckoOil"},{"floor":57.0,"key":"LiquidBronze"},{"floor":73.0,"key":"SteroidPotion"},{"floor":110,"key":"JyouchiReiPotion"},{"floor":148,"key":"ColorlessPotion"}],"is_trial":false,"path_per_floor":["M","?","?","?","M","E","?","M","T","M","E","M","E","?","R","B",null,"M","M","M","AVR","M","E","M","E","T","R","?","E","M","?","R","B",null,"M","$","?","?","M","R","E","M","T","M","?","M","M","NM","R","B",null,"M","?","M","$","M","E","R","M","T","R","E","?","?","M","R","B",null,"M","$","?","M","M","E","$","?","T","?","E","R","M","M","R","B",null,"M","?","$","M","M","E","M","?","T","M","M","E","$","?","R","B",null,"?","?","?","?","?","E","T","?","T","?","COS","T","E","?","T","B",null,"?","?","?","AVR","?","T","?","?","T","?","E","?","?","E","T","B",null,"?","?","?","?","?","E","T","E","T","T","?","?","?","E","T","B",null,"T","T","E","B",null],"character_chosen":"IRONCLAD","items_purchased":["Paper Frog","Omamori","Whetstone","hubris:TenFootPole","Vajra","Simple Rune","Toxic Egg 2","Onion Ring","TungstenRod","King of Hearts","HandDrill","Mango","Membership Card","hubris:SlimyHat","Orrery","Pen Nib","hubris:HerbalPaste","Flex+1","Thunderclap","Strawberry","infinitespire:PuzzleCube","Medical Kit","hubris:ReadiedAction+1","Gremlin Horn","aspiration:SeaSaltIceCream","hubris:SphereOfDissonance","DollysMirror","infinitespire:Bottled Soul","Guide Book","infinitespire:WardingShard","Shuriken","aspiration:FrozenJewel","BargainBundle","TheAbacus","Ancient Tea Set"],"campfire_rested":0,"item_purchase_floors":[0,0,0,0,0,0,0,0,0,0,0,0,0,0,0,0,0,0,0,0,0,0,0,36,55,55,55,70,70,75,88,98,98,146,155],"current_hp_per_floor":[109,109,109,109,109,107,108,109,109,109,109,104,109,96,96,107,109,109,109,109,109,109,105,109,109,109,109,109,109,109,109,109,109,109,109,109,96,96,107,107,107,109,109,109,109,109,109,109,109,109,109,109,109,109,109,109,109,109,109,109,109,109,105,110,114,114,114,114,114,114,114,114,114,114,114,101,101,96,100,100,104,108,108,113,114,114,114,114,114,114,114,114,114,114,114,114,114,114,114,114,112,114,114,114,114,114,114,114,114,114,114,114,114,114,114,114,114,114,114,114,114,114,114,114,114,114,114,114,114,122,122,122,122,122,122,122,122,122,122,122,122,122,122,122,122,122,122,122,122,122,122,122,122,122,122,122,122],"gold":3683,"neow_bonus":"","is_daily":false,"chose_seed":false,"campfire_upgraded":8,"win_rate":0.0,"timestamp":1613512029,"path_taken":["M","?","?","?","M","E","?","M","T","M","E","?","E","?","R","BOSS","M","M","M","AVR","M","E","M","E","T","R","?","E","M","?","R","BOSS","M","$","?","?","M","R","E","M","T","M","?","?","M","NM","R","BOSS","M","?","M","$","?","E","R","M","T","R","E","?","?","M","R","BOSS","M","$","?","M","M","E","$","?","T","?","E","R","M","M","R","BOSS","M","?","$","?","M","E","M","?","T","M","M","E","$","?","R","BOSS","?","?","?","?","?","E","T","?","T","?","COS","T","E","?","T","BOSS","?","?","?","AVR","?","T","?","?","T","?","E","?","?","E","T","BOSS","?","?","?","?","?","E","T","E","T","?","?","?","?","E","T","BOSS","T","T","E","BOSS"],"items_purchased_type":["Relic","Relic","Relic","Relic","Relic","Relic","Relic","Relic","Relic","Relic","Relic","Relic","Relic","Relic","Relic","Relic","Relic","Card","Card","Relic","Relic","Relic","Card","Relic","Relic","Relic","Relic","Relic","Relic","Relic","Relic","Relic","Relic","Relic","Relic"],"build_version":"2020-12-22","purchased_purges":3,"victory":true,"max_hp_per_floor":[109,109,109,109,109,109,109,109,109,109,109,109,109,109,109,109,109,109,109,109,109,109,109,109,109,109,109,109,109,109,109,109,109,109,109,109,109,109,109,109,109,109,109,109,109,109,109,109,109,109,109,109,109,109,109,109,109,109,109,109,109,109,109,114,114,114,114,114,114,114,114,114,114,114,114,114,114,114,114,114,114,114,114,114,114,114,114,114,114,114,114,114,114,114,114,114,114,114,114,114,114,114,114,114,114,114,114,114,114,114,114,114,114,114,114,114,114,114,114,114,114,114,114,114,114,114,114,114,114,122,122,122,122,122,122,122,122,122,122,122,122,122,122,122,122,122,122,122,122,122,122,122,122,122,122,122,122],"card_choices":[{"not_picked":["Sword Boomerang","Run Through"],"picked":"Clash","floor":0.0},{"not_picked":["Reckless Charge","Clothesline"],"picked":"Second Wind+1","floor":0.0},{"not_picked":["Body Slam","Rampage"],"picked":"Headbutt","floor":0.0},{"not_picked":["Clothesline","Shrug It Off+1"],"picked":"Uppercut","floor":0.0},{"not_picked":["Sword Boomerang","Havoc+1"],"picked":"Bludgeon","floor":0.0},{"not_picked":["Rampage","Body Slam"],"picked":"ReplayTheSpireMod:Muscle Training+1","floor":1.0},{"not_picked":["Wild Strike","Blood for Blood","Disarm+1"],"picked":"SKIP","floor":5.0},{"not_picked":["Sword Boomerang","Abandon+1"],"picked":"Flex+1","floor":6.0},{"not_picked":["Entrench+1","Run Through","Cleave"],"picked":"SKIP","floor":8.0},{"not_picked":["Defy Death+1","Sentinel+1"],"picked":"Whirlwind","floor":10.0},{"not_picked":["Heavy Blade","Perfected Strike","Inflame"],"picked":"SKIP","floor":11.0},{"not_picked":["Heavy Blade","Perfected Strike"],"picked":"Inflame","floor":11.0},{"not_picked":["Run Through","Twin Strike","Clash"],"picked":"SKIP","floor":12.0},{"not_picked":["Disarm+1","Uppercut","ReplayTheSpireMod:Strike From Hell"],"picked":"SKIP","floor":13.0},{"not_picked":["Demon Form","Double Tap+1"],"picked":"Limit Break+1","floor":16.0},{"not_picked":["Reckless Charge","Anger","Cleave"],"picked":"SKIP","floor":18.0},{"not_picked":["ReplayTheSpireMod:Strike From Hell+1","Sword Boomerang"],"picked":"Havoc+1","floor":19.0},{"not_picked":["Body Slam","Perfected Strike+1"],"picked":"Sword Boomerang+1","floor":20.0},{"not_picked":["Heavy Blade","Armaments+1","Clothesline"],"picked":"SKIP","floor":22.0},{"not_picked":["Berserk","Wild Strike","Replay:Undeath\u0027s Touch"],"picked":"SKIP","floor":23.0},{"not_picked":["Iron Wave+1","Rupture+1","Feel No Pain+1"],"picked":"SKIP","floor":24.0},{"not_picked":["Intimidate+1","Thunderclap","Abandon+1"],"picked":"SKIP","floor":25.0},{"not_picked":["Dark Embrace","Rupture","Searing Blow"],"picked":"SKIP","floor":29.0},{"not_picked":["Wild Strike","ReplayTheSpireMod:LeadingStrike","Twin Strike"],"picked":"SKIP","floor":30.0},{"not_picked":["Headbutt","Rage+1","Clothesline","Armaments+1"],"picked":"SKIP","floor":35.0},{"not_picked":["infinitespire:Oblivion","infinitespire:FinalStrike"],"picked":"infinitespire:SevenWalls","floor":37.0},{"not_picked":["Clothesline+1","Perfected Strike","Uppercut+1"],"picked":"Pommel Strike","floor":39.0},{"not_picked":["Perfected Strike+1","Seeing Red+1","hubris:SharpeningStone+1","True Grit+1"],"picked":"SKIP","floor":41.0},{"not_picked":["Uppercut+1","Sword Boomerang+1","Flex+1","Metallicize"],"picked":"SKIP","floor":42.0},{"not_picked":["Clash","hubris:ReadiedAction+1","Exhume+1","Uppercut"],"picked":"SKIP","floor":44.0},{"not_picked":["Body Slam","Replay:Undeath\u0027s Touch","Shrug It Off+1","Sentinel+1"],"picked":"SKIP","floor":46.0},{"not_picked":["Thunderclap+1","Anger","Iron Wave+1","True Grit+1"],"picked":"SKIP","floor":47.0},{"not_picked":["Demon Form","Rupture+1","Heavy Blade+1","Sword Boomerang"],"picked":"SKIP","floor":48.0},{"not_picked":["Headbutt","Replay:Undeath\u0027s Touch","Clash","Sword Boomerang"],"picked":"SKIP","floor":52.0},{"not_picked":["Clash","Pommel Strike","Reckless Charge","Burning Pact+1"],"picked":"SKIP","floor":54.0},{"not_picked":["Warcry+1","Massacre","Perfected Strike","Seeing Red+1"],"picked":"SKIP","floor":56.0},{"not_picked":["Headbutt","Warcry+1","Replay:Undeath\u0027s Touch"],"picked":"ReplayTheSpireMod:Limb From Limb","floor":57.0},{"not_picked":["Twin Strike","ReplayTheSpireMod:Stacked+1","Wild Strike","Carnage"],"picked":"SKIP","floor":59.0},{"not_picked":["Infernal Blade+1","Impervious+1","Fire Breathing","hubris:ReadiedAction+1"],"picked":"SKIP","floor":62.0},{"not_picked":["Perfected Strike","Run Through","Sword Boomerang","hubris:ReadiedAction+1"],"picked":"SKIP","floor":65.0},{"not_picked":["Eclipse+1","Impervious+1","Immolate"],"picked":"Limit Break+1","floor":67.0},{"not_picked":["Body Slam","Wild Strike+1","Perfected Strike","Cleave"],"picked":"SKIP","floor":69.0},{"not_picked":["ReplayTheSpireMod:Strike From Hell+1","Sword Boomerang","Metallicize","Ghostly Armor+1"],"picked":"SKIP","floor":72.0},{"not_picked":["Warcry+1","Shrug It Off+1","Perfected Strike","Armaments+1"],"picked":"SKIP","floor":73.0},{"not_picked":["Rupture+1","Cleave","Life Link","Shockwave+1"],"picked":"SKIP","floor":74.0},{"not_picked":["Inflame","Perfected Strike","Havoc+1","Clash"],"picked":"SKIP","floor":79.0},{"not_picked":["Twin Strike","Pommel Strike","ReplayTheSpireMod:Corrosion Curse+1","Iron Wave"],"picked":"SKIP","floor":81.0},{"not_picked":["Juggernaut","Pommel Strike","Body Slam+1","Life Link"],"picked":"SKIP","floor":82.0},{"not_picked":["infinitespire:Oblivion","infinitespire:NeuralNetwork"],"picked":"infinitespire:TheBestDefense","floor":84.0},{"not_picked":["Thunderclap","Wild Strike","Shrug It Off+1","Anger"],"picked":"SKIP","floor":86.0},{"not_picked":["Thunderclap+1","Sword Boomerang","Replay:Undeath\u0027s Touch+1","Shrug It Off+1"],"picked":"SKIP","floor":89.0},{"not_picked":["Fire Breathing+1","Burning Pact+1","Run Through+1","Sword Boomerang+1"],"picked":"SKIP","floor":90.0},{"not_picked":["Juggernaut","Defy Death+1","Sword Boomerang","Bludgeon"],"picked":"SKIP","floor":91.0},{"not_picked":["Cleave","Run Through","Rampage","ReplayTheSpireMod:Strike From Hell"],"picked":"SKIP","floor":92.0},{"not_picked":["Mayhem","Discovery+1","ReplayUltimateDefense"],"picked":"ReplayTheSpireMod:Private Reserves+1","floor":93.0},{"not_picked":["Havoc+1","Iron Wave+1","Clash","Dropkick+1"],"picked":"SKIP","floor":95.0},{"not_picked":["Uppercut+1","Intimidate+1","Bludgeon","Shrug It Off+1"],"picked":"SKIP","floor":96.0},{"not_picked":["Cleave+1","Heavy Blade+1","ReplayTheSpireMod:Stacked+1","Exhume+1"],"picked":"SKIP","floor":97.0},{"not_picked":["Demon Form","Immolate","Reaper"],"picked":"Limit Break+1","floor":101.0},{"not_picked":["infinitespire:OneForAll","Armaments+1","Feel No Pain","Run Through"],"picked":"SKIP","floor":103},{"not_picked":["Dark Embrace","True Grit+1","Perfected Strike","ReplayTheSpireMod:Strike From Hell"],"picked":"SKIP","floor":104},{"not_picked":["Iron Wave","Replay:Undeath\u0027s Touch","Clash","True Grit+1"],"picked":"SKIP","floor":105},{"not_picked":["Anger","Sword Boomerang","Clash","Warcry+1"],"picked":"SKIP","floor":107},{"not_picked":["Feed","Searing Blow","Heavy Blade","Metallicize"],"picked":"SKIP","floor":108},{"not_picked":["Heavy Blade","Clash","Body Slam","Reckless Charge"],"picked":"SKIP","floor":110},{"not_picked":["Whirlwind","Perfected Strike","Searing Blow","Replay:Many Hands+1"],"picked":"SKIP","floor":115},{"not_picked":["Flex+1","Sword Boomerang","Heavy Blade","hubris:ReadiedAction+1"],"picked":"SKIP","floor":116},{"not_picked":["Burning Pact+1","Feel No Pain","Spot Weakness+1","Seeing Red+1"],"picked":"SKIP","floor":120},{"not_picked":["ReplayTheSpireMod:Strike From Hell","ReplayTheSpireMod:Corrosion Curse+1","Massacre+1","Warcry+1"],"picked":"SKIP","floor":122},{"not_picked":["Thunderclap","Shrug It Off+1","Anger+1","Abandon+1"],"picked":"SKIP","floor":124},{"not_picked":["Rupture","Body Slam","Run Through+1","Anger"],"picked":"SKIP","floor":126},{"not_picked":["Run Through+1","Limit Break+1","Clash","Shrug It Off+1"],"picked":"SKIP","floor":127},{"not_picked":["infinitespire:OneForAll","Clothesline+1","Combust","Sentinel+1"],"picked":"SKIP","floor":130},{"not_picked":["Armaments+1","Shockwave+1","True Grit+1","hubris:SpiceAddiction"],"picked":"SKIP","floor":131},{"not_picked":["Clothesline+1","Warcry+1","Life Link","Anger"],"picked":"SKIP","floor":133},{"not_picked":["Burning Pact+1","ReplayTheSpireMod:Strike From Hell","Battle Trance+1","Ghostly Armor+1"],"picked":"SKIP","floor":137},{"not_picked":["Heavy Blade+1","Cleave","True Grit+1","ReplayTheSpireMod:Strike From Hell"],"picked":"SKIP","floor":138},{"not_picked":["hubris:SpiceAddiction","Intimidate+1","Armaments+1","ReplayTheSpireMod:Muscle Training+1"],"picked":"SKIP","floor":139},{"not_picked":["Dark Embrace+1","Metallicize+1","Spot Weakness+1","Replay:Undeath\u0027s Touch"],"picked":"SKIP","floor":140},{"not_picked":["Battle Trance+1","Iron Wave+1","Carnage","Whirlwind+1"],"picked":"SKIP","floor":142},{"not_picked":["Bludgeon","Double Tap+1","Abandon+1","Life Link"],"picked":"SKIP","floor":144},{"not_picked":["Iron Wave+1","Havoc+1","Feel No Pain+1","Clothesline"],"picked":"SKIP","floor":147},{"not_picked":["ReplayTheSpireMod:Strike From Hell","Wild Strike","Thunderclap","Searing Blow+1"],"picked":"SKIP","floor":148},{"not_picked":["Flex+1","True Grit+1","Cleave","Inflame"],"picked":"SKIP","floor":149},{"not_picked":["ReplayTheSpireMod:Muscle Training+1","Defy Death+1","Twin Strike+1","Anger+1"],"picked":"SKIP","floor":150},{"not_picked":["Impervious+1","Reaper","Demonic Infusion+1"],"picked":"Offering+1","floor":152},{"not_picked":["True Grit+1","Iron Wave","Intimidate+1","Shrug It Off+1"],"picked":"SKIP","floor":156}],"player_experience":613391,"relics_obtained":[{"floor":2.0,"key":"foxEvents:LuckyCharm"},{"floor":4.0,"key":"Bottled Flame"},{"floor":6.0,"key":"aspiration:Lifesprig"},{"floor":7.0,"key":"Bronze Scales"},{"floor":23.0,"key":"infinitespire:Beetle Shell"},{"floor":26.0,"key":"Replay:Bottled Flurry"},{"floor":28.0,"key":"hubris:BundleOfHerbs"},{"floor":29.0,"key":"Orichalcum"},{"floor":41.0,"key":"hubris:CrystalStatue"},{"floor":42.0,"key":"wanderingMiniBosses:Inkheart"},{"floor":43.0,"key":"Self Forming Clay"},{"floor":48.0,"key":"Potion Belt"},{"floor":57.0,"key":"infinitespire:Eraser"},{"floor":60.0,"key":"CeramicFish"},{"floor":62.0,"key":"Oddly Smooth Stone"},{"floor":74.0,"key":"Old Coin"},{"floor":76.0,"key":"Unceasing Top"},{"floor":77.0,"key":"Chameleon Ring"},{"floor":79.0,"key":"Bag of Marbles"},{"floor":91.0,"key":"Mummified Hand"},{"floor":111,"key":"Quantum Egg"},{"floor":115,"key":"hubris:ToyBattleship"},{"floor":130,"key":"hubris:ChampionShield"},{"floor":142,"key":"aspiration:TomeofQuesting"},{"floor":144,"key":"ReplayTheSpireMod:Lightbulb"},{"floor":144,"key":"infinitespire:FocusingShard"},{"floor":150,"key":"Matryoshka"},{"floor":156,"key":"hubris:MysteriousPyramids"}],"event_choices":[{"damage_healed":0.0,"max_hp_gain":0.0,"max_hp_loss":0.0,"gold_gain":0.0,"event_name":"Dead Adventurer","player_choice":"Searched \u00272\u0027 times","floor":7.0,"gold_loss":0.0,"damage_taken":0.0},{"damage_healed":0.0,"max_hp_gain":0.0,"max_hp_loss":0.0,"gold_gain":0.0,"event_name":"Golden Idol","player_choice":"Take Damage","floor":14.0,"gold_loss":0.0,"damage_taken":27.0,"relics_obtained":["Golden Idol"]},{"cards_removed":["hubris:Fate"],"damage_healed":0.0,"max_hp_gain":0.0,"max_hp_loss":0.0,"gold_gain":0.0,"event_name":"NoteForYourself","player_choice":"Took Card","floor":53.0,"gold_loss":0.0,"damage_taken":0.0,"cards_obtained":["blackbeard:BoostMorale"]},{"damage_healed":0.0,"max_hp_gain":0.0,"max_hp_loss":0.0,"gold_gain":75.0,"event_name":"betterThird:BetterGoop","player_choice":"Gold","floor":63.0,"gold_loss":0.0,"damage_taken":11.0},{"damage_healed":0.0,"max_hp_gain":5.0,"max_hp_loss":0.0,"gold_gain":0.0,"event_name":"Big Fish","player_choice":"Donut","floor":64.0,"gold_loss":0.0,"damage_taken":0.0},{"damage_healed":0.0,"max_hp_gain":0.0,"max_hp_loss":0.0,"gold_gain":0.0,"event_name":"Ghosts","player_choice":"Ignored","floor":71.0,"gold_loss":0.0,"damage_taken":0.0},{"damage_healed":0.0,"max_hp_gain":0.0,"max_hp_loss":0.0,"gold_gain":0.0,"event_name":"Cursed Tome","player_choice":"Obtained Book","floor":78.0,"gold_loss":0.0,"damage_taken":16.0},{"damage_healed":0.0,"max_hp_gain":0.0,"max_hp_loss":0.0,"gold_gain":0.0,"event_name":"Accursed Blacksmith","player_choice":"Forge","floor":87.0,"gold_loss":0.0,"damage_taken":0.0,"cards_upgraded":["Strike_R"]},{"damage_healed":0.0,"max_hp_gain":0.0,"max_hp_loss":0.0,"gold_gain":0.0,"event_name":"SensoryStone","player_choice":"Memory 1","floor":93.0,"gold_loss":0.0,"damage_taken":0.0},{"damage_healed":0.0,"max_hp_gain":0.0,"max_hp_loss":0.0,"gold_gain":0.0,"event_name":"Tomb of Lord Red Mask","player_choice":"Ignored","floor":99.0,"gold_loss":0.0,"damage_taken":0.0},{"damage_healed":0,"gold_gain":0,"player_choice":"Ignored","damage_taken":0,"max_hp_gain":0,"max_hp_loss":0,"event_name":"The Mausoleum","floor":121,"gold_loss":0},{"cards_removed":["Strike_R"],"damage_healed":0,"gold_gain":0,"player_choice":"Gave Gold","damage_taken":0,"max_hp_gain":0,"max_hp_loss":0,"event_name":"Beggar","floor":129,"gold_loss":75},{"damage_healed":0,"gold_gain":0,"player_choice":"Ignored","damage_taken":0,"max_hp_gain":0,"max_hp_loss":0,"event_name":"Transmorgrifier","floor":141,"gold_loss":0}],"is_beta":false,"boss_relics":[{"not_picked":["Replay:Ancient Bell","ChewingGum"],"picked":"Abe\u0027s Treasure"},{"not_picked":["aspiration:FutureDiary","Velvet Choker"],"picked":"aspiration:WatcherSkillbook"},{"not_picked":["hubris:BlackHole","Mark of Pain","Runic Pyramid"]},{"not_picked":["hubris:Spice","Black Blood"],"picked":"aspiration:RitualDagger"},{"not_picked":["hubris:Spice","Calling Bell","hubris:Spice"]},{"not_picked":["Replay:Bronze Core","hubris:Spice"],"picked":"Painkiller Herb"},{"not_picked":["ReplayTheSpireMod:DimensionalGlitch","hubris:Spice","hubris:Spice"]},{"not_picked":["hubris:Spice","Replay:Wanted Poster"],"picked":"Black Star"},{"not_picked":["Electric Blood","hubris:Spice"],"picked":"hubris:TerracottaHorce"}],"items_purged_floors":[70,75,98],"is_endless":true,"potions_floor_spawned":[1,6,8,12,13,18,24,25,30,41,48,50,56,57,67,69,73,81,82,90,92,96,97,101,107,110,116,124,127,131,133,135,137,139,142,148,149,152,157],"ascension_level":6}}