{"host":"5f8yr5jxnqok2jdo","time":1613459213,"event":{"mods":["AchievementEnabler","BaseMod","Better Altar","Better Match","Better Note","Better Skull","Better Third Choice","Block Reminder","Colored Map","Colored Powertips","DeckTracker","Displayed Cursed Tome","Filter the Spire","Googly Eyes","Highlight Path","Key Reminder","Minty Spire (QoL Compilation)","Quick Restart","Rare Cards Sparkle","Relic Sorter","Relic Stats","ShortenTheSpire","Smile Girya","Spire Arcade","Spire Birthday Party","StSLib","Steal the Spire","SuperFastMode","Uncapped","Unceasing Turn Reminder","Weighted Paths","everything is the same but u backflip on backflip","slay the spire mod where everything is the same but ironclad has a cowboy hat"],"gold_per_floor":[119,135,146,146,160,160,160],"floor_reached":6,"language":"ENG","playtime":196,"items_purged":[],"score":84,"play_id":"0b8aebb5-fea2-41bd-942a-b4378023dd0b","local_time":"20210216080653","is_ascension_mode":true,"campfire_choices":[],"circlet_count":0,"master_deck":["AscendersBane","Strike_R","Strike_R","Strike_R","Strike_R","Strike_R","Defend_R+1","Defend_R","Defend_R+1","Defend_R","Bash","Cleave"],"relics":["Burning Blood","Boot"],"acts_visited":["Exordium"],"potions_floor_usage":[],"damage_taken":[{"damage":0,"enemies":"Small Slimes","floor":1,"turns":3},{"damage":4,"enemies":"Jaw Worm","floor":2,"turns":4},{"damage":16,"enemies":"2 Louse","floor":3,"turns":3},{"damage":7,"enemies":"2 Fungi Beasts","floor":5,"turns":4},{"damage":40,"enemies":"Gremlin Nob","floor":6,"turns":5}],"seed_played":"-6928298975659175031","potions_obtained":[{"floor":2,"key":"Regen Potion"},{"floor":5,"key":"SkillPotion"}],"is_trial":false,"path_per_floor":["M","M","M","?","M","E"],"character_chosen":"IRONCLAD","items_purchased":[],"campfire_rested":0,"item_purchase_floors":[],"current_hp_per_floor":[74,75,65,42,41,7,7],"gold":160,"neow_bonus":"RANDOM_COMMON_RELIC","is_daily":false,"chose_seed":false,"campfire_upgraded":0,"win_rate":0.0,"timestamp":1613459213,"path_taken":["M","M","M","?","M","E"],"items_purchased_type":[],"build_version":"2020-12-22","purchased_purges":0,"victory":false,"max_hp_per_floor":[75,75,75,75,75,75,75],"relic_stats":{"counters":[5,19],"Boot":[4],"obtain_stats":[{"Boot":0,"Burning Blood":0},{"Boot":0,"Burning Blood":0},{"Boot":0,"Burning Blood":0}],"Burning Blood":29},"card_choices":[{"not_picked":["Wild Strike","Armaments"],"picked":"Cleave","floor":1},{"not_picked":["Headbutt","Dark Embrace","Flex"],"picked":"SKIP","floor":2},{"not_picked":["Infernal Blade","Rage","Pummel"],"picked":"SKIP","floor":3},{"not_picked":["Heavy Blade","Havoc","Anger"],"picked":"SKIP","floor":5}],"player_experience":369652,"relics_obtained":[],"event_choices":[{"damage_healed":65,"gold_gain":0,"player_choice":"Upgrade","damage_taken":23,"max_hp_gain":0,"max_hp_loss":75,"event_name":"betterThird:BetterShining","floor":4,"gold_loss":0,"cards_upgraded":["Defend_R","Defend_R"]}],"is_beta":false,"boss_relics":[],"items_purged_floors":[],"is_endless":false,"potions_floor_spawned":[2,5],"killed_by":"Gremlin Nob","ascension_level":15}}