{"host":"pke0xxyzw0teju56","time":1613496987,"event":{"mods":["BaseMod","Bestiary","Colored Powertips","Highlight Path","Minty Spire (QoL Compilation)","Relic Stats","Slay the Relics Exporter","StSLib"],"gold_per_floor":[116,37,47,60,60,88,88,107,130,130,130,130,144,16,16,88,88,108,108,128,128,83,83,83,83,106,122,133,133,133],"floor_reached":29,"language":"ENG","playtime":1640,"items_purged":["Strike_R"],"score":446,"play_id":"177af2f1-9cc7-4b2d-81e9-3d18606bb728","local_time":"20210216123627","is_ascension_mode":true,"campfire_choices":[{"data":"Combust","floor":7,"key":"SMITH"},{"data":"Demon Form","floor":10,"key":"SMITH"},{"floor":12,"key":"REST"},{"data":"Dual Wield","floor":15,"key":"SMITH"},{"data":"Seeing Red","floor":23,"key":"SMITH"}],"circlet_count":0,"master_deck":["AscendersBane","Strike_R","Strike_R","Strike_R","Defend_R+1","Defend_R","Defend_R+1","Defend_R","Bash","Mayhem+1","Iron Wave","Combust+1","Demon Form+1","Twin Strike","Dual Wield+1","Cleave","Reaper","Heavy Blade+1","Ghostly Armor","Seeing Red+1","Intimidate"],"relics":["Burning Blood","War Paint","Vajra","Runic Pyramid","Potion Belt"],"acts_visited":["Exordium","TheCity"],"potions_floor_usage":[4,16,28,28],"damage_taken":[{"damage":7,"enemies":"Cultist","floor":1,"turns":4},{"damage":5,"enemies":"2 Louse","floor":3,"turns":3},{"damage":14,"enemies":"Jaw Worm","floor":4,"turns":4},{"damage":29,"enemies":"Lagavulin","floor":6,"turns":5},{"damage":20,"enemies":"Large Slime","floor":8,"turns":6},{"damage":3,"enemies":"2 Fungi Beasts","floor":13,"turns":3},{"damage":26,"enemies":"The Guardian","floor":16,"turns":8},{"damage":12,"enemies":"Chosen","floor":18,"turns":5},{"damage":24,"enemies":"Spheric Guardian","floor":20,"turns":4},{"damage":29,"enemies":"Chosen and Byrds","floor":27,"turns":6},{"damage":34,"enemies":"Centurion and Healer","floor":28,"turns":13},{"damage":61,"enemies":"Book of Stabbing","floor":29,"turns":5}],"seed_played":"-4304540567004720347","potions_obtained":[{"floor":1,"key":"Block Potion"},{"floor":16,"key":"FearPotion"},{"floor":27,"key":"SkillPotion"}],"is_trial":false,"path_per_floor":["M","$","M","M","?","E","R","M","T","R","?","R","M","$","R","B",null,"M","?","M","?","$","R","?","?","T","M","M","E"],"character_chosen":"IRONCLAD","items_purchased":["Combust","Block Potion","Seeing Red"],"campfire_rested":1,"item_purchase_floors":[2,14,22],"current_hp_per_floor":[67,67,68,60,60,37,37,23,23,23,5,25,28,28,28,8,53,65,65,58,39,39,39,39,39,39,19,50,0,0],"gold":133,"neow_bonus":"RANDOM_COLORLESS_2","is_daily":false,"chose_seed":false,"campfire_upgraded":4,"win_rate":0.0,"timestamp":1613496987,"path_taken":["M","$","M","M","?","E","R","?","T","R","?","R","M","$","R","BOSS","M","?","M","?","$","R","?","?","T","?","?","E"],"items_purchased_type":["Card","Potion","Card"],"build_version":"2020-12-22","purchased_purges":1,"victory":false,"max_hp_per_floor":[68,68,68,68,68,68,68,68,68,68,68,68,68,68,68,68,68,68,68,68,73,73,73,73,73,73,73,73,73,73],"relic_stats":{"counters":[12,66],"War Paint":["Defend_R","Defend_R"],"obtain_stats":[{"Potion Belt":26,"Vajra":9,"War Paint":6,"Burning Blood":0,"Runic Pyramid":17},{"Potion Belt":9,"Vajra":5,"War Paint":4,"Burning Blood":0,"Runic Pyramid":7},{"Potion Belt":42,"Vajra":22,"War Paint":16,"Burning Blood":0,"Runic Pyramid":33}],"Burning Blood":66},"card_choices":[{"not_picked":["Chrysalis","Master of Strategy"],"picked":"Mayhem","floor":0},{"not_picked":["Headbutt","True Grit"],"picked":"Iron Wave","floor":1},{"not_picked":["Anger","Pommel Strike"],"picked":"Demon Form","floor":3},{"not_picked":["Combust","Pommel Strike"],"picked":"Twin Strike","floor":4},{"not_picked":["Carnage","Shockwave"],"picked":"Dual Wield","floor":6},{"not_picked":["Iron Wave","Perfected Strike"],"picked":"Cleave","floor":8},{"not_picked":["Perfected Strike","Armaments","Twin Strike"],"picked":"SKIP","floor":13},{"not_picked":["Exhume","Fiend Fire"],"picked":"Reaper","floor":16},{"not_picked":["Combust","Wild Strike"],"picked":"Heavy Blade+1","floor":18},{"not_picked":["Heavy Blade","Wild Strike"],"picked":"Ghostly Armor","floor":20},{"not_picked":["Sword Boomerang","Havoc","Evolve"],"picked":"SKIP","floor":27},{"not_picked":["Wild Strike","Flex","Sword Boomerang"],"picked":"SKIP","floor":28},{"not_picked":["Wild Strike","Flex","Sword Boomerang"],"picked":"SKIP","floor":28}],"player_experience":5344204,"relics_obtained":[{"floor":6,"key":"War Paint"},{"floor":9,"key":"Vajra"},{"floor":26,"key":"Potion Belt"}],"event_choices":[{"damage_healed":0,"gold_gain":0,"player_choice":"Upgraded","damage_taken":0,"max_hp_gain":0,"max_hp_loss":0,"event_name":"Upgrade Shrine","floor":5,"gold_loss":0,"cards_upgraded":["Mayhem"]},{"damage_healed":0,"gold_gain":0,"player_choice":"Fled","damage_taken":18,"max_hp_gain":0,"max_hp_loss":0,"event_name":"Scrap Ooze","floor":11,"gold_loss":0},{"damage_healed":0,"gold_gain":0,"player_choice":"Ignored","damage_taken":0,"max_hp_gain":0,"max_hp_loss":0,"event_name":"Vampires","floor":19,"gold_loss":0},{"damage_healed":0,"gold_gain":0,"player_choice":"Shed Blood","damage_taken":24,"max_hp_gain":5,"max_hp_loss":0,"event_name":"Forgotten Altar","floor":21,"gold_loss":0},{"damage_healed":0,"gold_gain":0,"player_choice":"Ignored","damage_taken":0,"max_hp_gain":0,"max_hp_loss":0,"event_name":"Ghosts","floor":24,"gold_loss":0},{"damage_healed":0,"gold_gain":0,"cards_transformed":["Strike_R"],"player_choice":"Transformed","damage_taken":0,"max_hp_gain":0,"max_hp_loss":0,"event_name":"Transmorgrifier","floor":25,"gold_loss":0,"cards_obtained":["Intimidate"]}],"is_beta":false,"boss_relics":[{"not_picked":["Busted Crown","Ectoplasm"],"picked":"Runic Pyramid"}],"items_purged_floors":[14],"is_endless":false,"potions_floor_spawned":[1,16,27],"killed_by":"Book of Stabbing","ascension_level":20}}