{"host":"oigynbtg272c19pw","time":1613471883,"event":{"mods":["BaseMod","Colored Map","Minty Spire (QoL Compilation)","Relic Stats","Slay the Relics Exporter","StSLib"],"gold_per_floor":[109,34,53,53,68,99,99,117,117,131,156,189,189,37,37,109,109,122,122,137,137,25,51,51,81,81,116,136,149,149,163,163,238,238,252,252,300,314,314,340,340,354,354,380,396,423,423,220,220,220,220,220],"floor_reached":51,"playtime":3627,"items_purged":["Strike_P","Shame"],"score":1856,"play_id":"6678037d-5caa-4e92-89b0-25c15e9f4e5f","local_time":"20210216113803","is_ascension_mode":true,"campfire_choices":[{"data":"Wallop","floor":7.0,"key":"SMITH"},{"data":"Conclude","floor":13.0,"key":"SMITH"},{"data":"Crescendo","floor":15.0,"key":"SMITH"},{"data":"Vault","floor":24.0,"key":"SMITH"},{"data":"Adaptation","floor":30.0,"key":"SMITH"},{"data":"Eruption","floor":32.0,"key":"SMITH"},{"floor":41.0,"key":"RECALL"},{"data":"TalkToTheHand","floor":47.0,"key":"SMITH"},{"data":"WaveOfTheHand","floor":49.0,"key":"SMITH"}],"circlet_count":0,"master_deck":["AscendersBane","Defend_P","Defend_P","Defend_P","Eruption+1","Vigilance","Weave","Wireheading","Conclude+1","Wallop+1","FollowUp","Blasphemy","Crescendo+1","FearNoEvil","Vault+1","Vengeance","Halt+1","CutThroughFate","EmptyBody","Adaptation+1","Vault+1","ClearTheMind","InnerPeace","DeceiveReality","Consecrate","TalkToTheHand+1","WaveOfTheHand+1","SpiritShield","Dark Shackles"],"relics":["PureWater","NeowsBlessing","Peace Pipe","Bag of Preparation","Pear","Odd Mushroom","PreservedInsect","Empty Cage","Meat on the Bone","Vajra","Ornamental Fan","InkBottle","Ancient Tea Set","Cursed Key","Ginger","Bag of Marbles","Gremlin Horn","Orichalcum"],"acts_visited":["Exordium","TheCity","TheBeyond"],"potions_floor_usage":[50],"damage_taken":[{"damage":0.0,"enemies":"Cultist","floor":1.0,"turns":1.0},{"damage":0.0,"enemies":"Jaw Worm","floor":3.0,"turns":1.0},{"damage":0.0,"enemies":"Small Slimes","floor":5.0,"turns":1.0},{"damage":16.0,"enemies":"Gremlin Nob","floor":6.0,"turns":3.0},{"damage":1.0,"enemies":"Exordium Thugs","floor":8.0,"turns":4.0},{"damage":1.0,"enemies":"Looter","floor":10.0,"turns":3.0},{"damage":0.0,"enemies":"The Mushroom Lair","floor":11.0,"turns":3.0},{"damage":21.0,"enemies":"Lagavulin","floor":12.0,"turns":7.0},{"damage":0.0,"enemies":"Slime Boss","floor":16.0,"turns":6.0},{"damage":11.0,"enemies":"2 Thieves","floor":18.0,"turns":4.0},{"damage":13.0,"enemies":"Spheric Guardian","floor":20.0,"turns":4.0},{"damage":0.0,"enemies":"Gremlin Leader","floor":23.0,"turns":4.0},{"damage":14.0,"enemies":"Book of Stabbing","floor":25.0,"turns":5.0},{"damage":0.0,"enemies":"Gremlin Leader","floor":27.0,"turns":5.0},{"damage":0.0,"enemies":"Snecko","floor":28.0,"turns":7.0},{"damage":0.0,"enemies":"Centurion and Healer","floor":29.0,"turns":5.0},{"damage":0.0,"enemies":"Shelled Parasite and Fungi","floor":31.0,"turns":3.0},{"damage":6.0,"enemies":"Collector","floor":33.0,"turns":7.0},{"damage":0.0,"enemies":"3 Darklings","floor":35.0,"turns":3.0},{"damage":3.0,"enemies":"2 Orb Walkers","floor":37.0,"turns":5.0},{"damage":0.0,"enemies":"3 Shapes","floor":38.0,"turns":3.0},{"damage":0.0,"enemies":"Giant Head","floor":40.0,"turns":6.0},{"damage":0.0,"enemies":"3 Darklings","floor":42.0,"turns":5.0},{"damage":0.0,"enemies":"Nemesis","floor":44.0,"turns":7.0},{"damage":0.0,"enemies":"Sphere and 2 Shapes","floor":45.0,"turns":4.0},{"damage":0.0,"enemies":"Giant Head","floor":46.0,"turns":5.0},{"damage":16,"enemies":"Donu and Deca","floor":50,"turns":17},{"damage":47,"enemies":"Time Eater","floor":51,"turns":16}],"seed_played":"5796304553678878885","potions_obtained":[{"floor":1.0,"key":"GamblersBrew"},{"floor":5.0,"key":"Dexterity Potion"},{"floor":10.0,"key":"StancePotion"},{"floor":12.0,"key":"Ambrosia"},{"floor":25.0,"key":"FearPotion"},{"floor":27.0,"key":"BlessingOfTheForge"},{"floor":29.0,"key":"BottledMiracle"},{"floor":35.0,"key":"Weak Potion"},{"floor":42.0,"key":"FairyPotion"},{"floor":45.0,"key":"SmokeBomb"},{"floor":46.0,"key":"LiquidMemories"}],"is_trial":false,"path_per_floor":["M","?","M","T","M","E","R","M","T","M","?","E","R","$","R","B",null,"M","?","M","T","$","E","R","E","T","E","M","M","R","M","R","B",null,"M","?","?","M","?","E","R","M","T","E","M","E","R","$","R","B","B"],"character_chosen":"WATCHER","items_purchased":["FearNoEvil","CutThroughFate","EmptyBody","Dark Shackles"],"campfire_rested":0,"item_purchase_floors":[14,22,22,48],"current_hp_per_floor":[61,61,61,61,61,45,45,44,54,53,53,32,32,32,32,32,67,56,56,43,43,43,43,43,41,41,41,41,41,41,41,41,47,70,70,70,67,67,67,67,67,67,67,67,67,67,67,67,67,51,4,4],"gold":220,"neow_bonus":"THREE_ENEMY_KILL","is_daily":false,"chose_seed":false,"campfire_upgraded":8,"win_rate":0.0,"timestamp":1613471883,"path_taken":["M","?","M","?","?","E","R","M","T","M","?","E","R","?","R","BOSS","M","?","?","?","$","E","R","E","T","E","M","M","R","M","R","BOSS","M","?","?","M","?","E","R","M","T","E","?","E","R","$","R","BOSS","BOSS"],"items_purchased_type":["Card","Card","Card","Card"],"build_version":"2020-12-13","purchased_purges":2,"victory":false,"max_hp_per_floor":[68,68,68,68,68,68,68,68,78,78,78,78,78,78,78,78,78,78,78,78,78,78,78,78,78,78,78,78,78,78,78,78,78,78,78,78,78,78,78,78,78,78,78,78,78,78,78,78,78,78,78,78],"relic_stats":{"Peace Pipe":0,"Gremlin Horn":[3,3],"counters":[28,144],"Ornamental Fan":[176],"PreservedInsect":450,"Bag of Preparation":[48],"Ginger":[6],"Orichalcum":[12],"Cursed Key":1,"obtain_stats":[{"Pear":9,"NeowsBlessing":0,"Gremlin Horn":44,"Vajra":23,"PreservedInsect":12,"Bag of Preparation":6,"Ginger":37,"Odd Mushroom":11,"Orichalcum":46,"Empty Cage":17,"Ancient Tea Set":27,"Cursed Key":34,"Peace Pipe":4,"Ornamental Fan":25,"Bag of Marbles":40,"PureWater":0,"InkBottle":26,"Meat on the Bone":21},{"Pear":5,"NeowsBlessing":0,"Gremlin Horn":24,"Vajra":12,"PreservedInsect":8,"Bag of Preparation":4,"Ginger":20,"Odd Mushroom":7,"Orichalcum":26,"Empty Cage":9,"Ancient Tea Set":14,"Cursed Key":18,"Peace Pipe":2,"Ornamental Fan":13,"Bag of Marbles":22,"PureWater":0,"InkBottle":13,"Meat on the Bone":11},{"Pear":10,"NeowsBlessing":0,"Gremlin Horn":102,"Vajra":41,"PreservedInsect":23,"Bag of Preparation":6,"Ginger":81,"Odd Mushroom":16,"Orichalcum":111,"Empty Cage":29,"Ancient Tea Set":51,"Cursed Key":73,"Peace Pipe":2,"Ornamental Fan":46,"Bag of Marbles":90,"PureWater":0,"InkBottle":46,"Meat on the Bone":37}],"InkBottle":[46],"Meat on the Bone":24},"card_choices":[{"not_picked":["Sanctity","SashWhip"],"picked":"Weave","floor":1.0},{"not_picked":["BowlingBash","Halt"],"picked":"Wireheading","floor":3.0},{"not_picked":["BowlingBash","Evaluate"],"picked":"Conclude","floor":5.0},{"not_picked":["CutThroughFate","Worship"],"picked":"Wallop","floor":6.0},{"not_picked":["EmptyFist","FlyingSleeves"],"picked":"FollowUp","floor":8.0},{"not_picked":["Wireheading","EmptyMind"],"picked":"Blasphemy","floor":10.0},{"not_picked":["WreathOfFlame","EmptyFist"],"picked":"Crescendo","floor":12.0},{"not_picked":["Alpha","Judgement"],"picked":"Vault","floor":16.0},{"not_picked":["Nirvana","FearNoEvil"],"picked":"Vengeance","floor":18.0},{"not_picked":["Consecrate","SashWhip"],"picked":"Halt+1","floor":20.0},{"not_picked":["BattleHymn","Perseverance"],"picked":"Adaptation","floor":23.0},{"not_picked":["Evaluate","FollowUp+1","Pray+1"],"picked":"SKIP","floor":25.0},{"not_picked":["BowlingBash","BattleHymn","Swivel"],"picked":"SKIP","floor":27.0},{"not_picked":["Perseverance","Conclude","Crescendo"],"picked":"SKIP","floor":28.0},{"not_picked":["ThirdEye","Halt","FlyingSleeves"],"picked":"SKIP","floor":29.0},{"not_picked":["WindmillStrike","Halt","FlyingSleeves"],"picked":"SKIP","floor":31.0},{"not_picked":["ConjureBlade","Blasphemy"],"picked":"Vault","floor":33.0},{"not_picked":["FollowUp","CrushJoints","WreathOfFlame"],"picked":"SKIP","floor":35.0},{"not_picked":["Halt+1","FlyingSleeves+1"],"picked":"ClearTheMind","floor":37.0},{"not_picked":["Swivel","Protect+1"],"picked":"InnerPeace","floor":38.0},{"not_picked":["Establishment","CarveReality+1"],"picked":"DeceiveReality","floor":40.0},{"not_picked":["Prostrate+1","EmptyBody+1"],"picked":"Consecrate","floor":42.0},{"not_picked":["Study","Perseverance"],"picked":"TalkToTheHand","floor":44.0},{"not_picked":["CutThroughFate+1","Crescendo+1"],"picked":"WaveOfTheHand","floor":45.0},{"not_picked":["Consecrate+1","Protect"],"picked":"SpiritShield","floor":46.0}],"player_experience":1613789,"relics_obtained":[{"floor":4.0,"key":"Peace Pipe"},{"floor":6.0,"key":"Bag of Preparation"},{"floor":9.0,"key":"Pear"},{"floor":11.0,"key":"Odd Mushroom"},{"floor":12.0,"key":"PreservedInsect"},{"floor":21.0,"key":"Meat on the Bone"},{"floor":23.0,"key":"Vajra"},{"floor":25.0,"key":"Ornamental Fan"},{"floor":26.0,"key":"InkBottle"},{"floor":27.0,"key":"Ancient Tea Set"},{"floor":37.0,"key":"Ginger"},{"floor":40.0,"key":"Bag of Marbles"},{"floor":44.0,"key":"Gremlin Horn"},{"floor":46.0,"key":"Orichalcum"}],"event_choices":[{"cards_removed":["Strike_P"],"damage_healed":0.0,"max_hp_gain":0.0,"max_hp_loss":0.0,"gold_gain":0.0,"event_name":"The Cleric","player_choice":"Card Removal","floor":2.0,"gold_loss":75.0,"damage_taken":0.0},{"damage_healed":0.0,"max_hp_gain":0.0,"max_hp_loss":0.0,"gold_gain":0.0,"event_name":"Mushrooms","player_choice":"Fought Mushrooms","floor":11.0,"gold_loss":0.0,"damage_taken":0.0},{"cards_removed":["Defend_P"],"damage_healed":0.0,"max_hp_gain":0.0,"max_hp_loss":0.0,"gold_gain":0.0,"event_name":"Purifier","player_choice":"Purged","floor":19.0,"gold_loss":0.0,"damage_taken":0.0},{"damage_healed":0.0,"max_hp_gain":0.0,"max_hp_loss":0.0,"gold_gain":0.0,"event_name":"Tomb of Lord Red Mask","player_choice":"Ignored","floor":36.0,"gold_loss":0.0,"damage_taken":0.0},{"damage_healed":0.0,"max_hp_gain":0.0,"max_hp_loss":0.0,"gold_gain":0.0,"event_name":"Mysterious Sphere","player_choice":"Fight","floor":37.0,"gold_loss":0.0,"damage_taken":0.0},{"damage_healed":0.0,"max_hp_gain":0.0,"max_hp_loss":0.0,"gold_gain":0.0,"event_name":"Upgrade Shrine","player_choice":"Upgraded","floor":39.0,"gold_loss":0.0,"damage_taken":0.0,"cards_upgraded":["Vault"]}],"is_beta":false,"boss_relics":[{"not_picked":["Calling Bell","Coffee Dripper"],"picked":"Empty Cage"},{"not_picked":["Astrolabe","Sozu"],"picked":"Cursed Key"}],"items_purged_floors":[14,48],"is_endless":false,"potions_floor_spawned":[1,5,10,12,20,25,27,29,35,40,42,45,46],"killed_by":"Time Eater","ascension_level":20}}