{"host":"t7mx8yfj1no5p62f","time":1613487574,"event":{"mods":["BaseMod","Colored Map","Colored Powertips","Curses Come First","Minty Spire (QoL Compilation)","Relic Stats","StSLib"],"gold_per_floor":[119,119,39,39,51,51,76,91,91,104,138,157,157,171,171,245,245,258,173,204,216,216,216,245,264,264,299,148,148,7,21,21,98,98,109,121,21,21,34,34,67,85,85,85,101,323,353,366,366,366,366,366,366,47,47,47],"floor_reached":55,"language":"ENG","playtime":2528,"items_purged":["Strike_G","Defend_G","Strike_G"],"score":2154,"play_id":"f0e9df28-6f66-414b-acc4-81ef5f20cfcf","local_time":"20210216095934","is_ascension_mode":true,"campfire_choices":[{"data":"Endless Agony","floor":6.0,"key":"SMITH"},{"data":"Noxious Fumes","floor":13.0,"key":"SMITH"},{"data":"Catalyst","floor":15.0,"key":"SMITH"},{"data":"Wraith Form v2","floor":23.0,"key":"SMITH"},{"data":"Crippling Poison","floor":29.0,"key":"SMITH"},{"data":"Well Laid Plans","floor":32.0,"key":"SMITH"},{"data":"Night Terror","floor":40.0,"key":"SMITH"},{"data":"Catalyst","floor":44.0,"key":"SMITH"},{"floor":49.0,"key":"RECALL"},{"data":"Neutralize","floor":53.0,"key":"SMITH"}],"circlet_count":0,"master_deck":["AscendersBane","Strike_G+1","Defend_G","Defend_G","Defend_G","Defend_G","Survivor","Neutralize+1","Blade Dance+1","Endless Agony+1","Noxious Fumes+1","Crippling Poison+1","Catalyst+1","Acrobatics","Wraith Form v2+1","Backflip","Well Laid Plans+1","Dagger Spray+1","Masterful Stab+1","Backflip","Catalyst+1","Blur","Blur","Night Terror+1","Dodge and Roll+1","Corpse Explosion","Acrobatics"],"relics":["Ring of the Snake","NeowsBlessing","Kunai","Orichalcum","Potion Belt","Mummified Hand","Runic Dome","Molten Egg 2","Red Mask","Lantern","Bottled Lightning","Empty Cage","Eternal Feather","Paper Crane","Bag of Marbles"],"acts_visited":["Exordium","TheCity","TheBeyond","TheEnding"],"potions_floor_usage":[55],"damage_taken":[{"damage":0.0,"enemies":"Jaw Worm","floor":1.0,"turns":1.0},{"damage":0.0,"enemies":"Small Slimes","floor":5.0,"turns":1.0},{"damage":0.0,"enemies":"Gremlin Nob","floor":7.0,"turns":1.0},{"damage":1.0,"enemies":"2 Louse","floor":8.0,"turns":3.0},{"damage":8.0,"enemies":"Large Slime","floor":10.0,"turns":7.0},{"damage":7.0,"enemies":"3 Sentries","floor":11.0,"turns":6.0},{"damage":1.0,"enemies":"Blue Slaver","floor":12.0,"turns":4.0},{"damage":1.0,"enemies":"Looter","floor":14.0,"turns":4.0},{"damage":0.0,"enemies":"Hexaghost","floor":16.0,"turns":7.0},{"damage":2.0,"enemies":"Spheric Guardian","floor":18.0,"turns":5.0},{"damage":22.0,"enemies":"Masked Bandits","floor":20.0,"turns":5.0},{"damage":0.0,"enemies":"3 Byrds","floor":21.0,"turns":4.0},{"damage":5.0,"enemies":"Slavers","floor":24.0,"turns":7.0},{"damage":0.0,"enemies":"Centurion and Healer","floor":25.0,"turns":5.0},{"damage":1.0,"enemies":"Book of Stabbing","floor":27.0,"turns":6.0},{"damage":0.0,"enemies":"Snake Plant","floor":31.0,"turns":4.0},{"damage":0.0,"enemies":"Automaton","floor":33.0,"turns":8.0},{"damage":0.0,"enemies":"3 Darklings","floor":35.0,"turns":4.0},{"damage":0.0,"enemies":"3 Shapes","floor":36.0,"turns":4.0},{"damage":0.0,"enemies":"Maw","floor":39.0,"turns":7.0},{"damage":8.0,"enemies":"Nemesis","floor":41.0,"turns":11.0},{"damage":0.0,"enemies":"Transient","floor":42.0,"turns":5.0},{"damage":4.0,"enemies":"3 Darklings","floor":45.0,"turns":4.0},{"damage":1.0,"enemies":"Giant Head","floor":47.0,"turns":4.0},{"damage":5.0,"enemies":"Sphere and 2 Shapes","floor":48.0,"turns":3.0},{"damage":17.0,"enemies":"Donu and Deca","floor":50.0,"turns":7.0},{"damage":59.0,"enemies":"Awakened One","floor":51.0,"turns":17.0},{"damage":63,"enemies":"Shield and Spear","floor":55,"turns":5}],"seed_played":"3261894302067404806","potions_obtained":[{"floor":7.0,"key":"Fire Potion"},{"floor":10.0,"key":"PowerPotion"},{"floor":12.0,"key":"Weak Potion"},{"floor":16.0,"key":"FearPotion"},{"floor":18.0,"key":"FairyPotion"},{"floor":24.0,"key":"Block Potion"},{"floor":31.0,"key":"Swift Potion"},{"floor":41.0,"key":"CunningPotion"},{"floor":45.0,"key":"GhostInAJar"}],"is_trial":false,"path_per_floor":["M","?","$","?","M","R","E","M","T","M","E","M","R","M","R","B",null,"M","?","?","M","?","R","E","M","T","E","$","R","$","M","R","B",null,"M","M","$","?","M","R","E","M","T","R","M","?","E","M","R","B","B",null,"R","$","E"],"character_chosen":"THE_SILENT","items_purchased":["Endless Agony","Catalyst","Blur","BlessingOfTheForge","SkillPotion","Regen Potion","Energy Potion"],"campfire_rested":0,"item_purchase_floors":[3,28,30,30,54,54,54],"current_hp_per_floor":[59,48,48,28,28,28,28,27,27,19,12,11,11,10,10,10,52,50,50,28,28,28,28,23,23,23,22,22,22,22,22,22,22,55,55,55,55,55,55,55,47,47,47,62,58,58,57,52,63,46,18,52,63,63,0,0],"gold":47,"neow_bonus":"THREE_ENEMY_KILL","is_daily":false,"chose_seed":false,"campfire_upgraded":9,"win_rate":0.0,"timestamp":1613487574,"path_taken":["M","?","$","?","M","R","E","M","T","M","E","M","R","M","R","BOSS","M","?","?","M","?","R","E","M","T","E","?","R","?","M","R","BOSS","M","M","$","?","M","R","E","M","T","R","M","?","E","M","R","BOSS","BOSS","R","$","E"],"items_purchased_type":["Card","Card","Card","Potion","Potion","Potion","Potion"],"build_version":"2020-12-22","purchased_purges":3,"victory":false,"max_hp_per_floor":[66,66,66,66,66,66,66,66,66,66,66,66,66,66,66,66,66,66,66,66,66,66,66,66,66,66,66,66,66,66,66,66,66,66,66,66,66,63,63,63,63,63,63,63,63,63,63,63,63,63,63,63,63,63,63,63],"relic_stats":{"counters":[28,149],"Mummified Hand":[60],"Eternal Feather":37,"Kunai":[77],"Orichalcum":[252],"obtain_stats":[{"Potion Belt":9,"Lantern":24,"NeowsBlessing":0,"Eternal Feather":41,"Orichalcum":7,"Paper Crane":43,"Empty Cage":34,"Runic Dome":17,"Mummified Hand":11,"Molten Egg 2":19,"Red Mask":20,"Bag of Marbles":47,"Kunai":2,"Bottled Lightning":27,"Ring of the Snake":0},{"Potion Belt":4,"Lantern":13,"NeowsBlessing":0,"Eternal Feather":21,"Orichalcum":3,"Paper Crane":22,"Empty Cage":17,"Runic Dome":9,"Mummified Hand":6,"Molten Egg 2":10,"Red Mask":11,"Bag of Marbles":24,"Kunai":1,"Bottled Lightning":15,"Ring of the Snake":0},{"Potion Belt":6,"Lantern":55,"NeowsBlessing":0,"Eternal Feather":104,"Orichalcum":3,"Paper Crane":109,"Empty Cage":78,"Runic Dome":34,"Mummified Hand":19,"Molten Egg 2":39,"Red Mask":44,"Bag of Marbles":117,"Kunai":1,"Bottled Lightning":66,"Ring of the Snake":0}],"Ring of the Snake":[57]},"card_choices":[{"not_picked":["Deflect","Caltrops"],"picked":"Blade Dance","floor":1.0},{"not_picked":["Sucker Punch","Quick Slash","Underhanded Strike"],"picked":"SKIP","floor":5.0},{"not_picked":["Bane","Leg Sweep"],"picked":"Noxious Fumes","floor":7.0},{"not_picked":["Acrobatics","Outmaneuver"],"picked":"Crippling Poison","floor":8.0},{"not_picked":["Deadly Poison","Wraith Form v2"],"picked":"Catalyst","floor":10.0},{"not_picked":["Distraction","Riddle With Holes","Prepared"],"picked":"SKIP","floor":11.0},{"not_picked":["Skewer","Noxious Fumes"],"picked":"Acrobatics","floor":12.0},{"not_picked":["Poisoned Stab","Deflect","Backflip"],"picked":"SKIP","floor":14.0},{"not_picked":["Grand Finale","Malaise"],"picked":"Wraith Form v2","floor":16.0},{"not_picked":["Slice","Dagger Spray"],"picked":"Backflip","floor":18.0},{"not_picked":["Prepared","Deadly Poison"],"picked":"Well Laid Plans","floor":21.0},{"not_picked":["Flying Knee+1","Deadly Poison","Choke+1"],"picked":"SKIP","floor":24.0},{"not_picked":["Prepared","Flying Knee+1"],"picked":"Masterful Stab+1","floor":25.0},{"not_picked":["Escape Plan","Cloak And Dagger"],"picked":"Backflip","floor":27.0},{"not_picked":["Prepared","Wraith Form v2"],"picked":"Blur","floor":31.0},{"not_picked":["Unload+1","Glass Knife+1"],"picked":"Night Terror","floor":33.0},{"not_picked":["Tactician","Backflip+1"],"picked":"Dodge and Roll+1","floor":35.0},{"not_picked":["Slice+1","Sucker Punch+1","Outmaneuver"],"picked":"SKIP","floor":36.0},{"not_picked":["Flying Knee+1","Prepared","Sucker Punch+1"],"picked":"SKIP","floor":39.0},{"not_picked":["Dash+1","Deflect"],"picked":"Corpse Explosion","floor":41.0},{"not_picked":["Backflip","Footwork","Finisher+1"],"picked":"SKIP","floor":42.0},{"not_picked":["Backstab+1","Dodge and Roll"],"picked":"Acrobatics","floor":45.0},{"not_picked":["Flying Knee+1","Venomology","Sucker Punch+1"],"picked":"SKIP","floor":47.0},{"not_picked":["Outmaneuver","Footwork","Flying Knee+1"],"picked":"SKIP","floor":48.0}],"player_experience":1966399,"relics_obtained":[{"floor":7.0,"key":"Orichalcum"},{"floor":9.0,"key":"Potion Belt"},{"floor":11.0,"key":"Mummified Hand"},{"floor":20.0,"key":"Red Mask"},{"floor":24.0,"key":"Lantern"},{"floor":27.0,"key":"Bottled Lightning"},{"floor":41.0,"key":"Eternal Feather"},{"floor":43.0,"key":"Paper Crane"},{"floor":47.0,"key":"Bag of Marbles"}],"event_choices":[{"damage_healed":0.0,"max_hp_gain":0.0,"max_hp_loss":0.0,"gold_gain":0.0,"event_name":"Scrap Ooze","player_choice":"Success","floor":2.0,"gold_loss":0.0,"damage_taken":11.0,"relics_obtained":["Kunai"]},{"damage_healed":0.0,"max_hp_gain":0.0,"max_hp_loss":0.0,"gold_gain":0.0,"event_name":"Shining Light","player_choice":"Entered Light","floor":4.0,"gold_loss":0.0,"damage_taken":20.0,"cards_upgraded":["Strike_G","Blade Dance"]},{"damage_healed":0.0,"max_hp_gain":0.0,"max_hp_loss":0.0,"gold_gain":0.0,"event_name":"Addict","player_choice":"Obtained Relic","floor":19.0,"gold_loss":85.0,"damage_taken":0.0,"relics_obtained":["Molten Egg 2"]},{"damage_healed":0.0,"max_hp_gain":0.0,"max_hp_loss":0.0,"gold_gain":0.0,"event_name":"Masked Bandits","player_choice":"Fought Bandits","floor":20.0,"gold_loss":0.0,"damage_taken":0.0},{"damage_healed":0.0,"max_hp_gain":0.0,"max_hp_loss":0.0,"gold_gain":0.0,"event_name":"The Library","player_choice":"Read","floor":22.0,"gold_loss":0.0,"damage_taken":0.0,"cards_obtained":["Dagger Spray"]},{"damage_healed":0.0,"max_hp_gain":0.0,"max_hp_loss":3.0,"gold_gain":0.0,"event_name":"Winding Halls","player_choice":"Max HP","floor":38.0,"gold_loss":0.0,"damage_taken":0.0},{"damage_healed":0.0,"max_hp_gain":0.0,"max_hp_loss":0.0,"gold_gain":222.0,"event_name":"Tomb of Lord Red Mask","player_choice":"Wore Mask","floor":46.0,"gold_loss":0.0,"damage_taken":0.0}],"is_beta":false,"boss_relics":[{"not_picked":["Velvet Choker","Black Star"],"picked":"Runic Dome"},{"not_picked":["WristBlade","Pandora\u0027s Box"],"picked":"Empty Cage"}],"items_purged_floors":[28,37,54],"is_endless":false,"potions_floor_spawned":[7,10,12,16,18,24,31,35,41,45,47],"killed_by":"Shield and Spear","ascension_level":20}}