{"host":"h3ogdo6no3ehk88q","time":1613437791,"event":{"mods":["AchievementEnabler","BaseMod","Minty Spire (QoL Compilation)","StSLib","SuperFastMode"],"gold_per_floor":[118,131,82,92,92,121,121,141,141,141,141,151,180,200,275,285,285,383,383,400,600,228,23,40,40,52,52,52,52],"floor_reached":28,"language":"ENG","playtime":768,"items_purged":["Flex"],"score":368,"play_id":"09321b6d-1f51-461b-bbfa-687b3dfbefef","local_time":"20210215200951","is_ascension_mode":true,"campfire_choices":[{"data":"Metallicize","floor":7,"key":"SMITH"},{"floor":9,"key":"REST"},{"data":"Clothesline","floor":17,"key":"SMITH"},{"floor":27,"key":"REST"}],"circlet_count":0,"master_deck":["AscendersBane","Bash","Twin Strike","Metallicize+1","Flame Barrier","True Grit","Clothesline+1","Barricade","Reckless Charge","Uppercut","Seeing Red","Bloodletting","Heavy Blade","Hemokinesis","Shrug It Off","Feed","Iron Wave+1","Battle Trance"],"relics":["Burning Blood","NeowsBlessing","Blue Candle","Matryoshka","Mummified Hand","Pandora\u0027s Box","Incense Burner","Akabeko"],"acts_visited":["Exordium","TheCity"],"potions_floor_usage":[6,6,18,26,28],"damage_taken":[{"damage":0,"enemies":"Cultist","floor":1,"turns":1},{"damage":0,"enemies":"Jaw Worm","floor":2,"turns":1},{"damage":0,"enemies":"Small Slimes","floor":4,"turns":1},{"damage":36,"enemies":"Lagavulin","floor":6,"turns":7},{"damage":27,"enemies":"Exordium Thugs","floor":8,"turns":7},{"damage":2,"enemies":"Blue Slaver","floor":12,"turns":6},{"damage":19,"enemies":"3 Sentries","floor":13,"turns":12},{"damage":7,"enemies":"Gremlin Gang","floor":14,"turns":6},{"damage":2,"enemies":"3 Louse","floor":16,"turns":5},{"damage":31,"enemies":"The Guardian","floor":18,"turns":18},{"damage":17,"enemies":"3 Byrds","floor":20,"turns":3},{"damage":19,"enemies":"Chosen","floor":24,"turns":6},{"damage":24,"enemies":"Snake Plant","floor":26,"turns":5},{"damage":52,"enemies":"Book of Stabbing","floor":28,"turns":8}],"seed_played":"7690592990037720499","potions_obtained":[{"floor":1,"key":"SneckoOil"},{"floor":2,"key":"Weak Potion"},{"floor":13,"key":"DistilledChaos"},{"floor":16,"key":"PowerPotion"},{"floor":20,"key":"AttackPotion"}],"is_trial":false,"path_per_floor":["M","M","$","M","$","E","R","M","R","?","T","M","E","M","?","M","R","B",null,"M","?","$","$","M","?","M","R","E"],"character_chosen":"IRONCLAD","items_purchased":["Strength Potion","Incense Burner","Shrug It Off","Feed"],"campfire_rested":2,"item_purchase_floors":[3,22,23,23],"current_hp_per_floor":[78,80,80,80,80,50,50,29,53,53,53,57,44,43,35,39,39,14,64,53,53,53,53,40,40,25,49,0,0],"gold":52,"neow_bonus":"THREE_ENEMY_KILL","is_daily":false,"chose_seed":false,"campfire_upgraded":2,"win_rate":0.0,"timestamp":1613437791,"path_taken":["M","?","?","M","$","E","R","M","R","?","T","M","E","?","?","M","R","BOSS","M","?","?","$","M","?","?","R","E"],"items_purchased_type":["Potion","Relic","Card","Card"],"build_version":"2020-12-22","purchased_purges":1,"victory":false,"max_hp_per_floor":[80,80,80,80,80,80,80,80,80,80,80,80,80,80,80,80,80,80,80,80,80,80,80,80,80,83,83,83,83],"card_choices":[{"not_picked":["True Grit","Wild Strike"],"picked":"Twin Strike","floor":1},{"not_picked":["Havoc","Sever Soul"],"picked":"Metallicize","floor":2},{"not_picked":["Power Through","Wild Strike","Clash"],"picked":"SKIP","floor":4},{"not_picked":["Headbutt","Sentinel"],"picked":"Flame Barrier","floor":6},{"not_picked":["Headbutt","Flex"],"picked":"True Grit","floor":8},{"not_picked":["Sever Soul","Wild Strike","Sword Boomerang"],"picked":"SKIP","floor":12},{"not_picked":["Havoc","Wild Strike","Perfected Strike"],"picked":"SKIP","floor":13},{"not_picked":["Reckless Charge","Rupture"],"picked":"Clothesline","floor":14},{"not_picked":["Havoc","Wild Strike","Second Wind"],"picked":"SKIP","floor":16},{"not_picked":["Double Tap","Fiend Fire"],"picked":"Barricade","floor":18},{"not_picked":["Havoc+1","Searing Blow","Thunderclap"],"picked":"SKIP","floor":20},{"not_picked":["Dual Wield","Flex"],"picked":"Iron Wave+1","floor":24},{"not_picked":["Shockwave","Havoc"],"picked":"Battle Trance","floor":26}],"player_experience":861914,"relics_obtained":[{"floor":6,"key":"Blue Candle"},{"floor":11,"key":"Matryoshka"},{"floor":13,"key":"Mummified Hand"}],"event_choices":[{"cards_removed":["Strike_R"],"damage_healed":0,"gold_gain":0,"player_choice":"Offered Basic","damage_taken":0,"max_hp_gain":0,"max_hp_loss":0,"event_name":"Bonfire Elementals","floor":10,"gold_loss":0},{"damage_healed":0,"gold_gain":75,"player_choice":"Touch","damage_taken":8,"max_hp_gain":0,"max_hp_loss":0,"event_name":"FaceTrader","floor":15,"gold_loss":0},{"damage_healed":0,"gold_gain":200,"player_choice":"Gold","damage_taken":0,"max_hp_gain":0,"max_hp_loss":0,"event_name":"Wheel of Change","floor":21,"gold_loss":0},{"cards_removed":["Juggernaut"],"damage_healed":0,"gold_gain":0,"player_choice":"Gave Card","damage_taken":0,"relics_obtained":["Akabeko"],"max_hp_gain":0,"max_hp_loss":0,"event_name":"WeMeetAgain","floor":25,"gold_loss":0}],"is_beta":false,"boss_relics":[{"not_picked":["Cursed Key","Philosopher\u0027s Stone"],"picked":"Pandora\u0027s Box"}],"items_purged_floors":[22],"is_endless":false,"potions_floor_spawned":[1,2,13,16,20],"killed_by":"Book of Stabbing","ascension_level":12}}