{"host":"zybdh2ue20qfjbiz","time":1613496678,"event":{"mods":["AchievementEnabler","BaseMod","Better Altar","Better Skull","BetterRewards","Friendly Minions","Koishi","Lobotomy","LobotomyExtend","Minty Spire (QoL Compilation)","RemiliaÅiÂQïƒ‰ª?Åj","StSLib"],"gold_per_floor":[119,137,87,87,100,126,160,160,228,228,244,244,261,281,281,308,340,440,440,120,131,141,68,93,93,197,197,215,215,215,232,232,258,273,273,299,325,335,366,385,110,110,210,210,220,220,220,14,32,65,65,65,65,75,92,92,104,123,123,123,123,123,123,123,158,158],"floor_reached":57,"language":"ENG","playtime":4437,"items_purged":["Strike_P","Defend_P"],"score":1588,"play_id":"ec62b56d-84b7-4694-bf5b-dcc69abce472","local_time":"20210216203118","is_ascension_mode":false,"campfire_choices":[{"data":"LessonLearned","floor":8.0,"key":"SMITH"},{"data":"Vigilance","floor":10.0,"key":"SMITH"},{"data":"Crescendo","floor":15.0,"key":"SMITH"},{"floor":32.0,"key":"RECALL"},{"floor":42.0,"key":"REST"},{"floor":49,"key":"REST"},{"floor":53,"key":"REST"}],"circlet_count":0,"master_deck":["Strike_P+1","Defend_P+1","Eruption+1","Vigilance+1","EmptyBody+1","EmptyFist+1","FollowUp+1","FlurryOfBlows+1","LessonLearned+1","FlyingSleeves+1","ThirdEye+1","FollowUp+1","Crescendo+1","Adaptation+1","FlurryOfBlows+1","FlurryOfBlows+1","EmptyMind+1","Nirvana+1","WheelKick+1","Tantrum+1","WheelKick+1","Necronomicurse","Wallop+1","WheelKick+1","Establishment+1","CutThroughFate+1","ClearTheMind+1","EmptyBody+1","FlurryOfBlows+1","Adaptation+1","Adaptation"],"relics":["PureWater","Vajra","Lee\u0027s Waffle","WingedGreaves","Calipers","Whetstone","Moonlight_r","LetterFromLob","Molten Egg 2","Sundial","Lantern","Bottled Lightning","Mummified Hand","Bag of Marbles","Fusion Hammer","Orichalcum","Necronomicon","MealTicket","Strawberry","Pen Nib","HornCleat","SlaversCollar","Matryoshka","Nunchaku","Shuriken","Bronze Scales","Anchor","Regal Pillow","Centennial Puzzle"],"acts_visited":["Exordium","TheCity","TheBeyond","TheEnding"],"potions_floor_usage":[56,56],"damage_taken":[{"damage":0.0,"enemies":"Cultist","floor":1.0,"turns":2.0},{"damage":0.0,"enemies":"Small Slimes","floor":2.0,"turns":1.0},{"damage":0.0,"enemies":"2 Louse","floor":5.0,"turns":2.0},{"damage":14.0,"enemies":"Gremlin Nob","floor":6.0,"turns":4.0},{"damage":10.0,"enemies":"Lagavulin","floor":7.0,"turns":6.0},{"damage":2.0,"enemies":"Jaw Worm","floor":1.0,"turns":4.0},{"damage":0.0,"enemies":"Cultist","floor":3.0,"turns":2.0},{"damage":0.0,"enemies":"Small Slimes","floor":4.0,"turns":1.0},{"damage":0.0,"enemies":"Lagavulin","floor":6.0,"turns":4.0},{"damage":0.0,"enemies":"3 Sentries","floor":7.0,"turns":3.0},{"damage":0.0,"enemies":"Exordium Wildlife","floor":11.0,"turns":2.0},{"damage":0.0,"enemies":"Gremlin Gang","floor":12.0,"turns":2.0},{"damage":0.0,"enemies":"Lagavulin","floor":14.0,"turns":2.0},{"damage":10.0,"enemies":"Hexaghost","floor":16.0,"turns":3.0},{"damage":8.0,"enemies":"3 Byrds","floor":18.0,"turns":3.0},{"damage":0.0,"enemies":"Spheric Guardian","floor":21.0,"turns":3.0},{"damage":0.0,"enemies":"Slavers","floor":23.0,"turns":2.0},{"damage":0.0,"enemies":"Snake Plant","floor":24.0,"turns":1.0},{"damage":5.0,"enemies":"Gremlin Leader","floor":27.0,"turns":2.0},{"damage":0.0,"enemies":"Centurion and Healer","floor":28.0,"turns":1.0},{"damage":0.0,"enemies":"Slavers","floor":29.0,"turns":2.0},{"damage":0.0,"enemies":"Cultist and Chosen","floor":30.0,"turns":1.0},{"damage":21.0,"enemies":"Champ","floor":33.0,"turns":2.0},{"damage":8.0,"enemies":"Orb Walker","floor":35.0,"turns":3.0},{"damage":0.0,"enemies":"3 Darklings","floor":39.0,"turns":1.0},{"damage":0.0,"enemies":"Nemesis","floor":40.0,"turns":2.0},{"damage":0.0,"enemies":"Maw","floor":44.0,"turns":1.0},{"damage":1.0,"enemies":"Jaw Worm Horde","floor":45.0,"turns":2.0},{"damage":0.0,"enemies":"4 Shapes","floor":47.0,"turns":2.0},{"damage":0,"enemies":"Spire Growth","floor":48,"turns":1},{"damage":0,"enemies":"Donu and Deca","floor":50,"turns":2},{"damage":0,"enemies":"Shield and Spear","floor":55,"turns":2},{"damage":66,"enemies":"The Heart","floor":56,"turns":5}],"seed_played":"587144314786885918","potions_obtained":[{"floor":1.0,"key":"Weak Potion"},{"floor":2.0,"key":"SkillPotion"},{"floor":4.0,"key":"CultistPotion"},{"floor":6.0,"key":"SkillPotion"},{"floor":12.0,"key":"Explosive Potion"},{"floor":14.0,"key":"DuplicationPotion"},{"floor":16.0,"key":"Strength Potion"},{"floor":33.0,"key":"Weak Potion"},{"floor":40.0,"key":"PowerPotion"},{"floor":48,"key":"Block Potion"}],"is_trial":false,"path_per_floor":["M","M","?","?","M","E","E","R","T","R","?","M","?","M","M","?","E","E","?","T","$","M","M","$","E","R","B",null,"M","?","?","M","?","E","M","?","T","E","M","E","M","$","R","B",null,"M","?","T","$","M","E","$","R","T","M","M","?","M","M","R","B",null,null,"R","$","E","B",null],"character_chosen":"WATCHER","items_purchased":["Vajra","Lee\u0027s Waffle","EmptyBody","EmptyFist","Mummified Hand","Adaptation","EmptyMind","WheelKick+1","HornCleat","Nunchaku","ClearTheMind"],"campfire_rested":3,"item_purchase_floors":[0,0,0,0,10,10,13,31,31,38,38],"current_hp_per_floor":[79,79,79,79,79,65,55,55,55,55,77,59,59,59,52,52,52,52,52,52,52,52,52,52,52,42,79,71,71,79,79,79,79,79,63,63,65,65,65,65,80,80,59,86,78,78,78,86,86,86,86,86,86,86,85,85,85,85,86,86,86,86,86,86,86,20],"gold":158,"neow_bonus":"","is_daily":false,"chose_seed":false,"campfire_upgraded":3,"win_rate":0.0,"timestamp":1613496678,"path_taken":["M","?","?","?","M","E","E","R","T","R","?","M","?","M","M","?","E","E","?","T","$","M","?","$","E","R","BOSS","M","?","?","M","?","E","?","?","T","E","M","E","M","$","R","BOSS","M","?","?","$","?","E","?","R","T","M","M","?","?","M","R","BOSS","R","$","E","BOSS"],"items_purchased_type":["Relic","Relic","Card","Card","Relic","Card","Card","Card","Relic","Relic","Card"],"build_version":"2020-12-22","purchased_purges":2,"victory":true,"max_hp_per_floor":[79,79,79,79,79,79,79,79,79,79,79,79,79,79,79,79,79,79,79,79,79,79,79,79,79,79,79,79,79,79,79,79,79,79,79,79,86,86,86,86,86,86,86,86,86,86,86,86,86,86,86,86,86,86,86,86,86,86,86,86,86,86,86,86,86,86],"card_choices":[{"not_picked":["Adaptation","Vengeance"],"picked":"FollowUp","floor":1.0},{"not_picked":["TalkToTheHand","JustLucky"],"picked":"FlurryOfBlows","floor":2.0},{"not_picked":["EmptyFist","Protect"],"picked":"JustLucky","floor":5.0},{"not_picked":["JustLucky","EmptyFist","Swivel"],"picked":"SKIP","floor":6.0},{"not_picked":["Protect","FlurryOfBlows"],"picked":"LessonLearned","floor":7.0},{"not_picked":["JustLucky","Halt"],"picked":"FlyingSleeves","floor":1.0},{"not_picked":["EmptyFist+1","FlyingSleeves+1","Study"],"picked":"SKIP","floor":3.0},{"not_picked":["Consecrate+1","Wallop+1"],"picked":"ThirdEye","floor":4.0},{"not_picked":["Pray","Study"],"picked":"FollowUp+1","floor":6.0},{"not_picked":["InnerPeace","FollowUp+1"],"picked":"Crescendo","floor":7.0},{"not_picked":["Evaluate","WreathOfFlame"],"picked":"FlurryOfBlows+1","floor":11.0},{"not_picked":["ThirdEye","InnerPeace"],"picked":"FlurryOfBlows+1","floor":12.0},{"not_picked":["Judgement","FlyingSleeves+1","Omniscience"],"picked":"SKIP","floor":14.0},{"not_picked":["Weave+1","FollowUp+1"],"picked":"Nirvana","floor":18.0},{"not_picked":["BattleHymn","Halt"],"picked":"Tantrum+1","floor":21.0},{"not_picked":["Conclude+1","SashWhip+1"],"picked":"WheelKick+1","floor":23.0},{"not_picked":["JustLucky+1","BowlingBash+1","Consecrate+1"],"picked":"SKIP","floor":24.0},{"not_picked":["Crescendo","Brilliance+1","LikeWater"],"picked":"SKIP","floor":27.0},{"not_picked":["EmptyFist+1","Meditate","ClearTheMind"],"picked":"SKIP","floor":28.0},{"not_picked":["JustLucky+1","Crescendo+1"],"picked":"Wallop+1","floor":29.0},{"not_picked":["Wallop+1","Crescendo","Evaluate+1"],"picked":"SKIP","floor":30.0},{"not_picked":["DeusExMachina","Brilliance+1"],"picked":"Establishment","floor":33.0},{"not_picked":["FlyingSleeves+1","Meditate+1"],"picked":"CutThroughFate+1","floor":35.0},{"not_picked":["Halt+1","DeusExMachina"],"picked":"EmptyBody+1","floor":39.0},{"not_picked":["Wallop+1","Nirvana"],"picked":"FlurryOfBlows+1","floor":40.0},{"not_picked":["FlyingSleeves+1","ThirdEye+1","Protect"],"picked":"SKIP","floor":44.0},{"not_picked":["WaveOfTheHand+1","FlurryOfBlows+1","WindmillStrike+1"],"picked":"SKIP","floor":45.0},{"not_picked":["SashWhip+1","Halt+1"],"picked":"Adaptation","floor":47},{"not_picked":["JustLucky+1","Consecrate+1","FlurryOfBlows+1"],"picked":"SKIP","floor":48},{"not_picked":["Nirvana+1","Perseverance"],"picked":"Adaptation","floor":55}],"player_experience":412108,"relics_obtained":[{"floor":1.0,"key":"LetterFromLob"},{"floor":6.0,"key":"Calipers"},{"floor":7.0,"key":"Whetstone"},{"floor":1.0,"key":"LetterFromLob"},{"floor":6.0,"key":"Sundial"},{"floor":7.0,"key":"Lantern"},{"floor":9.0,"key":"Bottled Lightning"},{"floor":14.0,"key":"Bag of Marbles"},{"floor":23.0,"key":"Orichalcum"},{"floor":25.0,"key":"Necronomicon"},{"floor":26.0,"key":"MealTicket"},{"floor":27.0,"key":"Strawberry"},{"floor":29.0,"key":"Pen Nib"},{"floor":37.0,"key":"Matryoshka"},{"floor":40.0,"key":"Shuriken"},{"floor":43.0,"key":"Bronze Scales"},{"floor":43.0,"key":"Anchor"},{"floor":46.0,"key":"Regal Pillow"},{"floor":55,"key":"Centennial Puzzle"}],"event_choices":[{"cards_removed":["Defend_P"],"damage_healed":0.0,"max_hp_gain":0.0,"max_hp_loss":0.0,"gold_gain":0.0,"event_name":"The Cleric","player_choice":"Card Removal","floor":3.0,"gold_loss":50.0,"damage_taken":0.0},{"cards_removed":["Strike_P"],"damage_healed":0.0,"max_hp_gain":0.0,"max_hp_loss":0.0,"gold_gain":0.0,"event_name":"Living Wall","player_choice":"Forget","floor":4.0,"gold_loss":0.0,"damage_taken":0.0},{"damage_healed":0.0,"max_hp_gain":0.0,"max_hp_loss":0.0,"gold_gain":0.0,"event_name":"Scrap Ooze","player_choice":"Success","floor":2.0,"gold_loss":0.0,"damage_taken":18.0,"relics_obtained":["Molten Egg 2"]},{"cards_removed":["Strike_P"],"damage_healed":0.0,"max_hp_gain":0.0,"max_hp_loss":0.0,"gold_gain":0.0,"event_name":"Golden Wing","player_choice":"Card Removal","floor":5.0,"gold_loss":0.0,"damage_taken":7.0},{"damage_healed":0.0,"max_hp_gain":0.0,"max_hp_loss":0.0,"gold_gain":100.0,"event_name":"Golden Shrine","player_choice":"Pray","floor":8.0,"gold_loss":0.0,"damage_taken":0.0},{"damage_healed":0.0,"max_hp_gain":0.0,"max_hp_loss":0.0,"gold_gain":0.0,"event_name":"The Library","player_choice":"Read","floor":19.0,"gold_loss":0.0,"damage_taken":0.0,"cards_obtained":["WheelKick"]},{"cards_removed":["Defend_P"],"damage_healed":0.0,"max_hp_gain":0.0,"max_hp_loss":0.0,"gold_gain":0.0,"event_name":"Purifier","player_choice":"Purged","floor":22.0,"gold_loss":0.0,"damage_taken":0.0},{"damage_healed":0.0,"max_hp_gain":0.0,"max_hp_loss":0.0,"gold_gain":0.0,"event_name":"Cursed Tome","player_choice":"Obtained Book","floor":25.0,"gold_loss":0.0,"damage_taken":16.0},{"cards_removed":["JustLucky"],"damage_healed":0.0,"max_hp_gain":0.0,"max_hp_loss":0.0,"gold_gain":0.0,"event_name":"Falling","player_choice":"Removed Attack","floor":36.0,"gold_loss":0.0,"damage_taken":0.0},{"damage_healed":0.0,"max_hp_gain":0.0,"max_hp_loss":0.0,"gold_gain":0.0,"event_name":"Wheel of Change","player_choice":"Relic","floor":46.0,"gold_loss":0.0,"damage_taken":0.0}],"is_beta":false,"boss_relics":[{"not_picked":["Black Star","HolyWater"],"picked":"Fusion Hammer"},{"not_picked":["Astrolabe","Coffee Dripper"],"picked":"SlaversCollar"}],"items_purged_floors":[0,0],"is_endless":false,"potions_floor_spawned":[1,2,4,6,12,14,16,21,23,30,33,39,40,44,48,55],"ascension_level":0}}