{"host":"2pffx5rqbod9ds0c","time":1613448700,"event":{"mods":["BaseMod","Better Altar","Better Match","Better Note","Better Sensory Stone","Better Skull","Better Third Choice","Bossed Relics","Custom Start","Hubris","MarisaÅiñ∂âJÅ@ñÇóùçπÅj","Minty Spire (QoL Compilation)","Quick Restart","Relic Stats","Spicy Shops","StSLib"],"gold_per_floor":[111,123,123,48,48,82,82,82,82],"floor_reached":8,"language":"ENG","playtime":197,"items_purged":["Strike_MRS"],"score":158,"play_id":"a2a92c6a-60b4-48bc-9503-7caf3eb99c23","local_time":"20210215201140","is_ascension_mode":true,"campfire_choices":[{"data":"OortCloud","floor":7,"key":"SMITH"}],"circlet_count":0,"master_deck":["AscendersBane","Strike_MRS","Strike_MRS","Defend_MRS","Defend_MRS","Defend_MRS","Defend_MRS","MasterSpark+1","UpSweep","OortCloud+1","AsteroidBelt","RefractionSpark"],"relics":["MiniHakkero","NeowsBlessing","Ice Cream"],"acts_visited":["Exordium"],"potions_floor_usage":[8],"damage_taken":[{"damage":0,"enemies":"Cultist","floor":1,"turns":1},{"damage":0,"enemies":"Small Slimes","floor":2,"turns":1},{"damage":0,"enemies":"Gremlin Nob","floor":6,"turns":1},{"damage":14,"enemies":"Lagavulin","floor":8,"turns":10}],"seed_played":"3838078427303659687","potions_obtained":[{"floor":6,"key":"Weak Potion"}],"is_trial":false,"path_per_floor":["M","M","?","$","?","E","R","E"],"character_chosen":"MARISA","items_purchased":[],"campfire_rested":0,"item_purchase_floors":[],"current_hp_per_floor":[63,63,63,63,63,63,63,49,49],"gold":82,"neow_bonus":"THREE_ENEMY_KILL","is_daily":false,"chose_seed":false,"campfire_upgraded":1,"win_rate":0.0,"timestamp":1613448700,"path_taken":["M","?","?","$","?","E","R","E"],"items_purchased_type":[],"build_version":"2020-12-22","purchased_purges":1,"victory":false,"max_hp_per_floor":[70,70,70,70,70,70,70,70,70],"relic_stats":{"counters":[4,13],"obtain_stats":[{"Ice Cream":6,"NeowsBlessing":0,"MiniHakkero":0},{"Ice Cream":3,"NeowsBlessing":0,"MiniHakkero":0},{"Ice Cream":3,"NeowsBlessing":0,"MiniHakkero":0}]},"card_choices":[{"not_picked":["LuminesStrike","MilkyWay"],"picked":"OortCloud","floor":1},{"not_picked":["DarkSpark","IllusionStar","FairyDestructionRay"],"picked":"SKIP","floor":2},{"not_picked":["MagicChant","StarDustReverie"],"picked":"RefractionSpark","floor":6}],"player_experience":872610,"relics_obtained":[{"floor":6,"key":"Ice Cream"}],"event_choices":[{"damage_healed":0,"gold_gain":0,"player_choice":"Grow","damage_taken":0,"max_hp_gain":0,"max_hp_loss":0,"event_name":"Living Wall","floor":3,"gold_loss":0,"cards_upgraded":["MasterSpark"]},{"damage_healed":0,"gold_gain":0,"cards_transformed":["Strike_MRS"],"player_choice":"Transformed","damage_taken":0,"max_hp_gain":0,"max_hp_loss":0,"event_name":"Transmorgrifier","floor":5,"gold_loss":0,"cards_obtained":["AsteroidBelt"]}],"is_beta":false,"boss_relics":[],"items_purged_floors":[4],"is_endless":false,"potions_floor_spawned":[6],"killed_by":"Lagavulin","ascension_level":20}}