{"host":"at5b10nm0iti0w4x","time":1613512720,"event":{"mods":["2.2 Compatiblity","AchievementEnabler","BaseMod","Bestiary","Block Reminder","Colored Map","Colored Powertips","Highlight Path","Keyboard Shortcuts","Minty Spire (QoL Compilation)","Quick Restart","Relic Stats","Slay the Relics Exporter","StSLib","SuperFastMode","Unknown Chances"],"gold_per_floor":[112,126,142,102,119,150,168,198,250,250,267,267,295,295,295,397,397,407,426,438,118,118,148,162,162,211,242,242,74,74,108,108,205,205,219,230,1229,1127,1140,1140,1166,1166,1191,1191,1191,1191],"floor_reached":45,"language":"ENG","playtime":1697,"items_purged":["Strike_R","Normality"],"score":576,"play_id":"d5eb5883-87e7-41a3-b4e5-4727379be2d8","local_time":"20210216165840","is_ascension_mode":false,"campfire_choices":[{"data":"Armaments","floor":10,"key":"SMITH"},{"data":"Spot Weakness","floor":12,"key":"SMITH"},{"data":"Flex","floor":15,"key":"SMITH"},{"data":"Demon Form","floor":25,"key":"SMITH"},{"floor":32,"key":"REST"},{"data":"Panacea","floor":40,"key":"SMITH"},{"data":"Pummel","floor":42,"key":"SMITH"}],"circlet_count":0,"master_deck":["Strike_R","Strike_R","Strike_R","Strike_R","Defend_R","Defend_R","Defend_R","Defend_R","Bash+1","Headbutt","Metallicize","Flex+1","Pummel+1","Thunderclap","Armaments+1","Clothesline","Spot Weakness+1","Cleave+1","Demon Form+1","Headbutt+1","Battle Trance","Combust","Rampage+1","Headbutt+1","Flex+1","Iron Wave+1","Iron Wave+1","Sword Boomerang+1","Headbutt+1","Panacea+1","Spot Weakness+1","Headbutt+1","Reaper+1","Sever Soul+1","Normality","Pommel Strike+1","Parasite","Rage+1"],"relics":["Black Blood","Oddly Smooth Stone","Juzu Bracelet","Toy Ornithopter","Molten Egg 2","Philosopher\u0027s Stone","Potion Belt","MutagenicStrength","Red Mask","Bag of Marbles","Happy Flower","Smiling Mask","Pantograph","Omamori"],"acts_visited":["Exordium","TheCity","TheBeyond"],"potions_floor_usage":[8,16,33],"damage_taken":[{"damage":6,"enemies":"Small Slimes","floor":1,"turns":4},{"damage":6,"enemies":"Jaw Worm","floor":2,"turns":3},{"damage":3,"enemies":"2 Louse","floor":3,"turns":3},{"damage":13,"enemies":"Blue Slaver","floor":5,"turns":3},{"damage":25,"enemies":"3 Sentries","floor":6,"turns":10},{"damage":1,"enemies":"Exordium Wildlife","floor":7,"turns":4},{"damage":17,"enemies":"Gremlin Nob","floor":8,"turns":4},{"damage":7,"enemies":"Red Slaver","floor":11,"turns":4},{"damage":30,"enemies":"3 Sentries","floor":13,"turns":7},{"damage":3,"enemies":"Slime Boss","floor":16,"turns":7},{"damage":8,"enemies":"Shell Parasite","floor":18,"turns":2},{"damage":5,"enemies":"Spheric Guardian","floor":19,"turns":3},{"damage":15,"enemies":"Chosen and Byrds","floor":20,"turns":6},{"damage":7,"enemies":"Masked Bandits","floor":23,"turns":2},{"damage":12,"enemies":"Centurion and Healer","floor":24,"turns":5},{"damage":29,"enemies":"Gremlin Leader","floor":27,"turns":5},{"damage":9,"enemies":"Slavers","floor":31,"turns":2},{"damage":16,"enemies":"Champ","floor":33,"turns":6},{"damage":12,"enemies":"3 Shapes","floor":35,"turns":3},{"damage":42,"enemies":"3 Darklings","floor":36,"turns":6},{"damage":12,"enemies":"Writhing Mass","floor":39,"turns":3},{"damage":38,"enemies":"Reptomancer","floor":41,"turns":6},{"damage":83,"enemies":"4 Shapes","floor":45,"turns":3}],"seed_played":"-1793662975870525832","potions_obtained":[{"floor":2,"key":"DistilledChaos"},{"floor":6,"key":"AttackPotion"},{"floor":7,"key":"Dexterity Potion"},{"floor":8,"key":"FearPotion"},{"floor":13,"key":"Dexterity Potion"},{"floor":16,"key":"SteroidPotion"},{"floor":27,"key":"LiquidMemories"},{"floor":31,"key":"Fire Potion"},{"floor":35,"key":"LiquidMemories"}],"is_trial":false,"path_per_floor":["M","M","M","$","M","E","M","E","T","R","M","R","E","?","R","B",null,"M","M","M","$","?","?","M","R","T","E","?","$","?","E","R","B",null,"M","M","?","$","M","R","E","R","T","?","M"],"character_chosen":"IRONCLAD","items_purchased":["Pummel","Rampage+1","Headbutt+1","Potion Belt","Sword Boomerang+1","Headbutt+1","Panacea","Pommel Strike+1"],"campfire_rested":1,"item_purchase_floors":[4,21,21,21,29,29,29,38],"current_hp_per_floor":[80,80,80,80,73,54,59,48,48,48,47,47,23,23,23,31,80,78,79,70,70,70,69,63,63,63,40,40,40,40,37,61,56,80,80,68,68,68,68,68,58,58,58,78,0,0],"gold":1191,"neow_bonus":"UPGRADE_CARD","is_daily":false,"chose_seed":false,"campfire_upgraded":6,"win_rate":0.0,"timestamp":1613512720,"path_taken":["M","M","M","$","M","E","M","E","T","R","M","R","E","?","R","BOSS","M","M","M","$","?","?","M","R","T","E","?","?","?","E","R","BOSS","M","M","?","$","M","R","E","R","T","?","M"],"items_purchased_type":["Card","Card","Card","Relic","Card","Card","Card","Card"],"build_version":"2020-12-22","purchased_purges":2,"victory":false,"max_hp_per_floor":[80,80,80,80,80,80,80,80,80,80,80,80,80,80,80,80,80,80,80,80,80,80,80,80,80,80,80,80,80,80,80,80,80,80,80,80,80,80,80,80,80,80,80,80,80,80],"relic_stats":{"Happy Flower":[9],"counters":[23,101],"Pantograph":0,"Black Blood":153,"Juzu Bracelet":1,"Smiling Mask":50,"obtain_stats":[{"Potion Belt":21,"Happy Flower":27,"Oddly Smooth Stone":6,"Black Blood":34,"Juzu Bracelet":8,"Omamori":43,"Smiling Mask":31,"Burning Blood":0,"MutagenicStrength":22,"Pantograph":41,"Molten Egg 2":13,"Philosopher\u0027s Stone":17,"Red Mask":23,"Bag of Marbles":26,"Toy Ornithopter":9},{"Potion Belt":13,"Happy Flower":16,"Oddly Smooth Stone":5,"Black Blood":18,"Juzu Bracelet":7,"Omamori":22,"Smiling Mask":17,"Burning Blood":0,"MutagenicStrength":13,"Pantograph":22,"Molten Egg 2":9,"Philosopher\u0027s Stone":10,"Red Mask":14,"Bag of Marbles":15,"Toy Ornithopter":7},{"Potion Belt":60,"Happy Flower":72,"Oddly Smooth Stone":23,"Black Blood":80,"Juzu Bracelet":31,"Omamori":98,"Smiling Mask":74,"Burning Blood":0,"MutagenicStrength":60,"Pantograph":98,"Molten Egg 2":42,"Philosopher\u0027s Stone":49,"Red Mask":62,"Bag of Marbles":67,"Toy Ornithopter":31}],"Toy Ornithopter":10},"card_choices":[{"not_picked":["Clash","Anger"],"picked":"Headbutt","floor":1},{"not_picked":["Pommel Strike","True Grit"],"picked":"Metallicize","floor":2},{"not_picked":["Infernal Blade","Shockwave"],"picked":"Flex","floor":3},{"not_picked":["Anger","Searing Blow","Flex"],"picked":"SKIP","floor":5},{"not_picked":["Clothesline","Immolate"],"picked":"Thunderclap","floor":6},{"not_picked":["Uppercut","Flex"],"picked":"Armaments","floor":7},{"not_picked":["Flex","Evolve"],"picked":"Clothesline","floor":8},{"not_picked":["Rupture","Whirlwind"],"picked":"Spot Weakness","floor":11},{"not_picked":["Armaments","Disarm"],"picked":"Cleave+1","floor":13},{"not_picked":["Barricade","Berserk"],"picked":"Demon Form","floor":16},{"not_picked":["Iron Wave+1","Flex"],"picked":"Headbutt+1","floor":18},{"not_picked":["Rampage+1","Iron Wave+1"],"picked":"Battle Trance","floor":19},{"not_picked":["Feel No Pain","Headbutt+1"],"picked":"Combust","floor":20},{"not_picked":["Uppercut+1","Armaments"],"picked":"Flex+1","floor":23},{"not_picked":["Warcry","Flex"],"picked":"Iron Wave+1","floor":24},{"not_picked":["Clothesline+1","Impervious","Power Through"],"picked":"SKIP","floor":27},{"not_picked":["Clothesline+1","Shrug It Off"],"picked":"Headbutt+1","floor":31},{"not_picked":["Impervious","Immolate+1"],"picked":"Reaper+1","floor":33},{"not_picked":["Evolve","Anger+1"],"picked":"Sever Soul+1","floor":35},{"not_picked":["Ghostly Armor","Flame Barrier","Power Through"],"picked":"SKIP","floor":36},{"not_picked":["Dropkick+1","Twin Strike+1"],"picked":"Rage+1","floor":39},{"not_picked":["Searing Blow+1","Uppercut+1","Flex+1"],"picked":"SKIP","floor":41}],"player_experience":102960,"relics_obtained":[{"floor":6,"key":"Oddly Smooth Stone"},{"floor":8,"key":"Juzu Bracelet"},{"floor":9,"key":"Toy Ornithopter"},{"floor":13,"key":"Molten Egg 2"},{"floor":23,"key":"Red Mask"},{"floor":26,"key":"Bag of Marbles"},{"floor":27,"key":"Happy Flower"},{"floor":31,"key":"Smiling Mask"},{"floor":41,"key":"Pantograph"},{"floor":43,"key":"Omamori"}],"event_choices":[{"damage_healed":0,"gold_gain":0,"player_choice":"Ignored","damage_taken":0,"max_hp_gain":0,"max_hp_loss":0,"event_name":"Liars Game","floor":14,"gold_loss":0},{"damage_healed":0,"gold_gain":0,"player_choice":"Inject Mutagens","damage_taken":0,"relics_obtained":["MutagenicStrength"],"max_hp_gain":0,"max_hp_loss":0,"event_name":"Drug Dealer","floor":22,"gold_loss":0},{"damage_healed":0,"gold_gain":0,"player_choice":"Fought Bandits","damage_taken":0,"max_hp_gain":0,"max_hp_loss":0,"event_name":"Masked Bandits","floor":23,"gold_loss":0},{"damage_healed":0,"gold_gain":0,"player_choice":"Read","damage_taken":0,"max_hp_gain":0,"max_hp_loss":0,"event_name":"The Library","floor":28,"gold_loss":0,"cards_obtained":["Iron Wave"]},{"damage_healed":0,"gold_gain":0,"player_choice":"Copied","damage_taken":0,"max_hp_gain":0,"max_hp_loss":0,"event_name":"Duplicator","floor":30,"gold_loss":0,"cards_obtained":["Spot Weakness"]},{"damage_healed":0,"gold_gain":999,"player_choice":"Gold","damage_taken":0,"max_hp_gain":0,"max_hp_loss":0,"event_name":"MindBloom","floor":37,"gold_loss":0,"cards_obtained":["Normality","Normality"]},{"damage_healed":20,"gold_gain":0,"player_choice":"Writhe","damage_taken":0,"max_hp_gain":0,"max_hp_loss":0,"event_name":"Winding Halls","floor":44,"gold_loss":0,"cards_obtained":["Writhe"]}],"is_beta":false,"boss_relics":[{"not_picked":["Sozu","Tiny House"],"picked":"Philosopher\u0027s Stone"},{"not_picked":["Coffee Dripper","Busted Crown"],"picked":"Black Blood"}],"items_purged_floors":[21,38],"is_endless":false,"potions_floor_spawned":[2,6,7,8,13,16,19,27,31,35],"killed_by":"4 Shapes","ascension_level":0}}