{"host":"ox77rn1xcurm2t5a","time":1613516750,"event":{"mods":["2.2 Compatiblity","AchievementEnabler","Act Like it!","Aspiration","BaseMod","Best Route Mod","Better Match","Better Note","Better Sensory Stone","Block Reminder","Colored Map","Colored Powertips","Conjunction","Conspire","Custom Start","Energized Spire","GifTheSpireLib","Gold Saver","Gremlin Skip","Halation","Highlight Path","Hubris","Infinite Spire","Minty Spire (QoL Compilation)","Pale of the Ancients","Quick Restart","Replay The Spire","Reworked Bosses","ShortenTheSpire","Spire Exporter","StSLib","Stuff the Spire","Wandering Minibosses"],"gold_per_floor":[382,382,160,180,194,194,209,240,240],"floor_reached":8,"language":"ENG","playtime":90,"items_purged":["Defend_R"],"score":73,"play_id":"592097e0-91b0-40d9-9d6a-eb6c6a509ffc","local_time":"20210217010550","is_ascension_mode":true,"campfire_choices":[{"floor":6,"key":"RECALL"}],"circlet_count":0,"master_deck":["Strike_R+1","Strike_R","Strike_R+1","Strike_R","Strike_R","Defend_R","Defend_R","Defend_R","Bash+1","Clash","Heavy Blade","Seeing Red","Rampage"],"relics":["Burning Blood","NeowsBlessing","Whetstone","hubris:Zylophone"],"acts_visited":["Exordium"],"potions_floor_usage":[7,7],"damage_taken":[{"damage":0,"enemies":"Cultist","floor":1,"turns":1},{"damage":0,"enemies":"Jaw Worm","floor":4,"turns":1},{"damage":0,"enemies":"2 Louse","floor":5,"turns":1},{"damage":0,"enemies":"2 Fungi Beasts","floor":7,"turns":1},{"damage":25,"enemies":"Gremlin Nob","floor":8,"turns":4}],"seed_played":"7343850142482533690","potions_obtained":[{"floor":1,"key":"Explosive Potion"},{"floor":4,"key":"Adrenaline Potion"}],"is_trial":false,"path_per_floor":["M","?","$","M","M","R","M","E"],"character_chosen":"IRONCLAD","items_purchased":["Whetstone"],"campfire_rested":0,"item_purchase_floors":[3],"current_hp_per_floor":[80,80,80,80,80,80,80,61,61],"gold":240,"neow_bonus":"THREE_ENEMY_KILL","is_daily":false,"chose_seed":false,"campfire_upgraded":0,"win_rate":0.0,"timestamp":1613516750,"path_taken":["M","?","$","M","M","R","?","E"],"items_purchased_type":["Relic"],"build_version":"2020-12-22","purchased_purges":1,"victory":false,"max_hp_per_floor":[80,80,80,80,80,80,80,80,80],"card_choices":[{"not_picked":["Havoc","Reckless Charge"],"picked":"Clash","floor":1},{"not_picked":["hubris:CleavingFinish","Pummel"],"picked":"Heavy Blade","floor":4},{"not_picked":["ReplayTheSpireMod:Stacked","Ghostly Armor"],"picked":"Seeing Red","floor":5},{"not_picked":["Warcry","Evolve"],"picked":"Rampage","floor":7}],"player_experience":3136025,"relics_obtained":[{"floor":8,"key":"hubris:Zylophone"}],"event_choices":[{"damage_healed":0,"gold_gain":0,"player_choice":"Upgraded","damage_taken":0,"max_hp_gain":0,"max_hp_loss":0,"event_name":"Upgrade Shrine","floor":2,"gold_loss":0,"cards_upgraded":["Bash"]}],"is_beta":false,"boss_relics":[],"items_purged_floors":[3],"is_endless":false,"potions_floor_spawned":[1,4],"killed_by":"Gremlin Nob","ascension_level":5}}