{"host":"kg61lsvem4dxoat8","time":1613490602,"event":{"mods":["AchievementEnabler","BaseMod","Better Altar","Better Match","Better Sensory Stone","Better Skull","Block Reminder","Highlight Path","Minty Spire (QoL Compilation)","Quick Restart","Rare Cards Sparkle","Relic Sorter","Relic Stats","StSLib","Synergy Search","slay the spire mod where everything is the same but ironclad has a cowboy hat"],"gold_per_floor":[109,59,59,75,88,113,113,129,129,7,7,20,20,95,95,195,195,210,541,329,345,345,345,365,19,19,19,30,0,0,13,13,118,118,129,35,35,49,49,74,86,86],"floor_reached":41,"language":"ENG","playtime":963,"items_purged":["Strike_R"],"score":791,"play_id":"b490764c-a63c-471d-88e1-585278c541c4","local_time":"20210216235002","is_ascension_mode":true,"campfire_choices":[{"data":"Barricade","floor":7,"key":"SMITH"},{"floor":11,"key":"DIG"},{"floor":15,"key":"DIG"},{"floor":23,"key":"DIG"},{"floor":32,"key":"DIG"}],"circlet_count":0,"master_deck":["AscendersBane","Defend_R","Defend_R","Defend_R","Cleave","Barricade+1","Metallicize","Demon Form","Second Wind+1","Sword Boomerang+1","Heavy Blade+1","Good Instincts","Bloodletting+1","Demon Form","True Grit","Berserk","Shrug It Off+1","Shrug It Off","Limit Break"],"relics":["Burning Blood","NeowsBlessing","Mummified Hand","StrikeDummy","Shovel","Boot","HornCleat","Astrolabe","FossilizedHelix","Bag of Preparation","Bronze Scales","Pantograph","Mango","Strawberry","Philosopher\u0027s Stone","MawBank"],"acts_visited":["Exordium","TheCity","TheBeyond"],"potions_floor_usage":[6,6,16,16,20,28,31,33,33,38,40],"damage_taken":[{"damage":0,"enemies":"Jaw Worm","floor":1,"turns":1},{"damage":0,"enemies":"Cultist","floor":4,"turns":1},{"damage":0,"enemies":"2 Louse","floor":5,"turns":1},{"damage":0,"enemies":"Gremlin Nob","floor":6,"turns":2},{"damage":29,"enemies":"Lots of Slimes","floor":8,"turns":3},{"damage":0,"enemies":"Large Slime","floor":12,"turns":4},{"damage":22,"enemies":"Slime Boss","floor":16,"turns":11},{"damage":25,"enemies":"Spheric Guardian","floor":18,"turns":5},{"damage":1,"enemies":"Chosen","floor":21,"turns":4},{"damage":19,"enemies":"Snake Plant","floor":24,"turns":5},{"damage":9,"enemies":"Centurion and Healer","floor":28,"turns":5},{"damage":17,"enemies":"Shelled Parasite and Fungi","floor":31,"turns":5},{"damage":54,"enemies":"Collector","floor":33,"turns":8},{"damage":18,"enemies":"3 Shapes","floor":35,"turns":4},{"damage":0,"enemies":"Orb Walker","floor":38,"turns":3},{"damage":0,"enemies":"Giant Head","floor":40,"turns":8},{"damage":98,"enemies":"Transient","floor":41,"turns":3}],"seed_played":"7589672805501932147","potions_obtained":[{"floor":4,"key":"SneckoOil"},{"floor":5,"key":"AttackPotion"},{"floor":6,"key":"BloodPotion"},{"floor":16,"key":"BloodPotion"},{"floor":18,"key":"Dexterity Potion"},{"floor":24,"key":"DuplicationPotion"},{"floor":28,"key":"Energy Potion"},{"floor":35,"key":"Swift Potion"},{"floor":38,"key":"GamblersBrew"}],"is_trial":false,"path_per_floor":["M","?","T","M","M","E","R","M","T","$","R","M","?","?","R","B",null,"M","?","$","M","?","R","M","$","T","T","M","?","$","M","R","B",null,"M","$","?","M","?","E","M"],"character_chosen":"IRONCLAD","items_purchased":["Metallicize","Strength Potion","Good Instincts","Strength Potion","Bag of Preparation","Bronze Scales","True Grit","Shrug It Off","Energy Potion"],"campfire_rested":0,"item_purchase_floors":[10,10,20,20,25,25,25,36,36],"current_hp_per_floor":[78,78,78,80,80,80,80,57,57,57,57,63,68,57,57,58,78,59,34,51,56,56,56,43,43,43,57,54,54,54,43,50,27,86,74,74,74,80,80,86,0,0],"gold":86,"neow_bonus":"THREE_ENEMY_KILL","is_daily":false,"chose_seed":false,"campfire_upgraded":1,"win_rate":0.0,"timestamp":1613490602,"path_taken":["M","?","?","M","?","E","R","M","T","$","R","M","?","?","R","BOSS","M","?","$","?","?","R","?","$","T","?","M","?","?","M","R","BOSS","M","$","?","?","?","E","M"],"items_purchased_type":["Card","Potion","Card","Potion","Relic","Relic","Card","Card","Potion"],"build_version":"2020-12-22","purchased_purges":1,"victory":false,"max_hp_per_floor":[80,80,80,80,80,80,80,80,80,80,80,80,85,85,85,85,85,85,85,85,85,85,85,85,85,85,99,99,99,99,99,106,106,106,106,106,106,106,106,106,106,106],"relic_stats":{"Shovel":4,"counters":[17,73],"Mummified Hand":[53],"Astrolabe":["Second Wind","Sword Boomerang","Heavy Blade"],"Bronze Scales":[87],"Pantograph":25,"Bag of Preparation":[14],"Boot":[16],"MawBank":12,"obtain_stats":[{"NeowsBlessing":0,"Astrolabe":17,"Mango":27,"Bag of Preparation":25,"Boot":11,"MawBank":40,"Burning Blood":0,"Shovel":9,"HornCleat":15,"Mummified Hand":3,"Bronze Scales":25,"Pantograph":26,"Strawberry":32,"Philosopher\u0027s Stone":34,"StrikeDummy":6,"FossilizedHelix":23},{"NeowsBlessing":0,"Astrolabe":7,"Mango":10,"Bag of Preparation":10,"Boot":5,"MawBank":16,"Burning Blood":0,"Shovel":5,"HornCleat":6,"Mummified Hand":1,"Bronze Scales":10,"Pantograph":10,"Strawberry":12,"Philosopher\u0027s Stone":13,"StrikeDummy":4,"FossilizedHelix":9},{"NeowsBlessing":0,"Astrolabe":23,"Mango":37,"Bag of Preparation":37,"Boot":8,"MawBank":70,"Burning Blood":0,"Shovel":8,"HornCleat":12,"Mummified Hand":1,"Bronze Scales":37,"Pantograph":37,"Strawberry":47,"Philosopher\u0027s Stone":55,"StrikeDummy":5,"FossilizedHelix":32}],"Burning Blood":80},"card_choices":[{"not_picked":["Armaments","Havoc"],"picked":"Cleave","floor":1},{"not_picked":["Burning Pact","Anger","Armaments"],"picked":"SKIP","floor":4},{"not_picked":["Thunderclap","Armaments","Warcry"],"picked":"SKIP","floor":5},{"not_picked":["Rampage","Ghostly Armor"],"picked":"Barricade","floor":6},{"not_picked":["Dark Embrace","Headbutt","Cleave"],"picked":"SKIP","floor":8},{"not_picked":["Whirlwind","Evolve","Second Wind"],"picked":"SKIP","floor":12},{"not_picked":["Exhume","Fiend Fire"],"picked":"Demon Form","floor":16},{"not_picked":["Whirlwind","Pommel Strike","Burning Pact+1"],"picked":"SKIP","floor":18},{"not_picked":["Thunderclap","Perfected Strike"],"picked":"Bloodletting+1","floor":21},{"not_picked":["Cleave","Reckless Charge","Perfected Strike"],"picked":"SKIP","floor":24},{"not_picked":["Headbutt+1","Inflame+1","Flex"],"picked":"SKIP","floor":28},{"not_picked":["Second Wind","Headbutt+1","Havoc"],"picked":"SKIP","floor":31},{"not_picked":["Demon Form","Bludgeon"],"picked":"Berserk","floor":33},{"not_picked":["Wild Strike+1","Sword Boomerang+1"],"picked":"Shrug It Off+1","floor":35},{"not_picked":["Havoc+1","Bloodletting","Clash+1"],"picked":"SKIP","floor":38},{"not_picked":["Perfected Strike+1","Spot Weakness"],"picked":"Limit Break","floor":40}],"player_experience":1549077,"relics_obtained":[{"floor":3,"key":"Mummified Hand"},{"floor":6,"key":"StrikeDummy"},{"floor":9,"key":"Shovel"},{"floor":11,"key":"Boot"},{"floor":15,"key":"HornCleat"},{"floor":23,"key":"FossilizedHelix"},{"floor":26,"key":"Pantograph"},{"floor":27,"key":"Mango"},{"floor":32,"key":"Strawberry"},{"floor":40,"key":"MawBank"}],"event_choices":[{"cards_removed":["Strike_R"],"damage_healed":0,"gold_gain":0,"player_choice":"Card Removal","damage_taken":0,"max_hp_gain":0,"max_hp_loss":0,"event_name":"The Cleric","floor":2,"gold_loss":50},{"damage_healed":0,"gold_gain":0,"player_choice":"Donut","damage_taken":0,"max_hp_gain":5,"max_hp_loss":0,"event_name":"Big Fish","floor":13,"gold_loss":0},{"damage_healed":0,"gold_gain":75,"player_choice":"Gather Gold","damage_taken":11,"max_hp_gain":0,"max_hp_loss":0,"event_name":"World of Goop","floor":14,"gold_loss":0},{"damage_healed":0,"gold_gain":331,"player_choice":"GO GO GO ","damage_taken":28,"relics_obtained":[],"max_hp_gain":0,"max_hp_loss":0,"event_name":"betterSkull:BetterSkull","floor":19,"gold_loss":0,"cards_upgraded":[]},{"damage_healed":0,"gold_gain":0,"player_choice":"Copied","damage_taken":0,"max_hp_gain":0,"max_hp_loss":0,"event_name":"Duplicator","floor":22,"gold_loss":0,"cards_obtained":["Demon Form"]},{"damage_healed":0,"gold_gain":0,"player_choice":"Paid Fearfully","damage_taken":0,"max_hp_gain":0,"max_hp_loss":0,"event_name":"Masked Bandits","floor":29,"gold_loss":30},{"cards_removed":["Strike_R"],"damage_healed":0,"gold_gain":0,"player_choice":"Purged","damage_taken":0,"max_hp_gain":0,"max_hp_loss":0,"event_name":"Purifier","floor":37,"gold_loss":0},{"cards_removed":["Bash"],"damage_healed":0,"gold_gain":0,"player_choice":"Removed Attack","damage_taken":0,"max_hp_gain":0,"max_hp_loss":0,"event_name":"Falling","floor":39,"gold_loss":0}],"is_beta":false,"boss_relics":[{"not_picked":["SacredBark","Empty Cage"],"picked":"Astrolabe"},{"not_picked":["SlaversCollar","Black Blood"],"picked":"Philosopher\u0027s Stone"}],"items_purged_floors":[20],"is_endless":false,"potions_floor_spawned":[4,5,6,16,18,24,28,35,38],"killed_by":"Transient","ascension_level":10}}