{"host":"43wsnxh97mgjl5zw","time":1613478892,"event":{"mods":["Aspiration","BaseMod","Colored Map","Colored Powertips","Conspire","Downfall","Halation","Hubris","Minty Spire (QoL Compilation)","Quick Restart","Rare Cards Sparkle","Relic Sorter","Replay The Spire","StSLib"],"gold_per_floor":[111,130,145,33,33,33,59,59,85,114,128,143,157,157,157,235,235,235,235],"floor_reached":18,"language":"ENG","playtime":653,"items_purged":[],"score":344,"play_id":"cb898d3e-20fa-4fed-8ae2-48bebae7e07d","local_time":"20210216143452","is_ascension_mode":true,"campfire_choices":[{"data":"Uppercut","floor":6,"key":"SMITH"},{"data":"Barricade","floor":8,"key":"SMITH"},{"data":"conspire:Charge","floor":15,"key":"SMITH"}],"circlet_count":0,"master_deck":["AscendersBane","Defend_R","Defend_R","Defend_R","Defend_R","Uppercut+1","Cleave","Fire Breathing","Disarm","Perfected Strike+1","Pommel Strike","Barricade+1","conspire:Charge+1","hubris:StunningStrike","downfall:Bewildered","Looming Evil"],"relics":["Burning Blood","aspiration:Nostalgia","hexamod:SpiritBrand","Replay:Bottled Steam","halation:QuantumPhysicsTextbook","halation:EternalFortune","Kintsugi"],"acts_visited":["Exordium","TheCity"],"potions_floor_usage":[7,7,11,18],"damage_taken":[{"damage":7,"enemies":"Cultist","floor":1,"turns":4},{"damage":4,"enemies":"Jaw Worm","floor":2,"turns":3},{"damage":3,"enemies":"Small Slimes","floor":3,"turns":2},{"damage":11,"enemies":"Lagavulin","floor":7,"turns":6},{"damage":30,"enemies":"3 Sentries","floor":10,"turns":5},{"damage":10,"enemies":"3 Louse","floor":11,"turns":3},{"damage":11,"enemies":"Large Slime","floor":12,"turns":6},{"damage":9,"enemies":"Exordium Wildlife","floor":13,"turns":4},{"damage":19,"enemies":"Hexaghost","floor":16,"turns":9},{"damage":66,"enemies":"conspire:FuzzyDice","floor":18,"turns":5}],"seed_played":"6619599983000102392","potions_obtained":[{"floor":2,"key":"Energy Potion"},{"floor":3,"key":"PowerPotion"},{"floor":10,"key":"SteroidPotion"},{"floor":11,"key":"BlessingOfTheForge"},{"floor":16,"key":"Weak Potion"}],"is_trial":false,"path_per_floor":["M","M","M","$","?","R","E","R","T","E","M","M","M","?","R","B",null,"M"],"character_chosen":"IRONCLAD","items_purchased":["Disarm","Perfected Strike+1"],"campfire_rested":0,"item_purchase_floors":[4,4],"current_hp_per_floor":[67,69,72,72,72,72,67,67,67,43,39,34,31,34,34,21,64,0,0],"gold":235,"neow_bonus":"NOSTALGIA","is_daily":false,"chose_seed":false,"campfire_upgraded":3,"win_rate":0.0,"timestamp":1613478892,"path_taken":["M","?","M","?","?","R","E","R","T","E","M","M","?","?","R","BOSS","M"],"items_purchased_type":["Card","Card"],"build_version":"2020-12-22","purchased_purges":0,"victory":false,"max_hp_per_floor":[75,75,75,75,75,75,75,75,75,75,75,75,75,78,78,78,78,78,78],"card_choices":[{"not_picked":["Flex","Reckless Charge"],"picked":"Uppercut","floor":1},{"not_picked":["Clash","Shrug It Off"],"picked":"Cleave","floor":2},{"not_picked":["Entrench","Wild Strike"],"picked":"Fire Breathing","floor":3},{"not_picked":["Burning Pact","ReplayTheSpireMod:Corrosion Curse"],"picked":"Barricade","floor":7},{"not_picked":["Rampage","hubris:CleavingFinish","Infernal Blade"],"picked":"SKIP","floor":10},{"not_picked":["Dropkick","Clash","True Grit"],"picked":"SKIP","floor":11},{"not_picked":["Flex","hubris:ReadiedAction","Run Through"],"picked":"SKIP","floor":12},{"not_picked":["Sever Soul","Flex"],"picked":"conspire:Charge","floor":13},{"not_picked":["Fiend Fire","Hemogenesis"],"picked":"hubris:StunningStrike","floor":16}],"player_experience":1251422,"relics_obtained":[{"floor":7,"key":"Replay:Bottled Steam"},{"floor":10,"key":"halation:QuantumPhysicsTextbook"}],"event_choices":[{"damage_healed":0,"gold_gain":0,"cards_transformed":["Strike_R"],"player_choice":"Transformed","damage_taken":0,"max_hp_gain":0,"max_hp_loss":0,"event_name":"Transmorgrifier","floor":5,"gold_loss":0,"cards_obtained":["Pommel Strike"]}],"is_beta":false,"boss_relics":[{"not_picked":["aspiration:SecretTechniqueScroll","Honey Jar"],"picked":"Kintsugi"}],"items_purged_floors":[],"is_endless":false,"potions_floor_spawned":[2,3,10,11,16],"killed_by":"conspire:FuzzyDice","ascension_level":20}}