{"host":"egwexuw5uvnxf11j","time":1613451048,"event":{"mods":["2.2 Compatiblity","Aspiration","BaseMod","Better Note","Better Sensory Stone","Better Third Choice","Displayed Cursed Tome","Downfall","Hermit","Key Reminder","Koishi","Marisa????????","Minty Spire (QoL Compilation)","Quick Restart","Shade Mod","Spicy Shops","StSLib","The Construct","The Cursed","The Runesmith","The Senshi","The Servant 0.9.4","Transform Curses"],"gold_per_floor":[117,117,130,130,130,162,178,178,178,208,220,236,246,266,266,368,368,378,3,3,20,20,45,45,73,100,113,113,140,140,140,140,239,239,257,273,548,227,241,275,290,290,313,328,328,328],"floor_reached":45,"language":"ENG","playtime":2506,"items_purged":[],"score":597,"play_id":"7c89c612-7466-4a5b-93da-6871bfcc82c7","local_time":"20210215235048","is_ascension_mode":true,"campfire_choices":[{"floor":8,"key":"REST"},{"floor":15,"key":"REST"},{"floor":24,"key":"REST"},{"floor":28,"key":"REST"},{"floor":32,"key":"REST"},{"floor":42,"key":"REST"}],"circlet_count":0,"master_deck":["hermit:Defend_Hermit","hermit:Defend_Hermit","hermit:Defend_Hermit","hermit:Defend_Hermit","hermit:Snapshot","hermit:Covet","hermit:GoldenBullet","hermit:Vantage","hermit:HoleUp","CurseOfTheBell","CurseOfTheBell","hermit:EyeOfTheStorm","hermit:Snipe","hermit:PistolWhip","hermit:GhostlyPresence","hermit:Horror","hermit:Deadeye","hermit:Headshot+1","hermit:DeadOrAlive","hermit:Malice","hermit:Brawl+1","hermit:Feint","hermit:WideOpen","hermit:SprayPray+1","hermit:RoundhouseKick","hermit:Snipe","hermit:Headshot","Bite","Bite","Bite","Bite","Bite","hermit:FatalDesire+1","hermit:ItchyTrigger+1","hermit:TakeAim+1","Regret","hermit:Quickdraw","Swift Strike","hermit:CalledShot+1","hermit:Shortfuse","hermit:TrackingShot","hermit:Determination+1"],"relics":["hermit:Momento","Bottled Flame","downfall:ExtraCursedBell","Vajra","White Beast Statue","aspiration:AnachronicSnailShell","aspiration:SeaSaltIceCream","Unceasing Top","Kunai","Frozen Egg 2","Pantograph","keyreminder:keyreminder","Empty Cage","hermit:CharredGlove","InkBottle","construct:FoamFinger","construct:ClawGrip","PreservedInsect","Pear","Regal Pillow"],"acts_visited":["Exordium","TheCity","TheBeyond"],"potions_floor_usage":[16,16,16,21,23,23,25,27,27,29,33,33,33,36,40,40],"damage_taken":[{"damage":1,"enemies":"Cultist","floor":1,"turns":3},{"damage":5,"enemies":"Small Slimes","floor":3,"turns":4},{"damage":15,"enemies":"3 Sentries","floor":6,"turns":12},{"damage":0,"enemies":"Jaw Worm","floor":7,"turns":3},{"damage":10,"enemies":"Lagavulin","floor":10,"turns":9},{"damage":15,"enemies":"Looter","floor":11,"turns":5},{"damage":9,"enemies":"Lots of Slimes","floor":12,"turns":5},{"damage":7,"enemies":"Blue Slaver","floor":13,"turns":7},{"damage":0,"enemies":"Looter","floor":14,"turns":1},{"damage":19,"enemies":"The Guardian","floor":16,"turns":7},{"damage":19,"enemies":"Shell Parasite","floor":18,"turns":7},{"damage":10,"enemies":"Spheric Guardian","floor":21,"turns":4},{"damage":14,"enemies":"Book of Stabbing","floor":23,"turns":5},{"damage":40,"enemies":"Gremlin Leader","floor":25,"turns":6},{"damage":11,"enemies":"Shelled Parasite and Fungi","floor":27,"turns":4},{"damage":12,"enemies":"Sentry and Sphere","floor":29,"turns":4},{"damage":66,"enemies":"Automaton","floor":33,"turns":12},{"damage":5,"enemies":"Orb Walker","floor":35,"turns":3},{"damage":24,"enemies":"3 Darklings","floor":36,"turns":3},{"damage":5,"enemies":"Jaw Worm Horde","floor":39,"turns":3},{"damage":53,"enemies":"Reptomancer","floor":40,"turns":5},{"damage":21,"enemies":"Transient","floor":41,"turns":5},{"damage":36,"enemies":"4 Shapes","floor":44,"turns":5},{"damage":4,"enemies":"Nemesis","floor":45,"turns":1}],"seed_played":"-3323522564147831016","potions_obtained":[{"floor":6,"key":"DuplicationPotion"},{"floor":7,"key":"Guardian:BlockOnCardUsePotion"},{"floor":10,"key":"Dexterity Potion"},{"floor":11,"key":"AttackPotion"},{"floor":13,"key":"CultistPotion"},{"floor":16,"key":"Fruit Juice"},{"floor":18,"key":"AttackPotion"},{"floor":21,"key":"Weak Potion"},{"floor":23,"key":"champ:CounterPotion"},{"floor":25,"key":"EntropicBrew"},{"floor":27,"key":"Weak Potion"},{"floor":29,"key":"champ:CounterPotion"},{"floor":33,"key":"EssenceOfSteel"},{"floor":35,"key":"hexamod:SoulburnPotion"},{"floor":36,"key":"DuplicationPotion"},{"floor":39,"key":"SteroidPotion"},{"floor":41,"key":"construct:ShiftPotion"},{"floor":44,"key":"champ:CounterPotion"}],"is_trial":false,"path_per_floor":["M","T","M","?","T","E","M","R","T","E","M","M","M","M","R","B",null,"M","$","?","M","$","E","R","E","T","M","R","M","?","?","R","B",null,"M","M","?","$","M","E","M","R","T","M","E"],"character_chosen":"HERMIT","items_purchased":["hermit:Brawl+1","hermit:CharredGlove","hermit:Feint","PreservedInsect","hermit:Quickdraw","Swift Strike"],"campfire_rested":6,"item_purchase_floors":[19,19,19,38,38,38],"current_hp_per_floor":[74,74,69,69,69,54,54,75,75,65,50,41,34,34,56,61,80,61,61,61,51,51,37,61,21,21,12,36,26,26,26,50,23,80,77,55,55,55,56,19,6,33,33,3,0,0],"gold":328,"neow_bonus":"THREE_CARDS","is_daily":false,"chose_seed":false,"campfire_upgraded":0,"win_rate":0.0,"timestamp":1613451048,"path_taken":["M","?","M","?","?","E","M","R","T","E","M","M","M","M","R","BOSS","M","$","?","M","$","E","R","E","T","?","R","M","?","?","R","BOSS","M","M","?","$","M","E","M","R","T","M","E"],"items_purchased_type":["Card","Relic","Card","Relic","Card","Card"],"build_version":"2020-12-22","purchased_purges":0,"victory":false,"max_hp_per_floor":[75,75,75,75,75,75,75,75,75,75,75,75,75,75,75,80,80,80,80,80,80,80,80,80,80,80,80,80,80,80,80,80,80,80,80,80,80,80,80,90,90,90,90,90,90,90],"card_choices":[{"not_picked":["hermit:Roulette","hermit:BodyArmor"],"picked":"hermit:GoldenBullet","floor":0},{"not_picked":["hermit:Roulette","hermit:Quickdraw"],"picked":"hermit:Vantage","floor":1},{"not_picked":["hermit:BodyArmor","hermit:HighCaliber"],"picked":"hermit:HoleUp","floor":3},{"not_picked":["hermit:Adapt","hermit:TrackingShot"],"picked":"hermit:EyeOfTheStorm","floor":6},{"not_picked":["hermit:Virtue","hermit:Roulette"],"picked":"hermit:Snipe","floor":7},{"not_picked":["hermit:Scavenge","hermit:Gestalt"],"picked":"hermit:PistolWhip","floor":10},{"not_picked":["hermit:TakeAim+1","hermit:Gestalt"],"picked":"hermit:GhostlyPresence","floor":11},{"not_picked":["hermit:HoleUp","hermit:Vantage"],"picked":"hermit:Horror","floor":12},{"not_picked":["hermit:Shortfuse","hermit:Roulette"],"picked":"hermit:Deadeye","floor":13},{"not_picked":["hermit:Cheat","hermit:Virtue"],"picked":"hermit:Headshot","floor":14},{"not_picked":["hermit:HighNoon+1","hermit:EternalForm+1"],"picked":"hermit:DeadOrAlive","floor":16},{"not_picked":["hermit:BodyArmor","hermit:Manifest"],"picked":"hermit:Malice","floor":18},{"not_picked":["hermit:Coalescence+1","hermit:Combo+1"],"picked":"hermit:WideOpen","floor":21},{"not_picked":["hermit:TakeCover","hermit:Coalescence"],"picked":"hermit:SprayPray+1","floor":23},{"not_picked":["hermit:EyeOfTheStorm","hermit:Brawl+1"],"picked":"hermit:RoundhouseKick","floor":25},{"not_picked":["hermit:Feint","hermit:Desperado"],"picked":"hermit:Snipe","floor":27},{"not_picked":["hermit:DeadMansHand","hermit:FlashPowder"],"picked":"hermit:Headshot","floor":29},{"not_picked":["hermit:FromBeyond","hermit:Purgatory"],"picked":"hermit:FatalDesire+1","floor":33},{"not_picked":["hermit:Scavenge+1","hermit:BodyArmor"],"picked":"hermit:ItchyTrigger+1","floor":35},{"not_picked":["hermit:Desperado","hermit:Determination+1"],"picked":"hermit:TakeAim+1","floor":36},{"not_picked":["hermit:FlashPowder+1","hermit:HoleUp"],"picked":"hermit:CalledShot+1","floor":39},{"not_picked":["hermit:Roulette","hermit:HoleUp+1"],"picked":"hermit:Shortfuse","floor":40},{"not_picked":["hermit:Scavenge","hermit:Showdown"],"picked":"hermit:TrackingShot","floor":41},{"not_picked":["hermit:HighCaliber+1","hermit:LoneWolf+1"],"picked":"hermit:Determination+1","floor":44}],"player_experience":2086319,"relics_obtained":[{"floor":2,"key":"Bottled Flame"},{"floor":4,"key":"Vajra"},{"floor":4,"key":"White Beast Statue"},{"floor":4,"key":"aspiration:AnachronicSnailShell"},{"floor":5,"key":"aspiration:SeaSaltIceCream"},{"floor":6,"key":"Kunai"},{"floor":9,"key":"Frozen Egg 2"},{"floor":10,"key":"Pantograph"},{"floor":23,"key":"InkBottle"},{"floor":25,"key":"construct:FoamFinger"},{"floor":26,"key":"Blood Vial"},{"floor":40,"key":"Pear"},{"floor":43,"key":"Regal Pillow"}],"event_choices":[{"damage_healed":0,"gold_gain":0,"player_choice":"Upgraded","damage_taken":0,"max_hp_gain":0,"max_hp_loss":0,"event_name":"Upgrade Shrine","floor":20,"gold_loss":0,"cards_upgraded":["hermit:Headshot"]},{"damage_healed":0,"gold_gain":0,"player_choice":"Became a vampire (Vial)","damage_taken":0,"max_hp_gain":0,"max_hp_loss":0,"event_name":"Vampires","floor":30,"relics_lost":["Blood Vial"],"gold_loss":0,"cards_obtained":["Bite","Bite","Bite","Bite","Bite"]},{"damage_healed":0,"gold_gain":275,"player_choice":"Desecrate","damage_taken":0,"max_hp_gain":0,"max_hp_loss":0,"event_name":"Golden Shrine","floor":37,"gold_loss":0,"cards_obtained":["Regret"]}],"is_beta":false,"boss_relics":[{"not_picked":["SlaversCollar","Astrolabe"],"picked":"Empty Cage"},{"not_picked":["aspiration:RunicSpoon","hermit:ClaspedLocket"],"picked":"construct:ClawGrip"}],"items_purged_floors":[],"is_endless":false,"potions_floor_spawned":[6,7,10,11,12,13,14,16,18,21,23,25,27,29,33,35,36,39,40,41,44],"killed_by":"Nemesis","ascension_level":1}}