{"host":"r5cycnjhcbwgkpkf","time":1613494600,"event":{"mods":["2.2 Compatiblity","AchievementEnabler","BaseMod","Bestiary","Better Altar","Better Match","Better Note","Better Skull","Better Third Choice","BetterRewards","Colored Map","Colored Powertips","Infinite Spire","Minty Spire (QoL Compilation)","Reliquary","Replay The Spire","Spicy Shops","StSLib"],"gold_per_floor":[118,83,99,99,116,116,150,150,150,195,218,230,242,265,277,366,378,410,422,434,463,475,487,509,537,549,575,587,615,269,67,67,67,67],"floor_reached":33,"language":"ENG","playtime":1591,"items_purged":["Strike_B","Strike_B"],"score":688,"play_id":"4a1d34b2-c93c-4a34-bdee-e798bec36e56","local_time":"20210216085640","is_ascension_mode":true,"campfire_choices":[{"data":"Scrape","floor":6.0,"key":"SMITH"},{"data":"Sweeping Beam","floor":8.0,"key":"SMITH"},{"floor":13.0,"key":"REST"},{"data":"Beam Cell","floor":15.0,"key":"SMITH"},{"data":"Go for the Eyes","floor":23,"key":"SMITH"},{"floor":32,"key":"REST"}],"circlet_count":0,"master_deck":["AscendersBane","Strike_B","Strike_B","Defend_B","Defend_B","Defend_B","Defend_B","Zap","Dualcast","Scrape+1","Sweeping Beam+1","Chill","Go for the Eyes+1","Coolheaded","FTL","Beam Cell+1","Machine Learning","Hologram","Glacier"],"relics":["Cracked Core","TungstenRod","HandDrill","Regal Pillow","PreservedInsect","Matryoshka","Happy Flower","MawBank","Bronze Scales","Pet Ghost","ReplayTheSpireMod:Lightbulb","reliquary:QuartzCube","ReplayTheSpireMod:Ninjato","Membership Card"],"acts_visited":["Exordium","TheCity"],"potions_floor_usage":[29,33],"damage_taken":[{"damage":0.0,"enemies":"2 Louse","floor":1.0,"turns":2.0},{"damage":0.0,"enemies":"Jaw Worm","floor":3.0,"turns":2.0},{"damage":0.0,"enemies":"Small Slimes","floor":5.0,"turns":2.0},{"damage":0.0,"enemies":"Gremlin Nob","floor":7.0,"turns":4.0},{"damage":9.0,"enemies":"Lagavulin","floor":10.0,"turns":5.0},{"damage":4.0,"enemies":"Blue Slaver","floor":11.0,"turns":3.0},{"damage":3.0,"enemies":"Looter","floor":14.0,"turns":3.0},{"damage":37.0,"enemies":"Fading Forest","floor":16.0,"turns":11.0},{"damage":0.0,"enemies":"3 Byrds","floor":18.0,"turns":3.0},{"damage":1,"enemies":"Shell Parasite","floor":21,"turns":3},{"damage":5,"enemies":"Centurion and Healer","floor":24,"turns":5},{"damage":10,"enemies":"Sentry and Sphere","floor":25,"turns":4},{"damage":9,"enemies":"Shelled Parasite and Fungi","floor":27,"turns":4},{"damage":23,"enemies":"Colosseum Slavers","floor":28,"turns":3},{"damage":4,"enemies":"Snake Plant","floor":29,"turns":3},{"damage":56,"enemies":"Automaton","floor":33,"turns":6}],"seed_played":"-1855534934364563235","potions_obtained":[{"floor":1.0,"key":"PotionOfCapacity"},{"floor":5.0,"key":"FocusPotion"},{"floor":7.0,"key":"Languid Potion"},{"floor":11.0,"key":"Block Potion"},{"floor":29,"key":"FocusPotion"}],"is_trial":false,"path_per_floor":["M","?","M","?","M","R","E","R","T","E","M","?","R","M","R","B",null,"M","?","AVR","M","?","R","M","M","T","M","?","M","$","$","R","B"],"character_chosen":"DEFECT","items_purchased":["Scrape","Sweeping Beam","TungstenRod","HandDrill","Regal Pillow","PreservedInsect","Block Potion","ReplayTheSpireMod:Ninjato","Hologram","Membership Card","Glacier"],"campfire_rested":2,"item_purchase_floors":[0,0,0,0,0,0,0,30,30,31,31],"current_hp_per_floor":[36,53,53,53,53,53,53,53,53,44,40,45,76,73,73,36,66,66,66,66,65,65,65,60,50,50,41,18,14,14,14,51,0,0],"gold":67,"neow_bonus":"","is_daily":false,"chose_seed":false,"campfire_upgraded":4,"win_rate":0.0,"timestamp":1613494600,"path_taken":["M","?","M","?","M","R","E","R","T","E","M","?","R","M","R","BOSS","M","?","AVR","M","?","R","M","M","T","M","?","M","?","$","R","BOSS"],"items_purchased_type":["Card","Card","Relic","Relic","Relic","Relic","Potion","Relic","Card","Relic","Card"],"build_version":"2020-12-22","purchased_purges":2,"victory":false,"max_hp_per_floor":[71,71,71,71,71,71,71,71,71,71,71,76,76,76,76,76,76,76,76,76,76,76,76,76,76,76,76,76,76,76,76,76,76,76],"card_choices":[{"not_picked":["Force Field","Redo"],"picked":"Chill","floor":1.0},{"not_picked":["Hologram","ReplayTheSpireMod:GoodbyeWorld"],"picked":"Go for the Eyes","floor":3.0},{"not_picked":["Time Bomb","Doom and Gloom","Echo Form"],"picked":"SKIP","floor":5.0},{"not_picked":["Streamline","Stack"],"picked":"Coolheaded","floor":7.0},{"not_picked":["Sweeping Beam","Darkness","Ball Lightning"],"picked":"SKIP","floor":10.0},{"not_picked":["Turbo","Streamline"],"picked":"FTL","floor":11.0},{"not_picked":["Redo","Lockon"],"picked":"Beam Cell","floor":14.0},{"not_picked":["Hello World+1","Ball Lightning","Defragment"],"picked":"SKIP","floor":18.0},{"not_picked":["Coolheaded","Streamline","Hologram"],"picked":"SKIP","floor":21},{"not_picked":["White Noise","Sweeping Beam","Consume"],"picked":"SKIP","floor":24},{"not_picked":["Glacier","Streamline","Barrage"],"picked":"SKIP","floor":25},{"not_picked":["Compile Driver","Force Field","Barrage"],"picked":"SKIP","floor":27},{"not_picked":["Ball Lightning","Sweeping Beam"],"picked":"Machine Learning","floor":29}],"player_experience":425822,"relics_obtained":[{"floor":7.0,"key":"Matryoshka"},{"floor":9.0,"key":"Happy Flower"},{"floor":9.0,"key":"MawBank"},{"floor":10.0,"key":"Bronze Scales"},{"floor":26,"key":"ReplayTheSpireMod:Lightbulb"},{"floor":26,"key":"reliquary:QuartzCube"}],"event_choices":[{"damage_healed":17.0,"max_hp_gain":0.0,"max_hp_loss":0.0,"gold_gain":0.0,"event_name":"The Cleric","player_choice":"Healed","floor":2.0,"gold_loss":35.0,"damage_taken":0.0},{"damage_healed":0.0,"max_hp_gain":5.0,"max_hp_loss":0.0,"gold_gain":0.0,"event_name":"Big Fish","player_choice":"Donut","floor":12.0,"gold_loss":0.0,"damage_taken":0.0},{"damage_healed":0,"gold_gain":0,"player_choice":"Ignored","damage_taken":0,"max_hp_gain":0,"max_hp_loss":0,"event_name":"Vampires","floor":22,"gold_loss":0},{"damage_healed":0,"gold_gain":0,"player_choice":"Fight","damage_taken":0,"max_hp_gain":0,"max_hp_loss":0,"event_name":"Colosseum","floor":28,"gold_loss":0},{"damage_healed":0,"gold_gain":0,"player_choice":"Fled From Nobs","damage_taken":0,"max_hp_gain":0,"max_hp_loss":0,"event_name":"Colosseum","floor":28,"gold_loss":0}],"is_beta":false,"boss_relics":[{"not_picked":["Busted Crown","reliquary:Craggleroot","reliquary:KinkedSpring"]}],"items_purged_floors":[0,20],"is_endless":false,"potions_floor_spawned":[1,5,7,11,21,27,28,29],"killed_by":"Automaton","ascension_level":16}}