{"host":"nb3r5a3er9rrnn3n","time":1613474450,"event":{"mods":["Always Whale","BaseMod","Colored Map","Minty Spire (QoL Compilation)","Relic Stats","StSLib","everything is the same but u backflip on backflip"],"gold_per_floor":[19,34,54,54,66,93,104,104,158,186,245,271,271,291,291,291,291],"floor_reached":16,"language":"ENG","playtime":603,"items_purged":[],"score":344,"play_id":"fafd4bcb-da70-495d-bd9b-ed1b8b072328","local_time":"20210216222050","is_ascension_mode":true,"campfire_choices":[{"floor":8.0,"key":"REST"},{"floor":15,"key":"REST"}],"circlet_count":0,"master_deck":["AscendersBane","Strike_P","Strike_P","Strike_P","Strike_P","Defend_P+1","Defend_P","Defend_P","Defend_P","Eruption+1","Vigilance","Brilliance","CrushJoints","Wallop","FearNoEvil+1","FlurryOfBlows","LessonLearned","Evaluate","Protect","Adaptation","ThirdEye"],"relics":["PureWater","Shuriken","Art of War","StrikeDummy","PreservedInsect","Gremlin Horn","Nunchaku"],"acts_visited":["Exordium"],"potions_floor_usage":[12],"damage_taken":[{"damage":0.0,"enemies":"Cultist","floor":1.0,"turns":2.0},{"damage":12.0,"enemies":"Jaw Worm","floor":2.0,"turns":4.0},{"damage":0.0,"enemies":"2 Louse","floor":3.0,"turns":3.0},{"damage":6.0,"enemies":"Exordium Thugs","floor":5.0,"turns":4.0},{"damage":26.0,"enemies":"Lagavulin","floor":6.0,"turns":10.0},{"damage":4.0,"enemies":"Red Slaver","floor":7.0,"turns":4.0},{"damage":0.0,"enemies":"Gremlin Nob","floor":10.0,"turns":3.0},{"damage":32.0,"enemies":"Gremlin Nob","floor":11.0,"turns":4.0},{"damage":0,"enemies":"3 Sentries","floor":12,"turns":7},{"damage":0,"enemies":"Blue Slaver","floor":14,"turns":2},{"damage":34,"enemies":"The Guardian","floor":16,"turns":8}],"seed_played":"4313802503476592353","potions_obtained":[{"floor":2.0,"key":"SkillPotion"},{"floor":5.0,"key":"Block Potion"},{"floor":11.0,"key":"SkillPotion"},{"floor":12,"key":"BlessingOfTheForge"},{"floor":14,"key":"SmokeBomb"}],"is_trial":false,"path_per_floor":["M","M","M","$","M","E","M","R","T","E","?","E","?","M","R","B"],"character_chosen":"WATCHER","items_purchased":[],"campfire_rested":2,"item_purchase_floors":[],"current_hp_per_floor":[61,49,49,49,43,17,13,33,33,33,1,1,1,1,21,0,0],"gold":291,"neow_bonus":"THREE_RARE_CARDS","is_daily":false,"chose_seed":false,"campfire_upgraded":0,"win_rate":0.0,"timestamp":1613474450,"path_taken":["M","M","M","$","?","E","M","R","T","E","?","E","?","M","R","BOSS"],"items_purchased_type":[],"build_version":"2020-12-22","purchased_purges":0,"victory":false,"max_hp_per_floor":[68,68,68,68,68,68,68,68,68,68,68,68,68,68,68,68,68],"relic_stats":{"Nunchaku":[2],"Gremlin Horn":[0,0],"counters":[11,51],"Shuriken":[11],"PreservedInsect":34,"Art of War":[2],"obtain_stats":[{"Nunchaku":13,"Gremlin Horn":12,"Shuriken":6,"PreservedInsect":11,"Art of War":9,"PureWater":0,"StrikeDummy":10},{"Nunchaku":9,"Gremlin Horn":9,"Shuriken":5,"PreservedInsect":8,"Art of War":6,"PureWater":0,"StrikeDummy":7},{"Nunchaku":41,"Gremlin Horn":41,"Shuriken":23,"PreservedInsect":34,"Art of War":27,"PureWater":0,"StrikeDummy":30}]},"card_choices":[{"not_picked":["ConjureBlade","Judgement"],"picked":"Brilliance","floor":0.0},{"not_picked":["JustLucky","EmptyBody"],"picked":"CrushJoints","floor":1.0},{"not_picked":["EmptyFist","SashWhip"],"picked":"Wallop","floor":2.0},{"not_picked":["Swivel","EmptyFist"],"picked":"FearNoEvil","floor":3.0},{"not_picked":["CutThroughFate","FlyingSleeves"],"picked":"FlurryOfBlows","floor":5.0},{"not_picked":["EmptyBody","FearNoEvil"],"picked":"LessonLearned","floor":6.0},{"not_picked":["FlyingSleeves","Crescendo"],"picked":"Evaluate","floor":7.0},{"not_picked":["Consecrate","Meditate"],"picked":"Protect","floor":10.0},{"not_picked":["LikeWater","FlurryOfBlows"],"picked":"Adaptation","floor":11.0},{"not_picked":["EmptyFist","Swivel","JustLucky"],"picked":"SKIP","floor":12},{"not_picked":["CutThroughFate","JustLucky"],"picked":"ThirdEye","floor":14}],"player_experience":1655744,"relics_obtained":[{"floor":6.0,"key":"Shuriken"},{"floor":9.0,"key":"Art of War"},{"floor":10.0,"key":"StrikeDummy"},{"floor":11.0,"key":"PreservedInsect"},{"floor":12,"key":"Gremlin Horn"}],"event_choices":[{"damage_healed":0.0,"max_hp_gain":0.0,"max_hp_loss":0.0,"gold_gain":30.0,"event_name":"Dead Adventurer","player_choice":"Searched \u00272\u0027 times","floor":11.0,"gold_loss":0.0,"damage_taken":0.0},{"damage_healed":0,"gold_gain":0,"player_choice":"Gave Potion","damage_taken":0,"relics_obtained":["Nunchaku"],"max_hp_gain":0,"max_hp_loss":0,"event_name":"WeMeetAgain","floor":13,"gold_loss":0}],"is_beta":false,"boss_relics":[],"items_purged_floors":[],"is_endless":false,"potions_floor_spawned":[2,5,11,12,14],"killed_by":"The Guardian","ascension_level":20}}