{"host":"ne5hixkhdtkevwwo","time":1613437653,"event":{"mods":["BaseMod","Downfall","Minty Spire (QoL Compilation)","Relic Stats","StSLib"],"gold_per_floor":[99,99,99,99,114,114,114,139,39,55,66,94,14,14,35,137,137,137,161,186,206,42,42,42,42,42,42,64,64,64,87,87,87,87],"floor_reached":32,"language":"ENG","playtime":2376,"items_purged":[],"score":297,"play_id":"b7492f5b-a5ab-47f0-a473-834e2fed664f","local_time":"20210216020733","is_ascension_mode":true,"campfire_choices":[{"data":"hexamod:Float","floor":1.0,"key":"SMITH"},{"data":"hexamod:NightmareStrike","floor":6.0,"key":"SMITH"},{"floor":9.0,"key":"REST"},{"data":"hexamod:ForkedFlame","floor":18.0,"key":"SMITH"},{"floor":23,"key":"REST"},{"data":"1","floor":26,"key":"LIFT"},{"floor":30,"key":"REST"}],"circlet_count":0,"master_deck":["hexamod:Strike","hexamod:Strike","hexamod:Defend","hexamod:Defend","hexamod:Defend","hexamod:Defend","hexamod:Sear+1","hexamod:Float+1","hexamod:NightmareGuise+1","hexamod:NightmareStrike+1","hexamod:ThermalTransfer","hexamod:ThirdSeal","hexamod:SearingWound","hexamod:TurnItUp+1","hexamod:Incineration","hexamod:SecondSeal","hexamod:FourthSeal","hexamod:ForkedFlame+1","hexamod:GhostflameBarrier+1","hexamod:RadiantFlame","hexamod:FlamesFromBeyond","hexamod:ApocalypseNow","hexamod:FifthSeal","hexamod:SixthSeal","hexamod:NightmareGuise+1","hexamod:RainOfEmbers","hexamod:FirstSeal","hexamod:FastForward","hexamod:SuperheatedStrike","hexamod:NightmareGuise","hexamod:FirstSeal","hexamod:GhostShield"],"relics":["hexamod:SpiritBrand","downfall:HeartsMalice","hexamod:InflammatoryLetter","Akabeko","downfall:HeartBlessingGreen","hexamod:IceCube","Anchor","Girya"],"acts_visited":["Exordium","TheCity"],"potions_floor_usage":[22,27,27,31,32],"damage_taken":[{"damage":0.0,"enemies":"Cultist","floor":2.0,"turns":1.0},{"damage":0.0,"enemies":"2 Louse","floor":3.0,"turns":1.0},{"damage":0.0,"enemies":"Small Slimes","floor":4.0,"turns":1.0},{"damage":2.0,"enemies":"3 Louse","floor":5.0,"turns":4.0},{"damage":34.0,"enemies":"3 Sentries","floor":8.0,"turns":16.0},{"damage":11.0,"enemies":"Gremlin Gang","floor":10.0,"turns":4.0},{"damage":0.0,"enemies":"downfall:LooterAlt","floor":11.0,"turns":2.0},{"damage":0.0,"enemies":"3 Louse","floor":12.0,"turns":3.0},{"damage":5.0,"enemies":"downfall:FleeingMerchant","floor":13.0,"turns":4.0},{"damage":0.0,"enemies":"Gremlin Nob","floor":14.0,"turns":2.0},{"damage":2.0,"enemies":"Blue Slaver","floor":15.0,"turns":4.0},{"damage":15.0,"enemies":"IC_STATUS_ARCHETYPE","floor":16.0,"turns":6.0},{"damage":7.0,"enemies":"downfall:LooterAlt2","floor":19.0,"turns":4.0},{"damage":29.0,"enemies":"3 Byrds","floor":20.0,"turns":6.0},{"damage":14.0,"enemies":"Centurion and Healer","floor":21.0,"turns":8.0},{"damage":5,"enemies":"downfall:FleeingMerchant","floor":22,"turns":4},{"damage":26,"enemies":"Gremlin Leader","floor":27,"turns":4},{"damage":0,"enemies":"Chosen and Byrds","floor":28,"turns":4},{"damage":27,"enemies":"Sentry and Sphere","floor":31,"turns":5},{"damage":20,"enemies":"Shelled Parasite and Fungi","floor":32,"turns":6}],"seed_played":"8646766471718800939","potions_obtained":[{"floor":5.0,"key":"SteroidPotion"},{"floor":8.0,"key":"SteroidPotion"},{"floor":10.0,"key":"Weak Potion"},{"floor":12.0,"key":"SmokeBomb"},{"floor":13.0,"key":"bronze:BurnAndBuffPotion"},{"floor":15.0,"key":"Ancient Potion"},{"floor":16.0,"key":"EssenceOfSteel"},{"floor":16.0,"key":"Dexterity Potion"},{"floor":19.0,"key":"SteroidPotion"},{"floor":20.0,"key":"LiquidBronze"},{"floor":20.0,"key":"SmokeBomb"},{"floor":21.0,"key":"AttackPotion"},{"floor":28,"key":"hexamod:DoubleChargePotion"},{"floor":31,"key":"champ:CounterPotion"}],"is_trial":false,"path_per_floor":["R","M","M","M","M","R","T","E","R","M","M","M","$","E","M","B",null,"R","M","M","M","$","R","T","?","R","E","M","?","R","M","M"],"character_chosen":"THE_SPIRIT","items_purchased":["hexamod:RadiantFlame","Anchor"],"campfire_rested":3,"item_purchase_floors":[13,22],"current_hp_per_floor":[70,70,70,70,68,68,68,34,55,44,44,44,39,39,37,22,70,70,63,34,20,22,43,43,43,43,17,17,17,38,18,0,0,0],"gold":87,"neow_bonus":"THREE_ENEMY_KILL","is_daily":false,"chose_seed":false,"campfire_upgraded":3,"win_rate":0.0,"timestamp":1613437653,"path_taken":["R","M","M","M","M","R","T","E","R","M","?","M","$","E","M","BOSS","R","M","M","M","$","R","T","?","R","E","M","?","R","M","M"],"items_purchased_type":["Card","Relic"],"build_version":"2020-12-22","purchased_purges":0,"victory":false,"max_hp_per_floor":[70,70,70,70,70,70,70,70,70,70,70,70,70,70,70,70,70,70,70,70,70,70,70,70,70,70,70,70,70,70,70,70,70,70],"relic_stats":{"counters":[20,86],"obtain_stats":[{"Girya":24,"Anchor":22,"downfall:HeartsMalice":0,"downfall:HeartBlessingGreen":9,"hexamod:InflammatoryLetter":7,"hexamod:SpiritBrand":0,"Akabeko":8,"hexamod:IceCube":17},{"Girya":16,"Anchor":16,"downfall:HeartsMalice":0,"downfall:HeartBlessingGreen":5,"hexamod:InflammatoryLetter":4,"hexamod:SpiritBrand":0,"Akabeko":5,"hexamod:IceCube":12},{"Girya":67,"Anchor":67,"downfall:HeartsMalice":0,"downfall:HeartBlessingGreen":20,"hexamod:InflammatoryLetter":4,"hexamod:SpiritBrand":0,"Akabeko":20,"hexamod:IceCube":45}]},"card_choices":[{"not_picked":["hexamod:PowerFromBeyond","hexamod:RecurringNightmare"],"picked":"hexamod:NightmareGuise","floor":2.0},{"not_picked":["hexamod:SpectralAdrenaline","hexamod:AdvancingGuard"],"picked":"hexamod:NightmareStrike","floor":3.0},{"not_picked":["hexamod:FastForward","hexamod:EtherealExpedition"],"picked":"hexamod:ThermalTransfer","floor":4.0},{"not_picked":["hexamod:EmpoweredFlame","hexamod:NightmareGuise"],"picked":"hexamod:ThirdSeal","floor":5.0},{"not_picked":["hexamod:SoulSteal","hexamod:RainOfEmbers"],"picked":"hexamod:SearingWound","floor":8.0},{"not_picked":["hexamod:Firestarter","hexamod:HauntingEcho"],"picked":"hexamod:TurnItUp","floor":8.0},{"not_picked":["hexamod:SpectralAdrenaline","hexamod:PhantomFireball"],"picked":"hexamod:Incineration","floor":10.0},{"not_picked":["hexamod:AdvancingGuard","hexamod:GhostLash"],"picked":"hexamod:SecondSeal","floor":10.0},{"not_picked":["hexamod:SpectralAdrenaline","hexamod:NightmareGuise"],"picked":"hexamod:FourthSeal","floor":11.0},{"not_picked":["hexamod:RainOfEmbers","hexamod:SwordOfDarkness"],"picked":"hexamod:ForkedFlame","floor":12.0},{"not_picked":["hexamod:Again","hexamod:GhostShield","hexamod:HauntingEcho"],"picked":"SKIP","floor":12.0},{"not_picked":["hexamod:ShieldOfDarkness","hexamod:SuperheatedStrike"],"picked":"hexamod:GhostflameBarrier","floor":13.0},{"not_picked":["hexamod:SuperheatedStrike","hexamod:SpectersWail"],"picked":"hexamod:FlamesFromBeyond","floor":15.0},{"not_picked":["hexamod:BurningTouch","hexamod:ExtraCrispy","hexamod:SoulSteal"],"picked":"SKIP","floor":15.0},{"not_picked":["hexamod:VolcanoVisage","hexamod:SixthSeal"],"picked":"hexamod:ApocalypseNow","floor":16.0},{"not_picked":["hexamod:SearingWound","hexamod:WildfireWeapon"],"picked":"hexamod:FifthSeal","floor":16.0},{"not_picked":["hexamod:ThirdSeal","hexamod:FirstSeal"],"picked":"hexamod:SixthSeal","floor":19.0},{"not_picked":["hexamod:AdvancingGuard","hexamod:HauntingEcho+1","hexamod:SpectersWail"],"picked":"SKIP","floor":19.0},{"not_picked":["hexamod:HeatMetal","hexamod:NightmareStrike+1"],"picked":"hexamod:NightmareGuise+1","floor":20.0},{"not_picked":["hexamod:NightmareStrike","hexamod:HeatShield","hexamod:PhantomCloak"],"picked":"SKIP","floor":20.0},{"not_picked":["hexamod:HeatMetal","hexamod:RecurringNightmare"],"picked":"hexamod:RainOfEmbers","floor":21.0},{"not_picked":["hexamod:FourthSeal","hexamod:SixthSeal"],"picked":"hexamod:FirstSeal","floor":21.0},{"not_picked":["hexamod:ExtraCrispy","hexamod:InspiringFlames","hexamod:Toasty"],"picked":"SKIP","floor":21.0},{"not_picked":["hexamod:WildfireWeapon","hexamod:GhostLash","hexamod:ShieldOfDarkness"],"picked":"SKIP","floor":22},{"not_picked":["hexamod:NightmareStrike","hexamod:FlamesFromBeyond"],"picked":"hexamod:NightmareGuise","floor":28},{"not_picked":["hexamod:SwordOfDarkness","hexamod:ShieldOfDarkness","hexamod:SuperheatedStrike"],"picked":"SKIP","floor":28},{"not_picked":["hexamod:SixthSeal","hexamod:ThirdSeal"],"picked":"hexamod:FirstSeal","floor":31},{"not_picked":["hexamod:StepThrough","hexamod:SuperheatedStrike+1"],"picked":"hexamod:GhostShield","floor":31},{"not_picked":["hexamod:Firestarter+1","hexamod:Rewind","hexamod:SwordOfDarkness"],"picked":"SKIP","floor":31}],"player_experience":1067901,"relics_obtained":[{"floor":7.0,"key":"hexamod:InflammatoryLetter"},{"floor":8.0,"key":"Akabeko"},{"floor":24,"key":"Girya"}],"event_choices":[{"damage_healed":0,"gold_gain":0,"cards_transformed":["hexamod:Strike","hexamod:Strike"],"player_choice":"Became Test Subject","damage_taken":0,"max_hp_gain":0,"max_hp_loss":0,"event_name":"Drug Dealer","floor":25,"gold_loss":0,"cards_obtained":["hexamod:FastForward","hexamod:SuperheatedStrike"]}],"is_beta":false,"boss_relics":[{"not_picked":["Runic Dome","Philosopher\u0027s Stone"],"picked":"hexamod:IceCube"}],"items_purged_floors":[],"is_endless":false,"potions_floor_spawned":[5,8,10,14,16,19,20,21],"killed_by":"Shelled Parasite and Fungi","ascension_level":2}}