{"host":"89iuq2p5kwriuwfq","time":1613471199,"event":{"mods":["BaseMod","Curses Come First","Minty Spire (QoL Compilation)","Permanent Neow","StSLib"],"gold_per_floor":[114,134,134,146,166,166,198,163,209,237,253,268,32,42,42,144,144,154,169,169,169,182,214,214,242,292,324,324,336,336,347,347,452,452,462,462,473,473,523,533,567,580,626,641,180,212,212,229,229,229],"floor_reached":51,"language":"ENG","playtime":3239,"items_purged":["Defend_B"],"score":1260,"play_id":"5e217a2a-039d-4c7c-bd01-2f102ca32552","local_time":"20210216102639","is_ascension_mode":true,"campfire_choices":[{"floor":6,"key":"REST"},{"floor":15,"key":"REST"},{"floor":24,"key":"REST"},{"data":"Capacitor","floor":30,"key":"SMITH"},{"data":"Biased Cognition","floor":32,"key":"SMITH"},{"data":"Defragment","floor":47,"key":"SMITH"},{"data":"Darkness","floor":49,"key":"SMITH"}],"circlet_count":0,"master_deck":["AscendersBane","Strike_B","Strike_B","Defend_B","Defend_B","Zap","Dualcast","Electrodynamics","Genetic Algorithm","FTL","Ball Lightning","Ball Lightning","Chaos","Compile Driver","Capacitor+1","Cold Snap","Genetic Algorithm+1","Biased Cognition+1","Loop+1","Sweeping Beam","Recycle","Cold Snap","Rainbow+1","Core Surge","Coolheaded","Master of Strategy","Darkness+1","Steam Power","Defragment+1","Glacier","Thinking Ahead","Heatsinks","Self Repair"],"relics":["Cracked Core","Cables","Regal Pillow","Nunchaku","ClockworkSouvenir","Nuclear Battery","WarpedTongs","Lantern","Orichalcum","Strawberry","Happy Flower","Inserter","StoneCalendar","Singing Bowl","War Paint","Membership Card","Centennial Puzzle","Boot","Dream Catcher"],"acts_visited":["Exordium","TheCity","TheBeyond"],"potions_floor_usage":[5,7,11,23,23,33,50,50],"damage_taken":[{"damage":9,"enemies":"Jaw Worm","floor":1,"turns":4},{"damage":5,"enemies":"2 Louse","floor":2,"turns":4},{"damage":0,"enemies":"Cultist","floor":4,"turns":3},{"damage":11,"enemies":"Large Slime","floor":5,"turns":4},{"damage":43,"enemies":"Gremlin Nob","floor":7,"turns":5},{"damage":11,"enemies":"3 Sentries","floor":10,"turns":3},{"damage":0,"enemies":"Lots of Slimes","floor":11,"turns":2},{"damage":14,"enemies":"Exordium Wildlife","floor":12,"turns":4},{"damage":4,"enemies":"Blue Slaver","floor":14,"turns":2},{"damage":40,"enemies":"Hexaghost","floor":16,"turns":10},{"damage":0,"enemies":"Spheric Guardian","floor":18,"turns":3},{"damage":9,"enemies":"2 Thieves","floor":19,"turns":3},{"damage":12,"enemies":"Chosen and Byrds","floor":22,"turns":5},{"damage":31,"enemies":"Gremlin Leader","floor":23,"turns":6},{"damage":18,"enemies":"Slavers","floor":25,"turns":3},{"damage":3,"enemies":"Book of Stabbing","floor":27,"turns":4},{"damage":10,"enemies":"Snake Plant","floor":29,"turns":3},{"damage":0,"enemies":"Snecko","floor":31,"turns":3},{"damage":10,"enemies":"Champ","floor":33,"turns":8},{"damage":3,"enemies":"3 Darklings","floor":35,"turns":3},{"damage":0,"enemies":"Orb Walker","floor":37,"turns":3},{"damage":0,"enemies":"Mind Bloom Boss Battle","floor":39,"turns":4},{"damage":20,"enemies":"Jaw Worm Horde","floor":40,"turns":3},{"damage":1,"enemies":"Nemesis","floor":41,"turns":7},{"damage":6,"enemies":"Transient","floor":42,"turns":5},{"damage":0,"enemies":"4 Shapes","floor":44,"turns":2},{"damage":5,"enemies":"Reptomancer","floor":46,"turns":5},{"damage":0,"enemies":"Maw","floor":48,"turns":7},{"damage":8,"enemies":"Time Eater","floor":50,"turns":8}],"seed_played":"-2784800234921641929","potions_obtained":[{"floor":4,"key":"AttackPotion"},{"floor":5,"key":"SpeedPotion"},{"floor":10,"key":"Energy Potion"},{"floor":11,"key":"Fire Potion"},{"floor":19,"key":"Regen Potion"},{"floor":22,"key":"AttackPotion"},{"floor":25,"key":"FocusPotion"},{"floor":29,"key":"SteroidPotion"},{"floor":33,"key":"Fruit Juice"},{"floor":35,"key":"PowerPotion"},{"floor":41,"key":"DuplicationPotion"}],"is_trial":false,"path_per_floor":["M","M","?","M","M","R","E","?","T","E","M","M","$","M","R","B",null,"M","M","?","?","M","E","R","E","T","E","?","M","R","M","R","B",null,"M","?","M","?","?","M","E","M","T","M","$","E","R","M","R","B",null],"character_chosen":"DEFECT","items_purchased":["Capacitor","Cold Snap","ClockworkSouvenir","Membership Card","Centennial Puzzle","Boot","Thinking Ahead","Heatsinks"],"campfire_rested":3,"item_purchase_floors":[13,13,13,45,45,45,45,45],"current_hp_per_floor":[59,54,47,47,36,58,15,33,33,22,22,8,8,4,41,1,57,57,48,48,48,36,20,57,39,46,43,43,33,33,33,33,28,72,69,69,69,69,69,49,48,44,44,44,44,39,39,48,48,47],"gold":229,"neow_bonus":"ONE_RANDOM_RARE_CARD","is_daily":false,"chose_seed":false,"campfire_upgraded":4,"win_rate":0.0,"timestamp":1613471199,"path_taken":["M","M","?","M","M","R","E","?","T","E","M","M","?","M","R","BOSS","M","M","?","?","?","E","R","E","T","E","?","?","R","M","R","BOSS","M","?","M","?","?","M","E","M","T","M","$","E","R","M","R","BOSS"],"items_purchased_type":["Card","Card","Relic","Relic","Relic","Relic","Card","Card"],"build_version":"2020-12-22","purchased_purges":1,"victory":true,"max_hp_per_floor":[75,75,75,75,75,75,75,75,75,75,75,75,75,75,75,75,75,75,75,75,75,75,75,75,75,82,82,82,82,82,82,82,87,87,87,87,87,87,87,87,87,89,89,89,89,89,89,91,91,91],"card_choices":[{"not_picked":["Conserve Battery","Cold Snap"],"picked":"Genetic Algorithm","floor":1},{"not_picked":["Aggregate","Gash"],"picked":"Conserve Battery","floor":2},{"not_picked":["Aggregate","Leap"],"picked":"FTL","floor":4},{"not_picked":["Fusion","Barrage"],"picked":"Ball Lightning","floor":5},{"not_picked":["Turbo","Meteor Strike","Steam Power"],"picked":"SKIP","floor":7},{"not_picked":["Cold Snap","Melter"],"picked":"Ball Lightning","floor":10},{"not_picked":["Auto Shields","Rip and Tear"],"picked":"Chaos","floor":11},{"not_picked":["Go for the Eyes","Storm"],"picked":"Compile Driver","floor":12},{"not_picked":["Melter","Auto Shields"],"picked":"Genetic Algorithm","floor":14},{"not_picked":["Rainbow","Meteor Strike"],"picked":"Biased Cognition","floor":16},{"not_picked":["Beam Cell","Conserve Battery","Stack"],"picked":"SKIP","floor":18},{"not_picked":["Rebound","Conserve Battery"],"picked":"Loop+1","floor":19},{"not_picked":["Stack","Barrage"],"picked":"Cold Snap","floor":22},{"not_picked":["Creative AI","Ball Lightning","Barrage"],"picked":"SKIP","floor":23},{"not_picked":["Hologram","Blizzard+1","Thunder Strike"],"picked":"SKIP","floor":25},{"not_picked":["Gash","Go for the Eyes","Rebound+1"],"picked":"SKIP","floor":27},{"not_picked":["Stack","Turbo"],"picked":"Rainbow","floor":29},{"not_picked":["Streamline+1","Leap","Barrage"],"picked":"SKIP","floor":31},{"not_picked":["Amplify","Echo Form"],"picked":"Core Surge","floor":33},{"not_picked":["Melter+1","Ball Lightning","Redo"],"picked":"SKIP","floor":35},{"not_picked":["Conserve Battery","Aggregate+1"],"picked":"Coolheaded","floor":37},{"not_picked":["HandOfGreed","Enlightenment"],"picked":"Master of Strategy","floor":38},{"not_picked":["Conserve Battery","Genetic Algorithm"],"picked":"Darkness","floor":39},{"not_picked":["Go for the Eyes","Cold Snap"],"picked":"Steam Power","floor":40},{"not_picked":["Conserve Battery","Auto Shields"],"picked":"Defragment","floor":41},{"not_picked":["Coolheaded","Force Field","Genetic Algorithm"],"picked":"Singing Bowl","floor":42},{"not_picked":["Barrage","FTL"],"picked":"Glacier","floor":44},{"not_picked":["Barrage","Compile Driver+1"],"picked":"Self Repair","floor":46},{"not_picked":["Genetic Algorithm","Heatsinks","Recycle"],"picked":"Singing Bowl","floor":48}],"player_experience":694536,"relics_obtained":[{"floor":7,"key":"Cables"},{"floor":9,"key":"Regal Pillow"},{"floor":10,"key":"Nunchaku"},{"floor":23,"key":"Lantern"},{"floor":25,"key":"Orichalcum"},{"floor":26,"key":"Strawberry"},{"floor":27,"key":"Happy Flower"},{"floor":39,"key":"StoneCalendar"},{"floor":41,"key":"Singing Bowl"},{"floor":43,"key":"War Paint"},{"floor":46,"key":"Dream Catcher"}],"event_choices":[{"cards_removed":["Strike_B"],"damage_healed":0,"gold_gain":0,"player_choice":"Card Removal","damage_taken":7,"max_hp_gain":0,"max_hp_loss":0,"event_name":"Golden Wing","floor":3,"gold_loss":0},{"damage_healed":18,"gold_gain":0,"player_choice":"Healed","damage_taken":0,"max_hp_gain":0,"max_hp_loss":0,"event_name":"The Cleric","floor":8,"gold_loss":35},{"damage_healed":0,"gold_gain":0,"cards_transformed":["Strike_B","Defend_B"],"player_choice":"Became Test Subject","damage_taken":0,"max_hp_gain":0,"max_hp_loss":0,"event_name":"Drug Dealer","floor":20,"gold_loss":0,"cards_obtained":["Sweeping Beam","Recycle"]},{"damage_healed":0,"gold_gain":0,"player_choice":"Rummage","damage_taken":0,"relics_obtained":["WarpedTongs"],"max_hp_gain":0,"max_hp_loss":0,"event_name":"Accursed Blacksmith","floor":21,"gold_loss":0,"cards_obtained":["Pain"]},{"cards_removed":["Pain"],"damage_healed":0,"gold_gain":0,"player_choice":"Removed Curses","damage_taken":0,"max_hp_gain":0,"max_hp_loss":0,"event_name":"Fountain of Cleansing","floor":28,"gold_loss":0},{"cards_removed":["Conserve Battery"],"damage_healed":0,"gold_gain":0,"player_choice":"Removed Skill","damage_taken":0,"max_hp_gain":0,"max_hp_loss":0,"event_name":"Falling","floor":36,"gold_loss":0},{"damage_healed":0,"gold_gain":0,"player_choice":"Memory 1","damage_taken":0,"max_hp_gain":0,"max_hp_loss":0,"event_name":"SensoryStone","floor":38,"gold_loss":0},{"damage_healed":0,"gold_gain":0,"player_choice":"Fight","damage_taken":0,"max_hp_gain":0,"max_hp_loss":0,"event_name":"MindBloom","floor":39,"gold_loss":0}],"is_beta":false,"boss_relics":[{"not_picked":["Astrolabe","SacredBark"],"picked":"Nuclear Battery"},{"not_picked":["SlaversCollar","Tiny House"],"picked":"Inserter"}],"items_purged_floors":[45],"is_endless":false,"potions_floor_spawned":[4,5,10,11,19,22,25,29,31,33,35,39,41,42,46],"ascension_level":12}}