{"host":"a6ztjasp7lxlo10n","time":1613455005,"event":{"mods":["Act Like it!","BaseMod","Colored Map","Marisa£®ÏF”Í°°ƒß¿Ì…≥£©","Minty Spire (QoL Compilation)","Quick Restart","StSLib","SuperFastMode"],"gold_per_floor":[111,129,129,129,143,143,177,200,200,216,259,37,37,75,75,205,205,205,205],"floor_reached":18,"language":"ZHS","playtime":607,"items_purged":["Strike_R"],"score":268,"play_id":"f9c568ea-227a-466f-92f5-26a2ccfe1e7f","local_time":"20210216135645","is_ascension_mode":true,"campfire_choices":[{"data":"Rampage","floor":6.0,"key":"SMITH"},{"floor":13.0,"key":"REST"},{"data":"Second Wind","floor":15.0,"key":"SMITH"}],"circlet_count":0,"master_deck":["Strike_R","Strike_R","Strike_R","Strike_R","Defend_R","Defend_R","Defend_R","Defend_R","Shrug It Off","Power Through","Juggernaut","Rampage+1","Second Wind+1","Shrug It Off","Corruption"],"relics":["Burning Blood","NeowsBlessing","Golden Idol","Mango","StrikeDummy","Pear","Omamori","Regal Pillow","Black Star"],"acts_visited":["Exordium","TheCity"],"potions_floor_usage":[],"damage_taken":[{"damage":0.0,"enemies":"Jaw Worm","floor":1.0,"turns":1.0},{"damage":0.0,"enemies":"Small Slimes","floor":2.0,"turns":1.0},{"damage":0.0,"enemies":"2 Louse","floor":5.0,"turns":1.0},{"damage":27.0,"enemies":"3 Sentries","floor":7.0,"turns":10.0},{"damage":6.0,"enemies":"Blue Slaver","floor":8.0,"turns":5.0},{"damage":9.0,"enemies":"Red Slaver","floor":10.0,"turns":4.0},{"damage":20.0,"enemies":"Gremlin Nob","floor":11.0,"turns":5.0},{"damage":5.0,"enemies":"Lagavulin","floor":14.0,"turns":8.0},{"damage":13.0,"enemies":"The Guardian","floor":16.0,"turns":11.0},{"damage":45,"enemies":"Shell Parasite","floor":18,"turns":8}],"seed_played":"-6759556815366811224","potions_obtained":[{"floor":2.0,"key":"SneckoOil"},{"floor":7.0,"key":"Block Potion"},{"floor":8.0,"key":"ColorlessPotion"}],"is_trial":false,"path_per_floor":["M","M","?","?","M","R","E","M","T","M","E","$","R","E","R","B",null,"M"],"character_chosen":"IRONCLAD","items_purchased":["Omamori"],"campfire_rested":1,"item_purchase_floors":[12],"current_hp_per_floor":[78,80,60,60,66,66,59,59,59,56,52,52,83,84,84,77,97,52,52],"gold":205,"neow_bonus":"THREE_ENEMY_KILL","is_daily":false,"chose_seed":false,"campfire_upgraded":2,"win_rate":0.0,"timestamp":1613455005,"path_taken":["M","M","?","?","M","R","E","M","T","M","E","$","R","E","R","BOSS","BOSS","M"],"items_purchased_type":["Relic"],"build_version":"2020-12-22","purchased_purges":1,"victory":false,"max_hp_per_floor":[80,80,80,80,80,80,94,94,94,94,104,104,104,104,104,104,104,104,104],"card_choices":[{"not_picked":["Headbutt","Clothesline"],"picked":"Shrug It Off","floor":1.0},{"not_picked":["Havoc","Warcry"],"picked":"Power Through","floor":2.0},{"not_picked":["Anger","Sentinel"],"picked":"Rampage","floor":5.0},{"not_picked":["Evolve","Uppercut","Exhume"],"picked":"SKIP","floor":7.0},{"not_picked":["Carnage","Heavy Blade","Entrench"],"picked":"SKIP","floor":8.0},{"not_picked":["Sword Boomerang","Headbutt"],"picked":"Second Wind","floor":10.0},{"not_picked":["Wild Strike","Brutality"],"picked":"Shrug It Off","floor":11.0},{"not_picked":["Anger","Warcry","Immolate"],"picked":"SKIP","floor":14.0},{"not_picked":["Feed","Bludgeon"],"picked":"Corruption","floor":16}],"player_experience":329449,"relics_obtained":[{"floor":7.0,"key":"Mango"},{"floor":9.0,"key":"StrikeDummy"},{"floor":11.0,"key":"Pear"},{"floor":14.0,"key":"Regal Pillow"}],"event_choices":[{"damage_healed":0.0,"max_hp_gain":0.0,"max_hp_loss":0.0,"gold_gain":0.0,"event_name":"Golden Idol","player_choice":"Take Damage","floor":3.0,"gold_loss":0.0,"damage_taken":20.0,"relics_obtained":["Golden Idol"]},{"damage_healed":0.0,"max_hp_gain":0.0,"max_hp_loss":0.0,"gold_gain":0.0,"cards_transformed":["Bash"],"event_name":"Living Wall","player_choice":"Change","floor":4.0,"gold_loss":0.0,"damage_taken":0.0,"cards_obtained":["Juggernaut"]}],"is_beta":false,"boss_relics":[{"not_picked":["Cursed Key","Fusion Hammer"],"picked":"Black Star"}],"items_purged_floors":[12],"is_endless":false,"potions_floor_spawned":[2,7,8,16],"killed_by":"Shell Parasite","ascension_level":7}}