{"host":"n2sr453jcjz6vvl4","time":1613509607,"event":{"mods":["BaseMod","Minty Spire (QoL Compilation)"],"gold_per_floor":[118,118,41,41,57,57,89,109,109,109,122,138,170,150,150,247,247,267,48,62,62,1,1,31,31,31,31,0,0,10,39,39,137,137,154,208,258,268,10,10,35,51,74,74,74,85,85,110,110,110,110],"floor_reached":50,"language":"ENG","playtime":3086,"items_purged":["Defend_G"],"score":863,"play_id":"2f9ffc09-e11b-4021-8c44-1c37104ae651","local_time":"20210216170647","is_ascension_mode":true,"campfire_choices":[{"data":"Crippling Poison","floor":6.0,"key":"SMITH"},{"floor":15.0,"key":"REST"},{"data":"Catalyst","floor":23.0,"key":"SMITH"},{"data":"Wraith Form v2","floor":25.0,"key":"SMITH"},{"data":"Blur","floor":29.0,"key":"SMITH"},{"data":"Well Laid Plans","floor":32,"key":"SMITH"},{"data":"Adrenaline","floor":40,"key":"SMITH"},{"data":"Strike_G","floor":47,"key":"PURGE"},{"data":"Defend_G","floor":49,"key":"PURGE"}],"circlet_count":0,"master_deck":["Strike_G","Strike_G","Defend_G","Defend_G+1","Survivor","Neutralize","Riddle With Holes","Quick Slash","Blur+1","Crippling Poison+1","Well Laid Plans+1","Parasite","After Image","Die Die Die","Wraith Form v2+1","Catalyst+1","PiercingWail+1","Deadly Poison+1","Dash+1","Adrenaline+1","Deadly Poison","Noxious Fumes+1","Catalyst+1","Clumsy"],"relics":["Ring of the Snake","Centennial Puzzle","HornCleat","Juzu Bracelet","Thread and Needle","Philosopher\u0027s Stone","TwistedFunnel","Art of War","Darkstone Periapt","Eternal Feather","Molten Egg 2","Cursed Key","Peace Pipe","Unceasing Top","Mercury Hourglass","Blood Vial","War Paint","White Beast Statue"],"acts_visited":["Exordium","TheCity","TheBeyond"],"potions_floor_usage":[50,50,50],"damage_taken":[{"damage":0.0,"enemies":"2 Louse","floor":1.0,"turns":2.0},{"damage":0.0,"enemies":"Small Slimes","floor":5.0,"turns":4.0},{"damage":26.0,"enemies":"Gremlin Nob","floor":7.0,"turns":4.0},{"damage":0.0,"enemies":"Cultist","floor":8.0,"turns":3.0},{"damage":9.0,"enemies":"3 Louse","floor":11.0,"turns":2.0},{"damage":0.0,"enemies":"Red Slaver","floor":12.0,"turns":3.0},{"damage":9.0,"enemies":"Lagavulin","floor":13.0,"turns":7.0},{"damage":23.0,"enemies":"Hexaghost","floor":16.0,"turns":10.0},{"damage":4.0,"enemies":"Spheric Guardian","floor":18.0,"turns":8.0},{"damage":5.0,"enemies":"3 Byrds","floor":20.0,"turns":2.0},{"damage":0.0,"enemies":"Book of Stabbing","floor":24.0,"turns":5.0},{"damage":5.0,"enemies":"Sentry and Sphere","floor":30.0,"turns":4.0},{"damage":0,"enemies":"Gremlin Leader","floor":31,"turns":5},{"damage":0,"enemies":"Collector","floor":33,"turns":10},{"damage":0,"enemies":"3 Darklings","floor":35,"turns":4},{"damage":21,"enemies":"2 Orb Walkers","floor":36,"turns":4},{"damage":0,"enemies":"Mind Bloom Boss Battle","floor":37,"turns":5},{"damage":0,"enemies":"3 Shapes","floor":38,"turns":3},{"damage":0,"enemies":"Nemesis","floor":41,"turns":5},{"damage":0,"enemies":"Transient","floor":42,"turns":5},{"damage":31,"enemies":"Writhing Mass","floor":46,"turns":2},{"damage":0,"enemies":"Reptomancer","floor":48,"turns":4},{"damage":89,"enemies":"Awakened One","floor":50,"turns":11}],"seed_played":"-2136697044314923167","potions_obtained":[{"floor":1.0,"key":"DistilledChaos"},{"floor":7.0,"key":"Explosive Potion"},{"floor":8.0,"key":"Poison Potion"},{"floor":14.0,"key":"BlessingOfTheForge"},{"floor":30,"key":"BlessingOfTheForge"},{"floor":42,"key":"SpeedPotion"},{"floor":46,"key":"Weak Potion"},{"floor":48,"key":"Fruit Juice"}],"is_trial":false,"path_per_floor":["M","?","$","?","M","R","E","M","T","?","M","M","E","?","R","B",null,"M","$","M","$","?","R","E","R","T","?","?","R","M","E","R","B",null,"M","?","?","M","$","R","E","M","T","?","$","M","R","E","R","B"],"character_chosen":"THE_SILENT","items_purchased":["Blur","TwistedFunnel","Mercury Hourglass"],"campfire_rested":1,"item_purchase_floors":[3,19,39],"current_hp_per_floor":[70,70,70,63,63,63,37,37,37,54,45,45,36,36,57,34,70,66,66,61,61,61,61,61,61,61,61,61,70,65,65,70,70,70,70,49,49,49,49,64,64,66,72,72,72,43,58,60,75,0,0],"gold":110,"neow_bonus":"RANDOM_COMMON_RELIC","is_daily":false,"chose_seed":false,"campfire_upgraded":6,"win_rate":0.0,"timestamp":1613509607,"path_taken":["M","?","$","?","M","R","E","M","T","?","M","M","E","?","R","BOSS","M","$","M","?","?","R","E","R","T","?","?","R","M","E","R","BOSS","M","?","?","M","$","R","E","M","T","?","?","M","R","E","R","BOSS"],"items_purchased_type":["Card","Relic","Relic"],"build_version":"2020-12-22","purchased_purges":1,"victory":false,"max_hp_per_floor":[70,70,70,70,70,70,70,70,70,70,70,70,70,70,70,70,70,70,70,70,70,70,70,70,70,70,70,70,70,70,70,70,70,70,70,70,70,70,70,70,70,70,76,76,76,76,76,76,76,81,81],"card_choices":[{"not_picked":["Accuracy","Dodge and Roll"],"picked":"Riddle With Holes","floor":1.0},{"not_picked":["Calculated Gamble","Dagger Spray"],"picked":"Crippling Poison","floor":5.0},{"not_picked":["Predator","All Out Attack"],"picked":"Well Laid Plans","floor":7.0},{"not_picked":["Underhanded Strike","Quick Slash"],"picked":"Poisoned Stab","floor":8.0},{"not_picked":["Dagger Spray","Dagger Throw","Prepared"],"picked":"SKIP","floor":11.0},{"not_picked":["Slice","Dodge and Roll"],"picked":"After Image","floor":12.0},{"not_picked":["Heel Hook","Well Laid Plans"],"picked":"Die Die Die","floor":13.0},{"not_picked":["Storm of Steel","Venomology"],"picked":"Wraith Form v2","floor":16.0},{"not_picked":["Masterful Stab","Quick Slash"],"picked":"Catalyst","floor":18.0},{"not_picked":["Poisoned Stab+1","Cloak And Dagger+1"],"picked":"PiercingWail+1","floor":20.0},{"not_picked":["Tactician","PiercingWail","Underhanded Strike"],"picked":"SKIP","floor":24.0},{"not_picked":["Prepared+1","All Out Attack"],"picked":"Deadly Poison","floor":30},{"not_picked":["Calculated Gamble+1","Dodge and Roll"],"picked":"Dash+1","floor":31},{"not_picked":["Unload+1","Venomology"],"picked":"Adrenaline","floor":33},{"not_picked":["Dagger Spray+1","Poisoned Stab+1"],"picked":"Deadly Poison","floor":35},{"not_picked":["Escape Plan+1","Dagger Spray+1"],"picked":"Noxious Fumes+1","floor":36},{"not_picked":["Well Laid Plans+1","Sucker Punch+1","Quick Slash+1"],"picked":"SKIP","floor":38},{"not_picked":["Malaise","Sucker Punch+1"],"picked":"Catalyst+1","floor":41},{"not_picked":["PiercingWail+1","Blade Dance","Deadly Poison+1"],"picked":"SKIP","floor":42},{"not_picked":["Eviscerate+1","Blade Dance+1","Slice+1"],"picked":"SKIP","floor":46},{"not_picked":["Calculated Gamble","Heel Hook+1","Deadly Poison"],"picked":"SKIP","floor":48}],"player_experience":147364,"relics_obtained":[{"floor":7.0,"key":"HornCleat"},{"floor":9.0,"key":"Juzu Bracelet"},{"floor":13.0,"key":"Thread and Needle"},{"floor":24.0,"key":"Darkstone Periapt"},{"floor":26.0,"key":"Eternal Feather"},{"floor":31,"key":"Molten Egg 2"},{"floor":36,"key":"Peace Pipe"},{"floor":37,"key":"Unceasing Top"},{"floor":41,"key":"Blood Vial"},{"floor":43,"key":"War Paint"},{"floor":48,"key":"White Beast Statue"}],"event_choices":[{"damage_healed":0.0,"max_hp_gain":0.0,"max_hp_loss":0.0,"gold_gain":0.0,"cards_transformed":["Strike_G"],"event_name":"Living Wall","player_choice":"Change","floor":2.0,"gold_loss":0.0,"damage_taken":0.0,"cards_obtained":["Quick Slash"]},{"cards_removed":["Strike_G"],"damage_healed":0.0,"max_hp_gain":0.0,"max_hp_loss":0.0,"gold_gain":0.0,"event_name":"Golden Wing","player_choice":"Card Removal","floor":4.0,"gold_loss":0.0,"damage_taken":7.0},{"damage_healed":17.0,"max_hp_gain":0.0,"max_hp_loss":0.0,"gold_gain":0.0,"event_name":"Mushrooms","player_choice":"Healed and dodged fight","floor":10.0,"gold_loss":0.0,"damage_taken":0.0,"cards_obtained":["Parasite"]},{"damage_healed":0.0,"max_hp_gain":0.0,"max_hp_loss":0.0,"gold_gain":0.0,"event_name":"The Woman in Blue","player_choice":"Bought 1 Potion","floor":14.0,"gold_loss":0.0,"damage_taken":0.0},{"damage_healed":0.0,"max_hp_gain":0.0,"max_hp_loss":0.0,"gold_gain":0.0,"event_name":"WeMeetAgain","player_choice":"Paid Gold","floor":22.0,"gold_loss":61.0,"damage_taken":0.0,"relics_obtained":["Art of War"]},{"cards_removed":["Defend_G"],"damage_healed":0.0,"max_hp_gain":0.0,"max_hp_loss":0.0,"gold_gain":0.0,"event_name":"Purifier","player_choice":"Purged","floor":27.0,"gold_loss":0.0,"damage_taken":0.0},{"damage_healed":0.0,"max_hp_gain":0.0,"max_hp_loss":0.0,"gold_gain":0.0,"event_name":"Masked Bandits","player_choice":"Paid Fearfully","floor":28.0,"gold_loss":31.0,"damage_taken":0.0},{"damage_healed":0,"gold_gain":0,"player_choice":"Fight","damage_taken":0,"max_hp_gain":0,"max_hp_loss":0,"event_name":"Mysterious Sphere","floor":36,"gold_loss":0},{"damage_healed":0,"gold_gain":0,"player_choice":"Fight","damage_taken":0,"max_hp_gain":0,"max_hp_loss":0,"event_name":"MindBloom","floor":37,"gold_loss":0},{"cards_removed":["Poisoned Stab"],"damage_healed":0,"gold_gain":0,"player_choice":"Removed Attack","damage_taken":0,"max_hp_gain":0,"max_hp_loss":0,"event_name":"Falling","floor":44,"gold_loss":0}],"is_beta":false,"boss_relics":[{"not_picked":["Pandora\u0027s Box","Coffee Dripper"],"picked":"Philosopher\u0027s Stone"},{"not_picked":["Busted Crown","Runic Pyramid"],"picked":"Cursed Key"}],"items_purged_floors":[19],"is_endless":false,"potions_floor_spawned":[1,7,8,30,42,46,48],"killed_by":"Awakened One","ascension_level":4}}