{"host":"pi8b3ffzwvxqztac","time":1613438665,"event":{"mods":["BaseMod","Colored Map","Custom Start","Downfall","Minty Spire (QoL Compilation)","StSLib"],"gold_per_floor":[119,44,44,62,62,88,88,106,129,146,146,159,159,169,169,169,169],"floor_reached":16,"language":"ENG","playtime":738,"items_purged":["Shame"],"score":143,"play_id":"2037c057-afc5-4552-8b70-567d310448f7","local_time":"20210216142425","is_ascension_mode":true,"campfire_choices":[{"floor":7,"key":"REST"},{"floor":13,"key":"REST"},{"floor":15,"key":"REST"}],"circlet_count":0,"master_deck":["Strike_B+1","Strike_B","Strike_B","Strike_B","Defend_B","Defend_B","Defend_B","Defend_B","Zap","Dualcast","Thunder Strike","Go for the Eyes+1","Capacitor","Defragment"],"relics":["Cracked Core","Blue Candle","Whetstone","Akabeko"],"acts_visited":["Exordium"],"potions_floor_usage":[10,16,16],"damage_taken":[{"damage":9,"enemies":"Small Slimes","floor":1,"turns":3},{"damage":0,"enemies":"2 Louse","floor":4,"turns":2},{"damage":46,"enemies":"Lagavulin","floor":6,"turns":8},{"damage":1,"enemies":"Cultist","floor":8,"turns":3},{"damage":13,"enemies":"Exordium Thugs","floor":10,"turns":4},{"damage":3,"enemies":"Blue Slaver","floor":12,"turns":3},{"damage":8,"enemies":"Red Slaver","floor":14,"turns":4},{"damage":52,"enemies":"Hexaghost","floor":16,"turns":12}],"seed_played":"800335666920525769","potions_obtained":[{"floor":4,"key":"SneckoOil"},{"floor":10,"key":"Weak Potion"},{"floor":14,"key":"champ:CounterPotion"}],"is_trial":false,"path_per_floor":["M","$","?","M","?","E","R","M","T","M","?","M","R","M","R","B"],"character_chosen":"DEFECT","items_purchased":[],"campfire_rested":3,"item_purchase_floors":[],"current_hp_per_floor":[59,59,64,64,59,13,37,36,36,23,15,12,36,28,52,0,0],"gold":169,"neow_bonus":"THREE_RARE_CARDS","is_daily":false,"chose_seed":false,"campfire_upgraded":0,"win_rate":0.0,"timestamp":1613438665,"path_taken":["M","$","?","M","?","E","R","M","T","M","?","?","R","M","R","BOSS"],"items_purchased_type":[],"build_version":"2020-12-22","purchased_purges":1,"victory":false,"max_hp_per_floor":[75,75,80,80,80,80,80,80,80,80,80,80,80,80,80,80,80],"card_choices":[{"not_picked":["Buffer","Rainbow"],"picked":"Thunder Strike","floor":0},{"not_picked":["Auto Shields","Compile Driver"],"picked":"Go for the Eyes","floor":1},{"not_picked":["Genetic Algorithm","Sweeping Beam","Consume"],"picked":"SKIP","floor":4},{"not_picked":["Fusion","Gash"],"picked":"Capacitor","floor":6},{"not_picked":["Ball Lightning","Conserve Battery"],"picked":"Defragment","floor":8},{"not_picked":["Compile Driver","Coolheaded","Gash"],"picked":"SKIP","floor":10},{"not_picked":["Sweeping Beam","Double Energy","Fusion"],"picked":"SKIP","floor":12},{"not_picked":["White Noise","Reprogram","Blizzard"],"picked":"SKIP","floor":14}],"player_experience":800500,"relics_obtained":[{"floor":6,"key":"Whetstone"},{"floor":9,"key":"Akabeko"}],"event_choices":[{"damage_healed":0,"gold_gain":0,"player_choice":"Donut","damage_taken":0,"max_hp_gain":5,"max_hp_loss":0,"event_name":"Big Fish","floor":3,"gold_loss":0},{"damage_healed":0,"gold_gain":0,"player_choice":"Damaged","damage_taken":8,"max_hp_gain":0,"max_hp_loss":0,"event_name":"Wheel of Change","floor":11,"gold_loss":0}],"is_beta":false,"boss_relics":[],"items_purged_floors":[2],"is_endless":false,"potions_floor_spawned":[4,10,14],"killed_by":"Hexaghost","ascension_level":8}}