{"host":"r4aerl4ckfvw1dw3","time":1613446241,"event":{"mods":["BaseMod","BetterRewards","Minty Spire (QoL Compilation)","Quick Restart","StSLib"],"gold_per_floor":[118,129,145,159,175,175,206,206,206,206,206,306,40,55,55,152,452,468,484,494,494,494],"floor_reached":21,"language":"ENG","playtime":664,"items_purged":["Strike_B"],"score":220,"play_id":"f5ebe548-ee2d-4514-b4d0-f3836a0314d2","local_time":"20210215193041","is_ascension_mode":true,"campfire_choices":[{"floor":6,"key":"REST"},{"floor":8,"key":"REST"},{"data":"Buffer","floor":10,"key":"SMITH"},{"data":"Loop","floor":15,"key":"SMITH"}],"circlet_count":0,"master_deck":["Strike_B+1","Strike_B","Strike_B","Defend_B","Defend_B","Defend_B","Defend_B","Zap","Dualcast","Fission","Loop+1","Doom and Gloom+1","Coolheaded","Sweeping Beam","Ball Lightning","Buffer+1","Genetic Algorithm","Echo Form","CurseOfTheBell","Stack","Turbo","Conserve Battery"],"relics":["Cracked Core","Whetstone","Medical Kit","Calling Bell","Tiny Chest","StrikeDummy","Old Coin"],"acts_visited":["Exordium","TheCity"],"potions_floor_usage":[16,20],"damage_taken":[{"damage":7,"enemies":"Jaw Worm","floor":1,"turns":3},{"damage":13,"enemies":"Small Slimes","floor":2,"turns":3},{"damage":6,"enemies":"Cultist","floor":3,"turns":4},{"damage":10,"enemies":"Looter","floor":4,"turns":3},{"damage":0,"enemies":"2 Fungi Beasts","floor":5,"turns":2},{"damage":32,"enemies":"Gremlin Nob","floor":7,"turns":4},{"damage":6,"enemies":"Exordium Wildlife","floor":14,"turns":5},{"damage":5,"enemies":"The Guardian","floor":16,"turns":8},{"damage":13,"enemies":"3 Byrds","floor":18,"turns":4},{"damage":8,"enemies":"Chosen","floor":19,"turns":6},{"damage":26,"enemies":"Snake Plant","floor":20,"turns":4},{"damage":47,"enemies":"Shelled Parasite and Fungi","floor":21,"turns":4}],"seed_played":"6823195572392479671","potions_obtained":[{"floor":2,"key":"Dexterity Potion"},{"floor":5,"key":"LiquidBronze"},{"floor":7,"key":"FocusPotion"},{"floor":16,"key":"FearPotion"},{"floor":20,"key":"BlessingOfTheForge"}],"is_trial":false,"path_per_floor":["M","M","M","M","M","R","E","R","T","R","?","?","$","M","R","B",null,"M","M","M","M"],"character_chosen":"DEFECT","items_purchased":["Medical Kit","Explosive Potion"],"campfire_rested":2,"item_purchase_floors":[13,13],"current_hp_per_floor":[68,55,49,39,39,61,29,51,51,51,51,51,51,45,45,40,75,62,54,28,0,0],"gold":494,"neow_bonus":"ONE_RANDOM_RARE_CARD","is_daily":false,"chose_seed":false,"campfire_upgraded":2,"win_rate":0.0,"timestamp":1613446241,"path_taken":["M","M","M","M","M","R","E","R","T","R","?","?","$","M","R","BOSS","M","M","?","M"],"items_purchased_type":["Relic","Potion"],"build_version":"2020-12-22","purchased_purges":1,"victory":false,"max_hp_per_floor":[75,75,75,75,75,75,75,75,75,75,75,75,75,75,75,75,75,75,75,75,75,75],"card_choices":[{"not_picked":["Sweeping Beam","Steam"],"picked":"Loop","floor":1},{"not_picked":["Force Field","Go for the Eyes"],"picked":"Doom and Gloom","floor":2},{"not_picked":["Tempest","Barrage"],"picked":"Coolheaded","floor":3},{"not_picked":["Gash","Chaos"],"picked":"Sweeping Beam","floor":4},{"not_picked":["Tempest","Compile Driver"],"picked":"Ball Lightning","floor":5},{"not_picked":["Force Field","Hologram"],"picked":"Buffer","floor":7},{"not_picked":["Stack","Auto Shields"],"picked":"Genetic Algorithm","floor":14},{"not_picked":["Biased Cognition","Multi-Cast"],"picked":"Echo Form","floor":16},{"not_picked":["Redo","Compile Driver"],"picked":"Stack","floor":18},{"not_picked":["Skim","Coolheaded"],"picked":"Turbo","floor":19},{"not_picked":["Ball Lightning+1","Genetic Algorithm"],"picked":"Conserve Battery","floor":20}],"player_experience":607232,"relics_obtained":[{"floor":9,"key":"Whetstone"},{"floor":17,"key":"Tiny Chest"},{"floor":17,"key":"StrikeDummy"},{"floor":17,"key":"Old Coin"}],"event_choices":[{"damage_healed":0,"gold_gain":0,"player_choice":"Ignored","damage_taken":0,"max_hp_gain":0,"max_hp_loss":0,"event_name":"Liars Game","floor":11,"gold_loss":0},{"damage_healed":0,"gold_gain":100,"player_choice":"Pray","damage_taken":0,"max_hp_gain":0,"max_hp_loss":0,"event_name":"Golden Shrine","floor":12,"gold_loss":0}],"is_beta":false,"boss_relics":[{"not_picked":["Astrolabe","Runic Dome"],"picked":"Calling Bell"}],"items_purged_floors":[13],"is_endless":false,"potions_floor_spawned":[2,5,7,16,20],"killed_by":"Shelled Parasite and Fungi","ascension_level":4}}