{"host":"m09tgwt98r7ugp6s","time":1613467223,"event":{"mods":["Aspiration","BaseMod","Conspire","Energized Spire","FoggyMod","GifTheSpireLib","Halation","Hubris","HumanHunterMod(????mod)","Infinite Spire","Marisa????????","Minty Spire (QoL Compilation)","Potionbrewer","Replay The Spire","Spicy Shops","StSLib","Thieving Mod","Wandering Minibosses"],"gold_per_floor":[119,119,219,236,260,260,287,287,287,287,287,287,287,298,298,298,298],"floor_reached":16,"language":"ENG","playtime":354,"items_purged":[],"score":121,"play_id":"97ee8ebe-5160-428f-b634-85cf5eea9fac","local_time":"20210216112023","is_ascension_mode":false,"campfire_choices":[{"data":"infinitespire:Punishment","floor":6,"key":"SMITH"},{"data":"Zap","floor":10,"key":"SMITH"},{"floor":15,"key":"REST"}],"circlet_count":0,"master_deck":["Strike_B","Strike_B","Strike_B","Strike_B","Defend_B","Defend_B","Defend_B","Defend_B","Zap+1","Dualcast","ReplayTheSpireMod:Calculation Training","infinitespire:Punishment+1","Barrage","Hologram"],"relics":["Cracked Core","NeowsBlessing","MealTicket","Nunchaku","Frozen Egg 2","halation:PinkSoulGem"],"acts_visited":["Exordium"],"potions_floor_usage":[16],"damage_taken":[{"damage":0,"enemies":"Small Slimes","floor":1,"turns":1},{"damage":0,"enemies":"Cultist","floor":4,"turns":1},{"damage":0,"enemies":"3 Sentries","floor":7,"turns":1},{"damage":52,"enemies":"2 Louse","floor":14,"turns":9},{"damage":47,"enemies":"Hexaghost","floor":16,"turns":11}],"seed_played":"-6298007085122134742","potions_obtained":[{"floor":4,"key":"potionbrewer:DiscountPotion"},{"floor":14,"key":"PowerPotion"}],"is_trial":false,"path_per_floor":["M","?","?","M","T","R","E","$","T","R","$","?","?","M","R","B"],"character_chosen":"DEFECT","items_purchased":[],"campfire_rested":1,"item_purchase_floors":[],"current_hp_per_floor":[75,58,58,58,58,58,58,73,73,73,75,75,75,23,45,0,0],"gold":298,"neow_bonus":"THREE_ENEMY_KILL","is_daily":false,"chose_seed":false,"campfire_upgraded":2,"win_rate":0.0,"timestamp":1613467223,"path_taken":["M","?","?","?","?","R","E","?","T","R","$","?","?","?","R","BOSS"],"items_purchased_type":[],"build_version":"2020-12-22","purchased_purges":0,"victory":false,"max_hp_per_floor":[75,75,75,75,75,75,75,75,75,75,75,75,75,75,75,75,75],"card_choices":[{"not_picked":["Scrape","Redo"],"picked":"ReplayTheSpireMod:Calculation Training","floor":1},{"not_picked":["infinitespire:Menacing","infinitespire:NeuralNetwork"],"picked":"infinitespire:Punishment","floor":2},{"not_picked":["hubris:PowerSurge","Doom and Gloom"],"picked":"Barrage","floor":4},{"not_picked":["ReplaySolidLightProjector","BasicCrystalCard"],"picked":"Hologram","floor":7},{"not_picked":["ReplayTheSpireMod:Reroute Power","Panic Button","Rip and Tear"],"picked":"SKIP","floor":14}],"player_experience":128523,"relics_obtained":[{"floor":5,"key":"MealTicket"},{"floor":7,"key":"Nunchaku"},{"floor":9,"key":"Frozen Egg 2"}],"event_choices":[{"damage_healed":0,"gold_gain":100,"player_choice":"Pray","damage_taken":0,"max_hp_gain":0,"max_hp_loss":0,"event_name":"Golden Shrine","floor":3,"gold_loss":0},{"damage_healed":0,"gold_gain":0,"player_choice":"Disagree","damage_taken":0,"max_hp_gain":0,"max_hp_loss":0,"event_name":"conspire:LoneGhost","floor":12,"gold_loss":0}],"is_beta":false,"boss_relics":[],"items_purged_floors":[],"is_endless":false,"potions_floor_spawned":[4,14],"killed_by":"Hexaghost","ascension_level":0}}