{"host":"kvo7eymyd21g9abd","time":1613434907,"event":{"mods":["AchievementEnabler","BaseMod","Bestiary","Colored Map","Minty Spire (QoL Compilation)","StSLib"],"gold_per_floor":[117,117,36,36,53,53,53,53,53,122,165,189,213,257,257,386,386,402,402,402],"floor_reached":19,"language":"ENG","playtime":410,"items_purged":[],"score":270,"play_id":"893d9e8d-55fc-4423-a31e-0b75eaa243ea","local_time":"20210215192147","is_ascension_mode":true,"campfire_choices":[{"floor":6,"key":"RECALL"},{"floor":8,"key":"REST"},{"floor":15,"key":"REST"}],"circlet_count":0,"master_deck":["Strike_R","Strike_R","Strike_R","Strike_R","Strike_R","Defend_R","Defend_R","Defend_R","Defend_R","Bash","Flex","Reaper","Immolate","Sever Soul","Havoc","Fire Breathing","Offering","Havoc"],"relics":["Black Blood","NeowsBlessing","Golden Idol","Smiling Mask","Toy Ornithopter"],"acts_visited":["Exordium","TheCity"],"potions_floor_usage":[14,18],"damage_taken":[{"damage":0,"enemies":"Small Slimes","floor":1,"turns":1},{"damage":0,"enemies":"Jaw Worm","floor":5,"turns":1},{"damage":0,"enemies":"3 Sentries","floor":11,"turns":2},{"damage":1,"enemies":"Cultist","floor":12,"turns":3},{"damage":25,"enemies":"3 Louse","floor":13,"turns":3},{"damage":47,"enemies":"Lagavulin","floor":14,"turns":6},{"damage":18,"enemies":"Slime Boss","floor":16,"turns":7},{"damage":58,"enemies":"3 Byrds","floor":18,"turns":4},{"damage":39,"enemies":"Shell Parasite","floor":19,"turns":3}],"seed_played":"-2871237661213262552","potions_obtained":[{"floor":11,"key":"SteroidPotion"},{"floor":14,"key":"SteroidPotion"}],"is_trial":false,"path_per_floor":["M","?","$","?","M","R","?","R","T","?","E","M","M","E","R","B",null,"M","M"],"character_chosen":"IRONCLAD","items_purchased":["Reaper"],"campfire_rested":2,"item_purchase_floors":[3],"current_hp_per_floor":[78,78,78,78,80,80,60,80,80,80,80,80,61,22,46,52,73,32,0,0],"gold":402,"neow_bonus":"THREE_ENEMY_KILL","is_daily":false,"chose_seed":false,"campfire_upgraded":0,"win_rate":0.0,"timestamp":1613434907,"path_taken":["M","?","$","?","?","R","?","R","T","?","E","M","M","E","R","BOSS","M","M"],"items_purchased_type":["Card"],"build_version":"2020-12-22","purchased_purges":0,"victory":false,"max_hp_per_floor":[80,80,80,80,80,80,80,80,80,80,80,80,80,80,80,80,80,80,80,80],"card_choices":[{"not_picked":["Shrug It Off","Clothesline"],"picked":"Flex","floor":1},{"not_picked":["Sentinel","Blood for Blood"],"picked":"Immolate","floor":5},{"not_picked":["Wild Strike","Shrug It Off"],"picked":"Sever Soul","floor":11},{"not_picked":["Intimidate","Armaments"],"picked":"Havoc","floor":12},{"not_picked":["Heavy Blade","Entrench"],"picked":"Fire Breathing","floor":13},{"not_picked":["Intimidate","Pommel Strike"],"picked":"Offering","floor":14},{"not_picked":["Whirlwind","Entrench"],"picked":"Havoc","floor":18}],"player_experience":462747,"relics_obtained":[{"floor":11,"key":"Smiling Mask"},{"floor":14,"key":"Toy Ornithopter"}],"event_choices":[{"damage_healed":0,"gold_gain":0,"player_choice":"Leave","damage_taken":0,"max_hp_gain":0,"max_hp_loss":0,"event_name":"The Cleric","floor":2,"gold_loss":0},{"damage_healed":0,"gold_gain":0,"player_choice":"Ignored","damage_taken":0,"max_hp_gain":0,"max_hp_loss":0,"event_name":"Purifier","floor":4,"gold_loss":0},{"damage_healed":0,"gold_gain":0,"player_choice":"Take Damage","damage_taken":20,"relics_obtained":["Golden Idol"],"max_hp_gain":0,"max_hp_loss":0,"event_name":"Golden Idol","floor":7,"gold_loss":0},{"damage_healed":0,"gold_gain":69,"player_choice":"Gained Gold","damage_taken":0,"max_hp_gain":0,"max_hp_loss":0,"event_name":"Golden Wing","floor":10,"gold_loss":0}],"is_beta":false,"boss_relics":[{"not_picked":["SlaversCollar","Velvet Choker"],"picked":"Black Blood"}],"items_purged_floors":[],"is_endless":false,"potions_floor_spawned":[11,14],"killed_by":"Shell Parasite","ascension_level":7}}