{"host":"me7pax5d7uwssv6n","time":1613478338,"event":{"mods":["BaseMod","Minty Spire (QoL Compilation)","Replay The Spire","StSLib"],"gold_per_floor":[119,133,133,133,153,153,184,184,210,210,210,56,88,101,101,197,197,215,205,205,224,244,244,277,291,316,516,131,131,141,141,141,236,236,246,266,266,279,295,327,340,340,366,381,401,411,117,133,133,133,133,133,133,163,163],"floor_reached":56,"language":"ENG","playtime":6017,"items_purged":["Strike_B"],"score":1463,"play_id":"cafb11eb-60be-43a5-8923-3d479f9f1b7c","local_time":"20210216202538","is_ascension_mode":false,"campfire_choices":[{"data":"Zap","floor":6,"key":"SMITH"},{"floor":10,"key":"REST"},{"floor":15,"key":"REST"},{"floor":23,"key":"REST"},{"floor":29,"key":"REST"},{"data":"Mirror Shield","floor":32,"key":"SMITH"},{"data":"Hologram","floor":42,"key":"SMITH"},{"floor":49,"key":"RECALL"},{"data":"Scrape","floor":52,"key":"SMITH"}],"circlet_count":0,"master_deck":["Strike_B+1","Strike_B+1","Defend_B+1","Defend_B+1","Defend_B","Zap+1","Dualcast","Conserve Battery","Redo+1","Conserve Battery","Machine Learning","Scrape+1","ReplayGash","Mirror Shield+1","Go for the Eyes","Beam Cell+1","Skim+1","Reboot","Compile Driver+1","Time Bomb+1","Hologram+1","Reprogram+1","Hologram+1"],"relics":["Black Star","Pen Nib","Blood Vial","Lantern","Medical Kit","Pet Ghost","Dream Catcher","Painkiller Herb","Replay:PocketPolymizer","Bag of Marbles","Simple Rune","Thread and Needle","Replay:Baseball","Nuclear Battery","CaptainsWheel","Letter Opener","Replay:Towering Pillar of Hats","Replay:Mystery Machine","Gremlin Food"],"acts_visited":["Exordium","TheCity","TheBeyond","TheEnding"],"potions_floor_usage":[7,7,13,33,41],"damage_taken":[{"damage":15,"enemies":"Jaw Worm","floor":1,"turns":4},{"damage":0,"enemies":"Small Slimes","floor":2,"turns":3},{"damage":1,"enemies":"2 Louse","floor":5,"turns":3},{"damage":23,"enemies":"Gremlin Nob","floor":7,"turns":5},{"damage":11,"enemies":"3 Sentries","floor":13,"turns":8},{"damage":8,"enemies":"Lots of Slimes","floor":14,"turns":2},{"damage":31,"enemies":"Fading Forest","floor":16,"turns":11},{"damage":0,"enemies":"Chosen","floor":18,"turns":4},{"damage":18,"enemies":"2 Thieves","floor":19,"turns":4},{"damage":14,"enemies":"Snecko","floor":21,"turns":6},{"damage":17,"enemies":"Centurion and Healer","floor":22,"turns":7},{"damage":1,"enemies":"Book of Stabbing","floor":24,"turns":4},{"damage":4,"enemies":"Cultist and Chosen","floor":25,"turns":6},{"damage":12,"enemies":"Snake Plant","floor":30,"turns":3},{"damage":1,"enemies":"Pondfish","floor":33,"turns":11},{"damage":0,"enemies":"3 Darklings","floor":35,"turns":4},{"damage":0,"enemies":"3 Shapes","floor":36,"turns":4},{"damage":0,"enemies":"Transient","floor":38,"turns":5},{"damage":0,"enemies":"Sphere and 2 Shapes","floor":39,"turns":4},{"damage":0,"enemies":"R_Hoarder","floor":40,"turns":7},{"damage":0,"enemies":"4 Shapes","floor":41,"turns":3},{"damage":0,"enemies":"Spire Growth","floor":44,"turns":3},{"damage":0,"enemies":"Transient","floor":45,"turns":5},{"damage":8,"enemies":"Maw","floor":46,"turns":5},{"damage":0,"enemies":"4 Shapes","floor":48,"turns":1},{"damage":2,"enemies":"Donu and Deca","floor":50,"turns":7},{"damage":0,"enemies":"Shield and Spear","floor":54,"turns":6},{"damage":6,"enemies":"The Heart","floor":55,"turns":9}],"seed_played":"-1091920378840048356","potions_obtained":[{"floor":1,"key":"FearPotion"},{"floor":2,"key":"Adrenaline Potion"},{"floor":5,"key":"Dexterity Potion"},{"floor":13,"key":"Dexterity Potion"},{"floor":19,"key":"Languid Potion"},{"floor":24,"key":"BlessingOfTheForge"},{"floor":35,"key":"PotionOfCapacity"},{"floor":36,"key":"Adrenaline Potion"},{"floor":46,"key":"SpeedPotion"}],"is_trial":false,"path_per_floor":["M","M","?","?","M","R","E","?","T","R","?","$","E","M","R","B",null,"?","?","T","?","?","T","E","?","T","?","T","T","?","T","T","B",null,"?","?","?","?","?","E","?","T","T","?","?","?","T","?","T","B",null,"T","T","E","B",null],"character_chosen":"DEFECT","items_purchased":["Medical Kit","Thread and Needle","Replay:Towering Pillar of Hats"],"campfire_rested":4,"item_purchase_floors":[12,28,47],"current_hp_per_floor":[60,60,60,60,59,59,36,36,36,58,43,43,34,28,50,31,75,75,57,57,45,30,52,53,51,51,33,33,55,45,45,45,46,75,75,75,75,75,75,75,75,75,75,75,75,67,67,69,69,69,75,75,75,75,69],"gold":163,"neow_bonus":"BOSS_RELIC","is_daily":false,"chose_seed":false,"campfire_upgraded":4,"win_rate":0.0,"timestamp":1613478338,"path_taken":["M","M","?","?","M","R","E","?","T","R","?","?","E","M","R","BOSS","?","?","T","?","?","T","E","?","T","?","T","T","?","?","T","BOSS","?","?","?","?","?","E","?","T","T","?","?","?","T","?","T","BOSS","T","T","E","BOSS"],"items_purchased_type":["Relic","Relic","Relic"],"build_version":"2020-12-22","purchased_purges":1,"victory":true,"max_hp_per_floor":[75,75,75,75,75,75,75,75,75,75,75,75,75,75,75,75,75,75,75,75,75,75,75,75,75,75,75,75,75,75,75,75,75,75,75,75,75,75,75,75,75,75,75,75,75,75,75,75,75,75,75,75,75,75,75],"card_choices":[{"not_picked":["Barrage","Darkness"],"picked":"Conserve Battery","floor":1},{"not_picked":["Redo","Cold Snap","Tempest"],"picked":"SKIP","floor":2},{"not_picked":["Undo","Redo"],"picked":"Conserve Battery","floor":5},{"not_picked":["Undo","Streamline"],"picked":"Machine Learning","floor":7},{"not_picked":["Gash","Compile Driver"],"picked":"Scrape","floor":13},{"not_picked":["BasicCrystalCard","Leap","Blizzard"],"picked":"SKIP","floor":14},{"not_picked":["Leap","Skim"],"picked":"ReplayGash","floor":15},{"not_picked":["Multi-Cast","Biased Cognition"],"picked":"Mirror Shield","floor":16},{"not_picked":["ReplayTheSpireMod:Repulse","Skim"],"picked":"Go for the Eyes","floor":18},{"not_picked":["BootSequence","Leap","Hello World"],"picked":"SKIP","floor":19},{"not_picked":["Rebound","Rip and Tear","Stack"],"picked":"SKIP","floor":21},{"not_picked":["Redo+1","Glacier"],"picked":"Beam Cell+1","floor":22},{"not_picked":["Consume+1","Ball Lightning"],"picked":"Skim","floor":23},{"not_picked":["Beam Cell","Sweeping Beam","Go for the Eyes"],"picked":"SKIP","floor":24},{"not_picked":["Conserve Battery+1","Barrage","Hello World"],"picked":"SKIP","floor":25},{"not_picked":["Chill","Self Repair","Rebound"],"picked":"SKIP","floor":30},{"not_picked":["ReplayTheSpireMod:Omega Cannon","Fission"],"picked":"Reboot","floor":33},{"not_picked":["Steam+1","ReplaySort"],"picked":"Compile Driver+1","floor":35},{"not_picked":["Coolheaded","Compile Driver+1"],"picked":"Time Bomb+1","floor":36},{"not_picked":["Redo+1","FIFO Queue"],"picked":"Hologram","floor":38},{"not_picked":["Darkness","Stack","Leap+1"],"picked":"SKIP","floor":39},{"not_picked":["Sweeping Beam","ReplayTheSpireMod:System Scan"],"picked":"Reprogram+1","floor":40},{"not_picked":["Panic Button+1","BasicCrystalCard+1","ReplayGash+1"],"picked":"SKIP","floor":41},{"not_picked":["Compile Driver+1","Biased Cognition"],"picked":"Hologram+1","floor":44},{"not_picked":["Go for the Eyes","Rebound","Coolheaded"],"picked":"SKIP","floor":45},{"not_picked":["Defragment+1","Fusion","Conserve Battery+1"],"picked":"SKIP","floor":46},{"not_picked":["Static Discharge","Steam+1","Hologram+1"],"picked":"SKIP","floor":48},{"not_picked":["Biased Cognition","Cold Snap+1","BasicCrystalCard+1"],"picked":"SKIP","floor":54}],"player_experience":17831,"relics_obtained":[{"floor":7,"key":"Pen Nib"},{"floor":7,"key":"Blood Vial"},{"floor":9,"key":"Lantern"},{"floor":13,"key":"Pet Ghost"},{"floor":13,"key":"Dream Catcher"},{"floor":24,"key":"Replay:PocketPolymizer"},{"floor":24,"key":"Bag of Marbles"},{"floor":26,"key":"Simple Rune"},{"floor":31,"key":"Replay:Baseball"},{"floor":40,"key":"CaptainsWheel"},{"floor":40,"key":"Letter Opener"},{"floor":54,"key":"Replay:Mystery Machine"},{"floor":54,"key":"Gremlin Food"}],"event_choices":[{"damage_healed":0,"gold_gain":0,"player_choice":"Ignored","damage_taken":0,"max_hp_gain":0,"max_hp_loss":0,"event_name":"Liars Game","floor":3,"gold_loss":0},{"cards_removed":["Strike_B"],"damage_healed":0,"gold_gain":0,"player_choice":"Forget","damage_taken":0,"max_hp_gain":0,"max_hp_loss":0,"event_name":"Living Wall","floor":8,"gold_loss":0},{"damage_healed":0,"gold_gain":0,"player_choice":"Entered Light","damage_taken":15,"max_hp_gain":0,"max_hp_loss":0,"event_name":"Shining Light","floor":11,"gold_loss":0,"cards_upgraded":["Strike_B","Strike_B"]},{"damage_healed":0,"gold_gain":0,"player_choice":"Forge","damage_taken":0,"max_hp_gain":0,"max_hp_loss":0,"event_name":"Accursed Blacksmith","floor":37,"gold_loss":0,"cards_upgraded":["Skim"]}],"is_beta":false,"boss_relics":[{"not_picked":["Velvet Choker","Philosopher\u0027s Stone"],"picked":"Painkiller Herb"},{"not_picked":["Replay:Wanted Poster","ChewingGum"],"picked":"Nuclear Battery"}],"items_purged_floors":[28],"is_endless":false,"potions_floor_spawned":[1,2,5,13,19,24,35,36,40,46],"ascension_level":0}}