{"host":"no5f9c6q31porkj5","time":1613471755,"event":{"mods":["BaseMod","Marisa£¨Ùöéë¡¡Øª×âÞÞ£©","Minty Spire (QoL Compilation)","StSLib","Td1madao Mod","The Cursed","The Gatherer","The Runesmith"],"gold_per_floor":[113,999999391,999999391,999998705,999998705,999998705,999998787,999998787,999998787,999998787,999998844,999998097,999998097,999998123,999998123,999998253,999998253,999998271,999998284,999998299,999998299,999997634,999997634,999997002,999997002,999997002,999997002,999997002,999996645,999996645,999996665,999996665,999996665,999996665],"floor_reached":33,"language":"KOR","playtime":681,"items_purged":["Survivor"],"score":375,"play_id":"07bcf317-7108-40f5-9be8-28cf4fbd3503","local_time":"20210216193555","daily_mods":["Vintage","Time Dilation","Flight"],"is_ascension_mode":false,"campfire_choices":[{"data":"Footwork","floor":6,"key":"SMITH"},{"data":"Blade Dance","floor":8,"key":"SMITH"},{"data":"Neutralize","floor":10,"key":"SMITH"},{"floor":15,"key":"REST"},{"data":"Cloak And Dagger","floor":23,"key":"SMITH"},{"data":"Defend_G","floor":25,"key":"SMITH"},{"data":"Defend_G","floor":27,"key":"SMITH"},{"data":"Defend_G","floor":32,"key":"SMITH"}],"circlet_count":0,"master_deck":["Strike_G","Strike_G","Strike_G","Strike_G","Strike_G+1","Defend_G","Defend_G+1","Defend_G+1","Defend_G+1","Defend_G+1","Neutralize+1","Blade Dance+1","Footwork+1","Cloak And Dagger+1","Accuracy+1","Slice+1","A Thousand Cuts+1","Infinite Blades+1","Panacea+1"],"relics":["Ring of the Snake","Ninja Scroll","TungstenRod","Sling","Centennial Puzzle","PreservedInsect","Mango","Question Card","Molten Egg 2","Runesmith:AutoHammer","Frozen Egg 2","Matryoshka","TwistedFunnel","Golden Idol","Meat on the Bone","Pen Nib","MealTicket","Lizard Tail","CeramicFish","Lantern","Blood Vial","Pear","TheAbacus","Bottled Tornado","Strawberry","The Specimen","Membership Card","Mummified Hand","Toxic Egg 2","Medical Kit","Singing Bowl","Mercury Hourglass"],"acts_visited":["Exordium","TheCity"],"potions_floor_usage":[18],"damage_taken":[{"damage":0,"enemies":"Cultist","floor":1,"turns":4},{"damage":0,"enemies":"Gremlin Nob","floor":11,"turns":2},{"damage":0,"enemies":"Slime Boss","floor":16,"turns":6},{"damage":0,"enemies":"3 Byrds","floor":18,"turns":2},{"damage":3,"enemies":"2 Thieves","floor":19,"turns":2},{"damage":20,"enemies":"Shelled Parasite and Fungi","floor":20,"turns":3},{"damage":0,"enemies":"3 Cultists","floor":31,"turns":2},{"damage":10,"enemies":"Champ","floor":33,"turns":7}],"seed_played":"-5071052392907524157","potions_obtained":[{"floor":16,"key":"Fire Potion"},{"floor":18,"key":"SteroidPotion"}],"is_trial":true,"path_per_floor":["M","$","?","$","?","R","T","R","T","R","?","$","?","T","R","B",null,"M","M","M","T","$","R","$","R","T","R","?","$","?","M","R","B"],"character_chosen":"THE_SILENT","items_purchased":["TungstenRod","Sling","Centennial Puzzle","Mango","Question Card","Blade Dance","Footwork","Frozen Egg 2","Accuracy+1","Slice+1","Matryoshka","TwistedFunnel","Pear","TheAbacus","Bottled Tornado","Strawberry","The Specimen","Membership Card","Infinite Blades+1","Toxic Egg 2","Medical Kit","Singing Bowl","Panacea+1"],"campfire_rested":1,"item_purchase_floors":[2,2,2,4,4,4,4,12,12,12,12,12,22,22,22,24,24,24,24,29,29,29,29],"current_hp_per_floor":[70,70,68,82,66,66,66,66,66,66,66,66,46,46,71,71,84,84,81,61,61,86,86,101,101,101,101,89,101,96,98,98,90,90],"gold":999996665,"neow_bonus":"","is_daily":false,"chose_seed":false,"campfire_upgraded":7,"win_rate":0.0,"timestamp":1613471755,"path_taken":["M","$","?","$","?","R","?","R","T","R","?","$","?","?","R","BOSS","M","?","M","?","$","R","$","R","T","R","?","$","?","M","R","BOSS"],"items_purchased_type":["Relic","Relic","Relic","Relic","Relic","Card","Card","Relic","Card","Card","Relic","Relic","Relic","Relic","Relic","Relic","Relic","Relic","Card","Relic","Relic","Relic","Card"],"build_version":"2020-12-22","purchased_purges":1,"victory":false,"max_hp_per_floor":[70,70,70,84,84,84,84,84,84,84,84,84,84,84,84,84,84,84,84,84,84,94,94,101,101,101,101,101,101,101,101,101,101,101],"card_choices":[{"not_picked":["Deadly Poison","PiercingWail","Dagger Throw+1"],"picked":"Cloak And Dagger","floor":11},{"not_picked":["Unload+1","Adrenaline","Phantasmal Killer"],"picked":"A Thousand Cuts+1","floor":16}],"player_experience":142183,"relics_obtained":[{"floor":1,"key":"Ninja Scroll"},{"floor":9,"key":"Molten Egg 2"},{"floor":14,"key":"Meat on the Bone"},{"floor":14,"key":"Pen Nib"},{"floor":18,"key":"MealTicket"},{"floor":19,"key":"Lizard Tail"},{"floor":20,"key":"CeramicFish"},{"floor":21,"key":"Lantern"},{"floor":21,"key":"Blood Vial"},{"floor":26,"key":"Mummified Hand"},{"floor":31,"key":"Mercury Hourglass"}],"event_choices":[{"damage_healed":0,"gold_gain":0,"player_choice":"Success","damage_taken":3,"relics_obtained":["PreservedInsect"],"max_hp_gain":0,"max_hp_loss":0,"event_name":"Scrap Ooze","floor":3,"gold_loss":0},{"damage_healed":0,"gold_gain":0,"player_choice":"Entered Light","damage_taken":17,"max_hp_gain":0,"max_hp_loss":0,"event_name":"Shining Light","floor":5,"gold_loss":0,"cards_upgraded":["Strike_G","Defend_G"]},{"damage_healed":0,"gold_gain":0,"player_choice":"Searched \u00273\u0027 times","damage_taken":0,"relics_obtained":["Runesmith:AutoHammer"],"max_hp_gain":0,"max_hp_loss":0,"event_name":"Dead Adventurer","floor":11,"gold_loss":0},{"damage_healed":0,"gold_gain":0,"player_choice":"Take Damage","damage_taken":21,"relics_obtained":["Golden Idol"],"max_hp_gain":0,"max_hp_loss":0,"event_name":"Golden Idol","floor":13,"gold_loss":0},{"damage_healed":0,"gold_gain":0,"player_choice":"Obtained Book","damage_taken":16,"max_hp_gain":0,"max_hp_loss":0,"event_name":"Cursed Tome","floor":28,"gold_loss":0},{"damage_healed":0,"gold_gain":0,"player_choice":"","damage_taken":6,"max_hp_gain":0,"max_hp_loss":0,"event_name":"Knowing Skull","floor":30,"potions_obtained":[],"gold_loss":0,"cards_obtained":[]}],"is_beta":false,"boss_relics":[{"not_picked":["Calling Bell","Velvet Choker","Coffee Dripper"]}],"items_purged_floors":[2],"is_endless":true,"potions_floor_spawned":[16,18],"killed_by":"Champ","ascension_level":0}}