{"host":"hf26dlu7397s98tc","time":1613487263,"event":{"mods":["100% Spire Juice","Act Like it!","Arknights","Astrologer","BaseMod","CapriCore","GifTheSpireLib","Hermit","Luminous","Minty Spire (QoL Compilation)","Pale of the Ancients","Quick Restart","Reliquary","Robot Space Explorer","StSLib","The Dragon Tamer","The Gatherer","TheWitcher","UnlockEverythingMod","°æ“≈ŒÔø®≈∆°øREMEMod","≤–¡Ù÷ÆŒÔ"],"gold_per_floor":[115,115,290,303,323,323,323],"floor_reached":6,"language":"ZHS","playtime":411,"items_purged":[],"score":36,"play_id":"003db165-5217-48f3-8142-f50eb43a3823","local_time":"20210216225423","is_ascension_mode":false,"campfire_choices":[],"circlet_count":0,"master_deck":["Moonworks:Strike","Moonworks:Strike","Moonworks:Strike","Moonworks:Defend","Moonworks:Defend","Moonworks:Defend","Moonworks:Defend","Moonworks:Ambush","Moonworks:LongDistanceShot","PlaceholderMod:Eat","Doubt","Moonworks:AngelHand","Moonworks:StiffCrystal"],"relics":["Moonworks:BrokenBomb","Moonworks:Homemark","REME_ComplimentaryCards","NeowsBlessing"],"acts_visited":["Exordium"],"potions_floor_usage":[],"damage_taken":[{"damage":0,"enemies":"ats:Genji","floor":1,"turns":1},{"damage":0,"enemies":"Jaw Worm","floor":4,"turns":1},{"damage":0,"enemies":"Cultist","floor":5,"turns":1},{"damage":61,"enemies":"3 Sentries","floor":6,"turns":14}],"seed_played":"-6190859458341888509","potions_obtained":[],"is_trial":false,"path_per_floor":["M","?","?","M","M","E"],"character_chosen":"THE_STARBREAKER","items_purchased":[],"campfire_rested":0,"item_purchase_floors":[],"current_hp_per_floor":[60,60,60,60,60,0,0],"gold":323,"neow_bonus":"THREE_ENEMY_KILL","is_daily":false,"chose_seed":false,"campfire_upgraded":0,"win_rate":0.0,"timestamp":1613487263,"path_taken":["M","?","?","?","M","E"],"items_purchased_type":[],"build_version":"2020-12-22","purchased_purges":0,"victory":false,"max_hp_per_floor":[60,60,60,60,60,60,60],"card_choices":[{"not_picked":["Moonworks:TreasureThief","Moonworks:BigMagnum","Moonworks:SelfDestruct"],"picked":"SKIP","floor":1},{"not_picked":["Moonworks:TacticalRetreat","Moonworks:RagingMadness"],"picked":"Moonworks:AngelHand","floor":4},{"not_picked":["Moonworks:Assault","Moonworks:SakisCookie"],"picked":"Moonworks:StiffCrystal","floor":5}],"player_experience":223678,"relics_obtained":[],"event_choices":[{"cards_removed":["Moonworks:Strike"],"damage_healed":0,"gold_gain":0,"player_choice":"Forget","damage_taken":0,"max_hp_gain":0,"max_hp_loss":0,"event_name":"Living Wall","floor":2,"gold_loss":0},{"damage_healed":0,"gold_gain":175,"player_choice":"AGREE","damage_taken":0,"max_hp_gain":0,"max_hp_loss":0,"event_name":"Liars Game","floor":3,"gold_loss":0,"cards_obtained":["Doubt"]}],"is_beta":false,"boss_relics":[],"items_purged_floors":[],"is_endless":false,"potions_floor_spawned":[],"killed_by":"3 Sentries","ascension_level":0}}