{"host":"cjhtzh7tp54jdfyv","time":1613518025,"event":{"mods":["AchievementEnabler","BaseMod","Colored Map","Colored Powertips","Curses Come First","DeckTracker","Filter the Spire","Minty Spire (QoL Compilation)","RNG Fix","Relic Sorter","Relic Stats","StSLib","UnlockEverythingMod","ojb\u0027s Better Paths Mod","ojb\u0027s Info Mod"],"gold_per_floor":[117,117,128,147,167,192,252,285,337,368,387,387,387],"floor_reached":12,"language":"ENG","playtime":798,"items_purged":[],"score":204,"play_id":"68416234-ea5a-4bd8-b1f2-a267e5a83fc1","local_time":"20210216182705","is_ascension_mode":true,"campfire_choices":[],"circlet_count":0,"master_deck":["AscendersBane","Strike_P","Strike_P","Strike_P","Strike_P","Defend_P","Defend_P","Defend_P","Defend_P","Eruption","Vigilance","Adaptation","JustLucky","JustLucky","FearNoEvil","SignatureMove","Tantrum"],"relics":["Fusion Hammer","White Beast Statue","Art of War","Frozen Egg 2"],"acts_visited":["Exordium"],"potions_floor_usage":[8,10,10,10,10],"damage_taken":[{"damage":0.0,"enemies":"Small Slimes","floor":1.0,"turns":4.0},{"damage":0.0,"enemies":"Cultist","floor":3.0,"turns":3.0},{"damage":4.0,"enemies":"2 Louse","floor":4.0,"turns":4.0},{"damage":2.0,"enemies":"Looter","floor":5.0,"turns":4.0},{"damage":24.0,"enemies":"Gremlin Nob","floor":6.0,"turns":4.0},{"damage":0.0,"enemies":"Exordium Wildlife","floor":7.0,"turns":4.0},{"damage":3,"enemies":"Lagavulin","floor":8,"turns":5},{"damage":3,"enemies":"3 Sentries","floor":10,"turns":4},{"damage":0,"enemies":"2 Fungi Beasts","floor":11,"turns":2},{"damage":36,"enemies":"Lagavulin","floor":12,"turns":4}],"seed_played":"-424120512081244290","potions_obtained":[{"floor":3.0,"key":"Explosive Potion"},{"floor":5.0,"key":"ColorlessPotion"},{"floor":7.0,"key":"SkillPotion"},{"floor":8,"key":"EntropicBrew"},{"floor":10,"key":"SteroidPotion"},{"floor":11,"key":"LiquidMemories"}],"is_trial":false,"path_per_floor":["M","?","M","M","M","E","M","E","T","E","M","E"],"character_chosen":"WATCHER","items_purchased":[],"campfire_rested":0,"item_purchase_floors":[],"current_hp_per_floor":[61,61,61,57,55,31,31,28,28,25,25,0,0],"gold":387,"neow_bonus":"BOSS_RELIC","is_daily":false,"chose_seed":false,"campfire_upgraded":0,"win_rate":0.0,"timestamp":1613518025,"path_taken":["M","?","M","?","M","E","M","E","T","E","M","E"],"items_purchased_type":[],"build_version":"2020-12-22","purchased_purges":0,"victory":false,"max_hp_per_floor":[68,68,68,68,68,68,68,68,68,68,68,68,68],"relic_stats":{"counters":[10,38],"Art of War":[0],"obtain_stats":[{"Fusion Hammer":0,"Art of War":8,"PureWater":0,"Frozen Egg 2":10,"White Beast Statue":6},{"Fusion Hammer":0,"Art of War":7,"PureWater":0,"Frozen Egg 2":8,"White Beast Statue":5},{"Fusion Hammer":0,"Art of War":28,"PureWater":0,"Frozen Egg 2":32,"White Beast Statue":19}]},"card_choices":[{"not_picked":["Halt","ClearTheMind"],"picked":"Adaptation","floor":1.0},{"not_picked":["Weave","Wallop"],"picked":"JustLucky","floor":3.0},{"not_picked":["ClearTheMind","Protect"],"picked":"JustLucky","floor":4.0},{"not_picked":["PathToVictory","Prostrate","EmptyBody"],"picked":"SKIP","floor":5.0},{"not_picked":["SignatureMove","Consecrate"],"picked":"FearNoEvil","floor":6.0},{"not_picked":["DevaForm","ClearTheMind"],"picked":"SignatureMove","floor":7.0},{"not_picked":["FlyingSleeves","WreathOfFlame","Prostrate"],"picked":"SKIP","floor":8},{"not_picked":["WindmillStrike","WaveOfTheHand"],"picked":"Tantrum","floor":10},{"not_picked":["PathToVictory","Halt","ThirdEye"],"picked":"SKIP","floor":11}],"player_experience":4941221,"relics_obtained":[{"floor":6.0,"key":"White Beast Statue"},{"floor":8,"key":"Art of War"},{"floor":10,"key":"Frozen Egg 2"}],"event_choices":[{"damage_healed":0.0,"max_hp_gain":0.0,"max_hp_loss":0.0,"gold_gain":0.0,"event_name":"Liars Game","player_choice":"Ignored","floor":2.0,"gold_loss":0.0,"damage_taken":0.0}],"is_beta":false,"boss_relics":[],"items_purged_floors":[],"is_endless":false,"potions_floor_spawned":[3,5,7,8,10,11],"killed_by":"Lagavulin","ascension_level":20}}