{"host":"h0xw20cia6ppa69g","time":1613458690,"event":{"mods":["AchievementEnabler","BaseMod","Colored Map","Filter the Spire","Googly Eyes","Minty Spire (QoL Compilation)","Relic Stats","StSLib","The Awakened One except there are too many feathers","everything is the same but u backflip on backflip"],"gold_per_floor":[367,378,378,390,465,492,492,510,510,510,570,602,602,631,631,733,733,748,225,140,140,158,158,170,200,227,227,253,353,380,380,380,481,481,499,499,510,522,573,598,598,624,649,213,213,213,239,239,239,239,239,239,0,32,32],"floor_reached":56,"language":"ENG","playtime":3067,"items_purged":["Clash","Anger"],"score":1720,"play_id":"e9f30cf9-e45b-4a0e-bcbe-7b75aab7022b","local_time":"20210216005810","is_ascension_mode":true,"campfire_choices":[{"data":"Searing Blow","floor":7,"key":"SMITH"},{"floor":10,"key":"REST"},{"data":"Fire Breathing","floor":13,"key":"SMITH"},{"data":"Evolve","floor":15,"key":"SMITH"},{"data":"Armaments","floor":23,"key":"SMITH"},{"data":"Ghostly Armor","floor":27,"key":"SMITH"},{"data":"True Grit","floor":32,"key":"SMITH"},{"floor":41,"key":"RECALL"},{"data":"1","floor":45,"key":"LIFT"},{"data":"2","floor":49,"key":"LIFT"},{"data":"3","floor":52,"key":"LIFT"}],"circlet_count":0,"master_deck":["Bash","Fire Breathing+1","Searing Blow+2","Pommel Strike","Offering","Wild Strike","Fire Breathing","Evolve+1","Offering+1","Body Slam+1","Fiend Fire","Barricade","Juggernaut","Spot Weakness+1","Iron Wave","Armaments+1","RitualDagger","Metallicize","Shrug It Off","Ghostly Armor+1","True Grit+1","Armaments+1","Berserk","Warcry+1","Impatience","Purity","Apotheosis","Metallicize+1","Intimidate+1","Impervious","Body Slam"],"relics":["Burning Blood","FossilizedHelix","The Courier","Pear","InkBottle","Art of War","Pandora\u0027s Box","Juzu Bracelet","MealTicket","Gremlin Horn","Potion Belt","War Paint","Blood Vial","White Beast Statue","Runic Pyramid","Girya","Anchor","Nunchaku","Whetstone","CaptainsWheel","Akabeko","Smiling Mask","Vajra","Bag of Preparation","HornCleat"],"acts_visited":["Exordium","TheCity","TheBeyond","TheEnding"],"potions_floor_usage":[6,14,22,25,39,39,40,55,55,55,55],"damage_taken":[{"damage":6,"enemies":"Jaw Worm","floor":1,"turns":3},{"damage":8,"enemies":"Cultist","floor":2,"turns":5},{"damage":5,"enemies":"Small Slimes","floor":4,"turns":4},{"damage":41,"enemies":"Gremlin Nob","floor":6,"turns":5},{"damage":7,"enemies":"2 Fungi Beasts","floor":8,"turns":4},{"damage":17,"enemies":"3 Sentries","floor":11,"turns":5},{"damage":17,"enemies":"3 Sentries","floor":12,"turns":5},{"damage":14,"enemies":"Lagavulin","floor":14,"turns":7},{"damage":0,"enemies":"Slime Boss","floor":16,"turns":4},{"damage":12,"enemies":"Shell Parasite","floor":18,"turns":2},{"damage":21,"enemies":"2 Thieves","floor":22,"turns":3},{"damage":21,"enemies":"Shelled Parasite and Fungi","floor":24,"turns":3},{"damage":35,"enemies":"Book of Stabbing","floor":25,"turns":5},{"damage":6,"enemies":"Gremlin Leader","floor":28,"turns":7},{"damage":15,"enemies":"Slavers","floor":30,"turns":5},{"damage":0,"enemies":"Automaton","floor":33,"turns":12},{"damage":0,"enemies":"Orb Walker","floor":35,"turns":3},{"damage":0,"enemies":"3 Shapes","floor":37,"turns":4},{"damage":0,"enemies":"Jaw Worm Horde","floor":38,"turns":4},{"damage":0,"enemies":"2 Orb Walkers","floor":39,"turns":2},{"damage":6,"enemies":"Reptomancer","floor":40,"turns":6},{"damage":6,"enemies":"Giant Head","floor":42,"turns":8},{"damage":30,"enemies":"Nemesis","floor":47,"turns":7},{"damage":12,"enemies":"Donu and Deca","floor":50,"turns":7},{"damage":0,"enemies":"Shield and Spear","floor":54,"turns":6},{"damage":54,"enemies":"The Heart","floor":55,"turns":8}],"seed_played":"9023326945406060983","potions_obtained":[{"floor":1,"key":"SkillPotion"},{"floor":4,"key":"SneckoOil"},{"floor":11,"key":"Energy Potion"},{"floor":12,"key":"Strength Potion"},{"floor":18,"key":"DistilledChaos"},{"floor":24,"key":"DistilledChaos"},{"floor":30,"key":"PowerPotion"},{"floor":33,"key":"Explosive Potion"},{"floor":35,"key":"CultistPotion"},{"floor":37,"key":"Fire Potion"},{"floor":39,"key":"Block Potion"},{"floor":40,"key":"BloodPotion"},{"floor":42,"key":"Energy Potion"},{"floor":54,"key":"SkillPotion"}],"is_trial":false,"path_per_floor":["M","M","?","M","?","E","R","M","T","R","?","E","R","E","R","B",null,"M","$","?","?","M","R","M","E","T","R","E","?","E","?","R","B",null,"M","?","M","M","?","E","R","E","T","$","R","?","E","?","R","B",null,"R","$","E","B",null],"character_chosen":"IRONCLAD","items_purchased":["Shrug It Off","Juzu Bracelet","MealTicket","Gremlin Horn","CaptainsWheel","Akabeko","Vajra","Bag of Preparation"],"campfire_rested":1,"item_purchase_floors":[19,19,19,19,44,44,53,53],"current_hp_per_floor":[56,54,54,55,44,9,9,8,8,32,31,20,20,12,12,18,90,84,84,84,78,63,63,48,19,19,19,19,19,12,12,12,20,90,90,80,88,90,90,90,90,90,90,90,90,90,66,66,66,62,90,90,90,90,60],"gold":32,"neow_bonus":"TWO_FIFTY_GOLD","is_daily":false,"chose_seed":false,"campfire_upgraded":6,"win_rate":0.0,"timestamp":1613458690,"path_taken":["M","M","?","?","?","E","R","M","T","R","?","E","R","E","R","BOSS","M","$","?","?","M","R","M","E","T","R","E","?","E","?","R","BOSS","M","?","M","M","?","E","R","E","T","$","R","?","E","?","R","BOSS","R","$","E","BOSS"],"items_purchased_type":["Card","Relic","Relic","Relic","Relic","Relic","Relic","Relic"],"build_version":"2020-12-22","purchased_purges":2,"victory":true,"max_hp_per_floor":[80,80,80,80,80,80,80,80,80,80,90,90,90,90,90,90,90,90,90,90,90,90,90,90,90,90,90,90,90,90,90,90,90,90,90,90,90,90,90,90,90,90,90,90,90,90,90,90,90,90,90,90,90,90,90],"relic_stats":{"Gremlin Horn":[21,23],"counters":[26,134],"Juzu Bracelet":2,"Bag of Preparation":[4],"Whetstone":["Searing Blow","Body Slam"],"War Paint":["Offering","Spot Weakness"],"Smiling Mask":0,"Burning Blood":132,"Blood Vial":10,"Nunchaku":[3],"Pandora\u0027s Box":["Anger","Clash","Body Slam","Fiend Fire","Barricade","Juggernaut","Spot Weakness","Iron Wave"],"MealTicket":0,"Art of War":[17],"obtain_stats":[{"Gremlin Horn":19,"Vajra":53,"Juzu Bracelet":19,"Bag of Preparation":53,"Whetstone":43,"Smiling Mask":47,"Burning Blood":0,"Blood Vial":28,"Nunchaku":42,"HornCleat":54,"MealTicket":19,"InkBottle":12,"Runic Pyramid":34,"Potion Belt":20,"Girya":39,"Pear":11,"The Courier":9,"War Paint":25,"White Beast Statue":30,"Akabeko":44,"Anchor":40,"CaptainsWheel":44,"Pandora\u0027s Box":17,"Art of War":14,"FossilizedHelix":6},{"Gremlin Horn":10,"Vajra":24,"Juzu Bracelet":10,"Bag of Preparation":24,"Whetstone":22,"Smiling Mask":23,"Burning Blood":0,"Blood Vial":14,"Nunchaku":22,"HornCleat":25,"MealTicket":10,"InkBottle":7,"Runic Pyramid":16,"Potion Belt":10,"Girya":20,"Pear":6,"The Courier":5,"War Paint":13,"White Beast Statue":15,"Akabeko":22,"Anchor":21,"CaptainsWheel":22,"Pandora\u0027s Box":9,"Art of War":8,"FossilizedHelix":4},{"Gremlin Horn":44,"Vajra":120,"Juzu Bracelet":44,"Bag of Preparation":120,"Whetstone":106,"Smiling Mask":113,"Burning Blood":0,"Blood Vial":62,"Nunchaku":106,"HornCleat":126,"MealTicket":44,"InkBottle":31,"Runic Pyramid":79,"Potion Belt":44,"Girya":92,"Pear":26,"The Courier":21,"War Paint":55,"White Beast Statue":67,"Akabeko":106,"Anchor":98,"CaptainsWheel":106,"Pandora\u0027s Box":42,"Art of War":38,"FossilizedHelix":17}],"InkBottle":[42]},"card_choices":[{"not_picked":["Dual Wield","Body Slam"],"picked":"Fire Breathing","floor":1},{"not_picked":["Shrug It Off","Seeing Red"],"picked":"Searing Blow","floor":2},{"not_picked":["Sword Boomerang","Iron Wave"],"picked":"Pommel Strike","floor":4},{"not_picked":["Havoc","Twin Strike"],"picked":"Offering","floor":6},{"not_picked":["Pummel","Havoc"],"picked":"Wild Strike","floor":8},{"not_picked":["Uppercut","Entrench"],"picked":"Fire Breathing","floor":12},{"not_picked":["Spot Weakness","Sword Boomerang"],"picked":"Evolve","floor":14},{"not_picked":["Fiend Fire","Bludgeon"],"picked":"Offering","floor":16},{"not_picked":["Infernal Blade","Wild Strike+1"],"picked":"Armaments","floor":18},{"not_picked":["Seeing Red","Heavy Blade+1"],"picked":"Metallicize","floor":22},{"not_picked":["Wild Strike+1","Perfected Strike+1"],"picked":"Shrug It Off","floor":24},{"not_picked":["Headbutt","Reckless Charge"],"picked":"Ghostly Armor","floor":25},{"not_picked":["Armaments","Offering"],"picked":"True Grit","floor":28},{"not_picked":["Metallicize","Blood for Blood"],"picked":"Armaments+1","floor":30},{"not_picked":["Feed","Fiend Fire"],"picked":"Berserk","floor":33},{"not_picked":["Battle Trance","Anger"],"picked":"Warcry+1","floor":35},{"not_picked":["The Bomb","Good Instincts"],"picked":"Impatience","floor":36},{"not_picked":["Forethought","Enlightenment"],"picked":"Purity","floor":36},{"not_picked":["Dark Shackles","Good Instincts"],"picked":"Apotheosis","floor":36},{"not_picked":["Heavy Blade","Flex+1","Reckless Charge+1"],"picked":"SKIP","floor":37},{"not_picked":["Anger+1","Thunderclap+1"],"picked":"Metallicize+1","floor":38},{"not_picked":["Sword Boomerang","Heavy Blade","Dropkick"],"picked":"SKIP","floor":40},{"not_picked":["Twin Strike","Body Slam+1"],"picked":"Intimidate+1","floor":42},{"not_picked":["Shrug It Off+1","Thunderclap+1"],"picked":"Impervious","floor":47},{"not_picked":["Armaments+1","Blood for Blood"],"picked":"Body Slam","floor":54}],"player_experience":3871736,"relics_obtained":[{"floor":6,"key":"FossilizedHelix"},{"floor":9,"key":"The Courier"},{"floor":11,"key":"Pear"},{"floor":12,"key":"InkBottle"},{"floor":14,"key":"Art of War"},{"floor":25,"key":"War Paint"},{"floor":28,"key":"Blood Vial"},{"floor":30,"key":"White Beast Statue"},{"floor":39,"key":"Girya"},{"floor":40,"key":"Anchor"},{"floor":42,"key":"Nunchaku"},{"floor":43,"key":"Whetstone"},{"floor":47,"key":"Smiling Mask"},{"floor":54,"key":"HornCleat"}],"event_choices":[{"cards_removed":["Strike_R"],"damage_healed":0,"gold_gain":0,"player_choice":"Purged","damage_taken":0,"max_hp_gain":0,"max_hp_loss":0,"event_name":"Purifier","floor":3,"gold_loss":0},{"damage_healed":0,"gold_gain":75,"player_choice":"Gather Gold","damage_taken":11,"max_hp_gain":0,"max_hp_loss":0,"event_name":"World of Goop","floor":5,"gold_loss":0},{"damage_healed":0,"gold_gain":30,"player_choice":"Searched \u00272\u0027 times","damage_taken":0,"max_hp_gain":0,"max_hp_loss":0,"event_name":"Dead Adventurer","floor":11,"gold_loss":0},{"damage_healed":0,"gold_gain":0,"player_choice":"Obtained Relic","damage_taken":0,"relics_obtained":["Potion Belt"],"max_hp_gain":0,"max_hp_loss":0,"event_name":"Addict","floor":20,"gold_loss":85},{"damage_healed":0,"gold_gain":0,"player_choice":"Joined the Cult","damage_taken":6,"max_hp_gain":0,"max_hp_loss":0,"event_name":"Nest","floor":21,"gold_loss":0,"cards_obtained":["RitualDagger"]},{"damage_healed":0,"gold_gain":100,"player_choice":"Pray","damage_taken":0,"max_hp_gain":0,"max_hp_loss":0,"event_name":"Golden Shrine","floor":29,"gold_loss":0},{"damage_healed":0,"gold_gain":0,"player_choice":"Ignored","damage_taken":0,"max_hp_gain":0,"max_hp_loss":0,"event_name":"NoteForYourself","floor":31,"gold_loss":0},{"damage_healed":0,"gold_gain":0,"player_choice":"Memory 3","damage_taken":10,"max_hp_gain":0,"max_hp_loss":0,"event_name":"SensoryStone","floor":36,"gold_loss":0},{"damage_healed":0,"gold_gain":0,"player_choice":"Fight","damage_taken":0,"max_hp_gain":0,"max_hp_loss":0,"event_name":"Mysterious Sphere","floor":39,"gold_loss":0},{"damage_healed":0,"gold_gain":0,"player_choice":"Ignored","damage_taken":0,"max_hp_gain":0,"max_hp_loss":0,"event_name":"Tomb of Lord Red Mask","floor":46,"gold_loss":0},{"cards_removed":["Shrug It Off"],"damage_healed":0,"gold_gain":0,"player_choice":"Removed Skill","damage_taken":0,"max_hp_gain":0,"max_hp_loss":0,"event_name":"Falling","floor":48,"gold_loss":0}],"is_beta":false,"boss_relics":[{"not_picked":["Black Star","Tiny House"],"picked":"Pandora\u0027s Box"},{"not_picked":["Philosopher\u0027s Stone","Sozu"],"picked":"Runic Pyramid"}],"items_purged_floors":[19,44],"is_endless":false,"potions_floor_spawned":[1,4,11,12,18,24,30,33,35,37,38,39,40,42,47,54],"ascension_level":1}}