{"host":"9709z2dy8v1s63sm","time":1613476818,"event":{"mods":["AchievementEnabler","BaseMod","Minty Spire (QoL Compilation)","StSLib","SuperFastMode"],"gold_per_floor":[113,126,126,126,51,85,85,85,111,111,121,146,156,167,167,244,244,263,280,300,300,300],"floor_reached":21,"language":"KOR","playtime":780,"items_purged":["Strike_R"],"score":479,"play_id":"a8af3c4f-406d-4b52-8225-69a38eb1e595","local_time":"20210216210018","is_ascension_mode":true,"campfire_choices":[{"data":"Body Slam","floor":10,"key":"SMITH"},{"data":"Power Through","floor":15,"key":"SMITH"}],"circlet_count":0,"master_deck":["AscendersBane","Strike_R","Strike_R","Strike_R+1","Defend_R","Defend_R","Defend_R","Defend_R","Bash","Body Slam+1","Wild Strike+1","Power Through+1","Second Wind","Shockwave","Barricade","Sentinel"],"relics":["Burning Blood","NeowsBlessing","Juzu Bracelet","White Beast Statue","Omamori","Toy Ornithopter","SacredBark"],"acts_visited":["Exordium","TheCity"],"potions_floor_usage":[12,14,16,16,19,20,20],"damage_taken":[{"damage":0,"enemies":"2 Louse","floor":1,"turns":1},{"damage":0,"enemies":"Small Slimes","floor":2,"turns":1},{"damage":0,"enemies":"Gremlin Nob","floor":6,"turns":1},{"damage":1,"enemies":"Cultist","floor":11,"turns":3},{"damage":25,"enemies":"3 Sentries","floor":12,"turns":9},{"damage":13,"enemies":"Blue Slaver","floor":13,"turns":4},{"damage":20,"enemies":"Gremlin Gang","floor":14,"turns":7},{"damage":0,"enemies":"The Guardian","floor":16,"turns":12},{"damage":39,"enemies":"Shell Parasite","floor":18,"turns":9},{"damage":16,"enemies":"Chosen","floor":19,"turns":8},{"damage":11,"enemies":"3 Cultists","floor":20,"turns":8},{"damage":51,"enemies":"Centurion and Healer","floor":21,"turns":6}],"seed_played":"1447404642446360969","potions_obtained":[{"floor":1,"key":"BlessingOfTheForge"},{"floor":2,"key":"BloodPotion"},{"floor":12,"key":"LiquidBronze"},{"floor":13,"key":"PowerPotion"},{"floor":14,"key":"PowerPotion"},{"floor":16,"key":"Swift Potion"},{"floor":18,"key":"Dexterity Potion"},{"floor":19,"key":"ColorlessPotion"},{"floor":20,"key":"LiquidMemories"}],"is_trial":false,"path_per_floor":["M","M","?","?","$","E","?","T","T","R","M","E","M","M","R","B",null,"M","M","M","M"],"character_chosen":"IRONCLAD","items_purchased":[],"campfire_rested":0,"item_purchase_floors":[],"current_hp_per_floor":[74,75,52,57,57,63,63,63,63,63,68,65,58,49,49,65,76,43,38,43,0,0],"gold":300,"neow_bonus":"THREE_ENEMY_KILL","is_daily":false,"chose_seed":false,"campfire_upgraded":2,"win_rate":0.0,"timestamp":1613476818,"path_taken":["M","M","?","?","$","E","?","?","T","R","M","E","M","M","R","BOSS","M","M","M","M"],"items_purchased_type":[],"build_version":"2020-12-22","purchased_purges":1,"victory":false,"max_hp_per_floor":[75,75,75,80,80,80,80,80,80,80,80,80,80,80,80,80,80,80,80,80,80,80],"card_choices":[{"not_picked":["Battle Trance","Disarm"],"picked":"Body Slam","floor":1},{"not_picked":["Perfected Strike","Rage"],"picked":"Wild Strike","floor":2},{"not_picked":["Warcry","Heavy Blade","Rupture"],"picked":"SKIP","floor":6},{"not_picked":["Sword Boomerang","Cleave"],"picked":"Power Through","floor":11},{"not_picked":["Thunderclap","Havoc"],"picked":"Second Wind","floor":12},{"not_picked":["Wild Strike","Reckless Charge","Heavy Blade"],"picked":"SKIP","floor":13},{"not_picked":["Clothesline","Power Through"],"picked":"Shockwave","floor":14},{"not_picked":["Bludgeon","Limit Break"],"picked":"Barricade","floor":16},{"not_picked":["Perfected Strike","Thunderclap"],"picked":"Sentinel","floor":18},{"not_picked":["Dual Wield","Thunderclap","Cleave"],"picked":"SKIP","floor":19},{"not_picked":["Pommel Strike","Warcry","Clothesline"],"picked":"SKIP","floor":20}],"player_experience":117450,"relics_obtained":[{"floor":6,"key":"Juzu Bracelet"},{"floor":8,"key":"White Beast Statue"},{"floor":9,"key":"Omamori"},{"floor":12,"key":"Toy Ornithopter"}],"event_choices":[{"damage_healed":0,"gold_gain":0,"player_choice":"Entered Light","damage_taken":23,"max_hp_gain":0,"max_hp_loss":0,"event_name":"Shining Light","floor":3,"gold_loss":0,"cards_upgraded":["Wild Strike","Strike_R"]},{"damage_healed":0,"gold_gain":0,"player_choice":"Donut","damage_taken":0,"max_hp_gain":5,"max_hp_loss":0,"event_name":"Big Fish","floor":4,"gold_loss":0},{"cards_removed":["Strike_R"],"damage_healed":0,"gold_gain":0,"player_choice":"Forget","damage_taken":0,"max_hp_gain":0,"max_hp_loss":0,"event_name":"Living Wall","floor":7,"gold_loss":0}],"is_beta":false,"boss_relics":[{"not_picked":["Ectoplasm","Snecko Eye"],"picked":"SacredBark"}],"items_purged_floors":[5],"is_endless":false,"potions_floor_spawned":[1,2,11,12,13,14,16,18,19,20],"killed_by":"Centurion and Healer","ascension_level":16}}