{"host":"ggy1mjjy92c62u6a","time":1613482170,"event":{"mods":["10 clothes from DAL","ATMod(阿瑾Mod)","Act Like it!","BaseMod","Colored Powertips","GifTheSpireLib","Infinite Spire","Library of Ruina","Library of Ruina Extra","Lobotomy","LobotomyExtend","Minty Spire (QoL Compilation)","Quick Restart","Relic Filter Mod","Relic Stats","Reliquary","Replay The Spire","RumiaBox-露米娅的神秘盒子","Shop Mod","Spicy Shops","StSLib","SuperFastMode","TestMod","【功能Mod】混沌之环修复补丁","【遗物Mod】死灵法师NEW","【遗物卡牌】REMEMod"],"gold_per_floor":[115,125,148,167,177,177,207,482,482,508,508,78,94,105,105,209,209,229,229,229,5,18,18,34,34,34,34,53,64,89,103,103,103,103],"floor_reached":33,"language":"ZHS","playtime":860,"items_purged":["Regret","Defend_W"],"score":349,"play_id":"4e331c09-2503-48b7-8cb0-3b35a76be100","local_time":"20210216212930","is_ascension_mode":true,"campfire_choices":[{"data":"AT_ManFootWork","floor":6,"key":"SMITH"},{"data":"1","floor":11,"key":"LIFT"},{"data":"2","floor":15,"key":"LIFT"},{"data":"3","floor":23,"key":"LIFT"},{"floor":32,"key":"REST"}],"circlet_count":0,"master_deck":["Strike_W+1","Strike_W+1","Bone_Spikes","Bone_Spikes","Defend_W","Bone_Armor","Bone_Wall","AT_ManFootWork+1","Shackles_Of_Pain","LaLuna","Plague_Bolt","Creater_Tree","Summon_Undead_Army","Summon_Undead_Army","PosionRing","Uncharnel","Siphon_Strength","Plague_Bolt","Plague_Bolt","Toxic_Smoke_Screen","Stop_Heart","Violent_Necrosis"],"relics":["Vampire_Amulet","REME_ComplimentaryCards","AT_ATBox","testmod-TestBox","CogitoBucket","testmod-D_4","LetterFromLob","Simple Rune","Girya","testmod-RealStoneCalender","Happy Flower","Membership Card","Orichalcum","Painkiller Herb","reliquary:FingerTrap","Vajra","Replay:Multitool","Du-Vu Doll","Replay:Towering Pillar of Hats"],"acts_visited":["Exordium","TheCity"],"potions_floor_usage":[16,16,16,33,33],"damage_taken":[{"damage":0.0,"enemies":"Cultist","floor":1.0,"turns":3.0},{"damage":2,"enemies":"Small Slimes","floor":2,"turns":2},{"damage":0,"enemies":"2 Louse","floor":4,"turns":1},{"damage":0,"enemies":"Looter","floor":5,"turns":2},{"damage":21,"enemies":"3 Sentries","floor":7,"turns":3},{"damage":7,"enemies":"Lagavulin","floor":10,"turns":3},{"damage":0,"enemies":"Large Slime","floor":13,"turns":1},{"damage":8,"enemies":"Exordium Thugs","floor":14,"turns":3},{"damage":18,"enemies":"Hexaghost","floor":16,"turns":5},{"damage":0,"enemies":"Spheric Guardian","floor":18,"turns":2},{"damage":1,"enemies":"Chosen","floor":22,"turns":2},{"damage":24,"enemies":"Shelled Parasite and Fungi","floor":24,"turns":5},{"damage":0,"enemies":"Snake Plant","floor":28,"turns":2},{"damage":12,"enemies":"Snecko","floor":29,"turns":3},{"damage":19,"enemies":"Slavers","floor":30,"turns":3},{"damage":0,"enemies":"Chosen and Byrds","floor":31,"turns":3},{"damage":12,"enemies":"RedHoodMercenary","floor":33,"turns":5}],"seed_played":"-8775534549524115822","potions_obtained":[{"floor":4,"key":"Strength Potion"},{"floor":7,"key":"Explosive Potion"},{"floor":10,"key":"Venom Potion"},{"floor":18,"key":"Milkshake"},{"floor":24,"key":"Strength Potion"}],"is_trial":false,"path_per_floor":["M","M","T","M","M","R","E","?","T","E","R","$","M","M","R","B",null,"?","?","?","T","?","T","?","T","T","?","?","?","E","?","T","B"],"character_chosen":"NECROMANCER","items_purchased":["Membership Card","Orichalcum","Summon_Undead_Army","reliquary:FingerTrap","Vajra","Siphon_Strength","Replay:Multitool"],"campfire_rested":1,"item_purchase_floors":[12,12,12,21,21,21,25],"current_hp_per_floor":[75,73,73,73,73,73,52,52,52,45,45,45,45,37,37,19,61,61,61,61,61,60,60,36,36,36,36,36,24,5,5,27,15,15],"gold":103,"neow_bonus":"","is_daily":false,"chose_seed":false,"campfire_upgraded":1,"win_rate":0.0,"timestamp":1613482170,"path_taken":["M","?","?","M","M","R","E","?","T","E","R","$","?","M","R","BOSS","?","?","?","T","?","T","?","T","T","?","?","?","E","?","T","BOSS"],"items_purchased_type":["Relic","Relic","Card","Relic","Relic","Card","Relic"],"build_version":"2020-12-22","purchased_purges":2,"victory":false,"max_hp_per_floor":[75,75,75,75,75,75,75,75,75,75,75,75,75,75,75,75,75,75,75,75,75,75,75,75,75,75,75,75,75,75,75,75,75,75],"relic_stats":{"Happy Flower":[12],"counters":[19,50],"Orichalcum":[60],"obtain_stats":[{"Girya":7,"AT_ATBox":0,"testmod-TestBox":0,"Happy Flower":10,"Replay:Towering Pillar of Hats":30,"Vajra":21,"Painkiller Herb":17,"Replay:Multitool":25,"Orichalcum":12,"Du-Vu Doll":26,"testmod-RealStoneCalender":9,"CogitoBucket":0,"testmod-D_4":0,"Simple Rune":3,"Vampire_Amulet":0,"LetterFromLob":1,"Membership Card":12,"reliquary:FingerTrap":21,"REME_ComplimentaryCards":0},{"Girya":5,"AT_ATBox":0,"testmod-TestBox":0,"Happy Flower":6,"Replay:Towering Pillar of Hats":17,"Vajra":11,"Painkiller Herb":10,"Replay:Multitool":14,"Orichalcum":6,"Du-Vu Doll":14,"testmod-RealStoneCalender":5,"CogitoBucket":0,"testmod-D_4":0,"Simple Rune":2,"Vampire_Amulet":0,"LetterFromLob":1,"Membership Card":6,"reliquary:FingerTrap":11,"REME_ComplimentaryCards":0},{"Girya":11,"AT_ATBox":0,"testmod-TestBox":0,"Happy Flower":14,"Replay:Towering Pillar of Hats":42,"Vajra":26,"Painkiller Herb":24,"Replay:Multitool":34,"Orichalcum":14,"Du-Vu Doll":34,"testmod-RealStoneCalender":11,"CogitoBucket":0,"testmod-D_4":0,"Simple Rune":5,"Vampire_Amulet":0,"LetterFromLob":3,"Membership Card":14,"reliquary:FingerTrap":26,"REME_ComplimentaryCards":0}]},"card_choices":[{"not_picked":["Vampiric_Strike","Bone_Armor"],"picked":"Shackles_Of_Pain","floor":1.0},{"not_picked":["Funeral","Scorched"],"picked":"LaLuna","floor":2},{"not_picked":["PosionWeak","Summon_Undead","Negative_Energy_Mist"],"picked":"SKIP","floor":2},{"not_picked":["PosionWeak","Summon_Undead","Negative_Energy_Mist"],"picked":"SKIP","floor":2},{"not_picked":["Bone_Armory","Bone_Armor"],"picked":"Plague_Bolt","floor":4},{"not_picked":["Negative_Energy_Sphere","Kotodama","Toxic_Smoke_Screen"],"picked":"SKIP","floor":5},{"not_picked":["Bone_Armory","Bone_Prison"],"picked":"Creater_Tree","floor":7},{"not_picked":["Negative_Energy_Sphere","Epidemicn","Toxic_Smoke_Screen"],"picked":"SKIP","floor":10},{"not_picked":["Acid_Javelin","Summon_Undead_Army"],"picked":"PosionRing","floor":13},{"not_picked":["OverdoomLine","finger_Of_Death","PosionWeak2"],"picked":"SKIP","floor":14},{"not_picked":["Negative_Energy_Sphere","ZombiePosion"],"picked":"Uncharnel","floor":18},{"not_picked":["Bone_Spikes+1","Vampiric_Strike","Bone_Armory"],"picked":"SKIP","floor":22},{"not_picked":["Summon_Lich","Blood_Whip"],"picked":"Plague_Bolt","floor":24},{"not_picked":["Summon_Lich","Blood_Hammer","Summon_Undead_Army+1"],"picked":"SKIP","floor":28},{"not_picked":["Summon_Undead_Army","Plague_Bolt+1"],"picked":"Toxic_Smoke_Screen","floor":29},{"not_picked":["ZombiePosion","PosionRing"],"picked":"Stop_Heart","floor":30},{"not_picked":["Life_Drain","Blood_for_Blood"],"picked":"Violent_Necrosis","floor":31}],"player_experience":142824,"relics_obtained":[{"floor":1.0,"key":"LetterFromLob"},{"floor":3,"key":"Simple Rune"},{"floor":7,"key":"Girya"},{"floor":9,"key":"testmod-RealStoneCalender"},{"floor":10,"key":"Happy Flower"},{"floor":26,"key":"Du-Vu Doll"},{"floor":30,"key":"Replay:Towering Pillar of Hats"}],"event_choices":[{"damage_healed":0,"gold_gain":275,"player_choice":"Desecrate","damage_taken":0,"max_hp_gain":0,"max_hp_loss":0,"event_name":"Golden Shrine","floor":8,"gold_loss":0,"cards_obtained":["Regret"]},{"damage_healed":0,"gold_gain":0,"player_choice":"Swap Relic","damage_taken":0,"relics_obtained":["AT_ATBox"],"max_hp_gain":0,"max_hp_loss":0,"event_name":"给自己的盒子","floor":19,"relics_lost":["AT_ATBox"],"gold_loss":0}],"is_beta":false,"boss_relics":[{"not_picked":["SacredBark","Replay:Ancient Bell"],"picked":"Painkiller Herb"}],"items_purged_floors":[12,12],"is_endless":false,"potions_floor_spawned":[4,7,10,13,18,24,30],"killed_by":"RedHoodMercenary","ascension_level":5}}