{"host":"v86vpwf004p2esb7","time":1613503291,"event":{"mods":["AchievementEnabler","BaseMod","BetterRewards","Colored Powertips","Minty Spire (QoL Compilation)","Quick Restart","StSLib","Transform Curses"],"gold_per_floor":[118,88,104,122,141,168,168,197,197,228,228,228,244,261,261,366,366,383,395,408,60,72,107,107,123,171,183,273,298,310,328,328,433,483,501,57,76,76,96,123,123,153,153,6,21,21,54,54,54,54,54,54,5,40,40],"floor_reached":56,"language":"ENG","playtime":2414,"items_purged":[],"score":1701,"play_id":"81baa4b4-41c8-49ef-a4a7-d6e4a881472e","local_time":"20210216112131","is_ascension_mode":true,"campfire_choices":[{"data":"Chill","floor":7,"key":"SMITH"},{"data":"Capacitor","floor":11,"key":"SMITH"},{"floor":15,"key":"RECALL"},{"data":"Stack","floor":32,"key":"SMITH"},{"data":"White Noise","floor":41,"key":"SMITH"},{"floor":46,"key":"REST"},{"data":"Discovery","floor":49,"key":"SMITH"},{"data":"Chaos","floor":52,"key":"SMITH"}],"circlet_count":0,"master_deck":["Strike_B","Strike_B","Strike_B","Defend_B","Defend_B","Defend_B","Defend_B","Zap","Dualcast","Capacitor+1","Self Repair+1","Discovery+1","Defragment+1","Rip and Tear","Chill+1","Storm+1","White Noise+1","Heatsinks+1","Chaos+1","Steam","Lockon","Melter+1","Electrodynamics+1","CurseOfTheBell","Stack+1","Storm+1","Lockon","Cold Snap","Gash+1","Capacitor+1","Cold Snap+1","Capacitor+1","Storm+1","Glacier+1","Gash+1","Creative AI+1","Self Repair+1","Self Repair+1","Defragment+1","Stack+1","Pain","Barrage+1","Machine Learning+1","Panache+1","Ball Lightning+1"],"relics":["Cracked Core","Question Card","Frozen Egg 2","Akabeko","Cables","DataDisk","Eternal Feather","Calling Bell","Happy Flower","Blue Candle","Incense Burner","MealTicket","Lee\u0027s Waffle","White Beast Statue","Pear","Toy Ornithopter","Lantern","Tiny House","DollysMirror","TungstenRod","WarpedTongs","PreservedInsect","Singing Bowl","Turnip","Regal Pillow","Bag of Preparation","Whetstone"],"acts_visited":["Exordium","TheCity","TheBeyond","TheEnding"],"potions_floor_usage":[23,31,33,33,55,55,55],"damage_taken":[{"damage":1,"enemies":"Jaw Worm","floor":1,"turns":4},{"damage":0,"enemies":"Cultist","floor":3,"turns":3},{"damage":0,"enemies":"2 Louse","floor":4,"turns":2},{"damage":2,"enemies":"Blue Slaver","floor":5,"turns":3},{"damage":24,"enemies":"Lagavulin","floor":6,"turns":4},{"damage":13,"enemies":"3 Sentries","floor":8,"turns":4},{"damage":0,"enemies":"Lagavulin","floor":10,"turns":4},{"damage":0,"enemies":"Looter","floor":13,"turns":2},{"damage":0,"enemies":"2 Fungi Beasts","floor":14,"turns":2},{"damage":30,"enemies":"The Guardian","floor":16,"turns":6},{"damage":17,"enemies":"Shell Parasite","floor":18,"turns":3},{"damage":16,"enemies":"2 Thieves","floor":19,"turns":3},{"damage":33,"enemies":"Snake Plant","floor":20,"turns":3},{"damage":0,"enemies":"Centurion and Healer","floor":22,"turns":3},{"damage":30,"enemies":"Book of Stabbing","floor":23,"turns":4},{"damage":6,"enemies":"Cultist and Chosen","floor":25,"turns":3},{"damage":18,"enemies":"Snake Plant","floor":27,"turns":3},{"damage":11,"enemies":"Gremlin Leader","floor":29,"turns":4},{"damage":12,"enemies":"3 Cultists","floor":30,"turns":3},{"damage":0,"enemies":"Snecko","floor":31,"turns":2},{"damage":41,"enemies":"Collector","floor":33,"turns":6},{"damage":0,"enemies":"3 Shapes","floor":35,"turns":3},{"damage":3,"enemies":"3 Darklings","floor":37,"turns":2},{"damage":33,"enemies":"Jaw Worm Horde","floor":39,"turns":3},{"damage":15,"enemies":"Nemesis","floor":40,"turns":3},{"damage":20,"enemies":"Reptomancer","floor":42,"turns":3},{"damage":42,"enemies":"Writhing Mass","floor":45,"turns":3},{"damage":12,"enemies":"Nemesis","floor":47,"turns":3},{"damage":39,"enemies":"Donu and Deca","floor":50,"turns":4},{"damage":51,"enemies":"Shield and Spear","floor":54,"turns":4},{"damage":61,"enemies":"The Heart","floor":55,"turns":5}],"seed_played":"-7312118823407715857","potions_obtained":[{"floor":1,"key":"Strength Potion"},{"floor":2,"key":"SmokeBomb"},{"floor":2,"key":"Weak Potion"},{"floor":4,"key":"DuplicationPotion"},{"floor":5,"key":"DuplicationPotion"},{"floor":10,"key":"Weak Potion"},{"floor":16,"key":"DuplicationPotion"},{"floor":23,"key":"Fruit Juice"},{"floor":25,"key":"SmokeBomb"},{"floor":27,"key":"SneckoOil"},{"floor":31,"key":"SteroidPotion"},{"floor":33,"key":"LiquidMemories"},{"floor":34,"key":"Explosive Potion"},{"floor":35,"key":"PotionOfCapacity"},{"floor":39,"key":"Block Potion"},{"floor":40,"key":"Block Potion"}],"is_trial":false,"path_per_floor":["M","?","M","M","M","E","R","E","T","E","R","?","M","M","R","B",null,"M","M","M","$","M","E","?","M","T","M","?","E","M","M","R","B",null,"M","$","M","?","M","E","R","E","T","$","M","R","E","?","R","B",null,"R","$","E","B",null],"character_chosen":"DEFECT","items_purchased":["Capacitor","Question Card","Frozen Egg 2","Self Repair+1","Akabeko","MealTicket","Lee\u0027s Waffle","Cold Snap","DollysMirror","TungstenRod","Regal Pillow","Ball Lightning"],"campfire_rested":1,"item_purchase_floors":[0,0,0,0,0,21,21,21,36,36,44,53],"current_hp_per_floor":[49,49,59,69,75,61,61,58,58,68,75,75,75,75,75,45,68,51,45,12,82,82,67,77,71,71,53,41,30,18,23,44,23,84,84,99,96,96,73,58,82,94,94,104,64,106,106,101,112,83,105,112,112,73,57],"gold":40,"neow_bonus":"","is_daily":false,"chose_seed":false,"campfire_upgraded":6,"win_rate":0.0,"timestamp":1613503291,"path_taken":["M","?","?","M","M","E","R","E","T","E","R","?","?","?","R","BOSS","M","M","M","$","M","E","?","M","T","M","?","E","M","M","R","BOSS","M","?","?","?","M","E","R","E","T","?","?","R","E","?","R","BOSS","R","$","E","BOSS"],"items_purchased_type":["Card","Relic","Relic","Card","Relic","Relic","Relic","Card","Relic","Relic","Relic","Card"],"build_version":"2020-12-22","purchased_purges":0,"victory":true,"max_hp_per_floor":[75,75,75,75,75,75,75,75,75,75,75,75,75,75,75,75,75,75,75,75,82,82,87,97,97,97,97,97,97,97,97,97,97,102,102,102,102,102,102,102,102,104,104,104,106,106,108,112,112,112,112,112,112,114,114],"card_choices":[{"not_picked":["Ball Lightning","Tempest","Conserve Battery"],"picked":"Defragment+1","floor":1},{"not_picked":["Stack","Leap","Steam"],"picked":"Rip and Tear","floor":3},{"not_picked":["Double Energy","Compile Driver","Beam Cell"],"picked":"Chill","floor":4},{"not_picked":["Stack","Consume","Ball Lightning"],"picked":"Storm+1","floor":5},{"not_picked":["Turbo","Streamline","Sweeping Beam"],"picked":"White Noise","floor":6},{"not_picked":["Rebound","Sweeping Beam","Barrage"],"picked":"Heatsinks+1","floor":8},{"not_picked":["Beam Cell","Steam","Hologram"],"picked":"Chaos","floor":10},{"not_picked":["Stack","Beam Cell","All For One"],"picked":"Lockon","floor":13},{"not_picked":["Compile Driver","Force Field","Coolheaded"],"picked":"Melter","floor":14},{"not_picked":["Core Surge","All For One","Echo Form+1"],"picked":"Electrodynamics+1","floor":16},{"not_picked":["Barrage","Reinforced Body","Static Discharge+1"],"picked":"Stack","floor":18},{"not_picked":["Static Discharge+1","Doom and Gloom","Turbo"],"picked":"Storm+1","floor":19},{"not_picked":["Compile Driver+1","All For One","Go for the Eyes"],"picked":"Lockon","floor":20},{"not_picked":["Leap","Compile Driver","Genetic Algorithm"],"picked":"Gash+1","floor":22},{"not_picked":["Beam Cell","Gash","Hologram+1"],"picked":"Capacitor+1","floor":23},{"not_picked":["Hologram","Aggregate","Coolheaded"],"picked":"Cold Snap","floor":25},{"not_picked":["Cold Snap","Beam Cell+1","Streamline"],"picked":"Capacitor+1","floor":27},{"not_picked":["Biased Cognition+1","Sweeping Beam","Rebound+1"],"picked":"Storm+1","floor":29},{"not_picked":["Redo","Streamline+1","Ball Lightning"],"picked":"Glacier+1","floor":30},{"not_picked":["Leap","Conserve Battery+1","Scrape"],"picked":"Gash+1","floor":31},{"not_picked":["Rainbow","Core Surge","Buffer+1"],"picked":"Creative AI+1","floor":33},{"not_picked":["Genetic Algorithm","Compile Driver","Ball Lightning+1"],"picked":"Self Repair+1","floor":34},{"not_picked":["Darkness+1","Heatsinks+1","Leap+1"],"picked":"Self Repair+1","floor":35},{"not_picked":["Sweeping Beam+1","Leap","Beam Cell"],"picked":"Stack+1","floor":37},{"not_picked":["Hologram+1","Turbo","Sweeping Beam+1"],"picked":"Barrage+1","floor":39},{"not_picked":["Reprogram","Fusion","Leap"],"picked":"Machine Learning+1","floor":40},{"not_picked":["Rebound","Sweeping Beam+1","Hello World+1","Leap"],"picked":"Singing Bowl","floor":42},{"not_picked":["Steam+1","Sweeping Beam+1","Undo","Cold Snap+1"],"picked":"Singing Bowl","floor":45},{"not_picked":["Skim+1","Sunder","Steam+1","Hologram+1"],"picked":"Singing Bowl","floor":47},{"not_picked":["The Bomb","Panacea","Dark Shackles","Flash of Steel"],"picked":"Singing Bowl","floor":48},{"not_picked":["Flash of Steel","Finesse","Discovery"],"picked":"Panache+1","floor":48},{"not_picked":["Impatience","Chrysalis","Good Instincts","Finesse"],"picked":"Singing Bowl","floor":48},{"not_picked":["Sweeping Beam","Compile Driver","Cold Snap+1","Steam"],"picked":"Singing Bowl","floor":54}],"player_experience":275978,"relics_obtained":[{"floor":6,"key":"Cables"},{"floor":8,"key":"DataDisk"},{"floor":10,"key":"Eternal Feather"},{"floor":17,"key":"Happy Flower"},{"floor":17,"key":"Blue Candle"},{"floor":17,"key":"Incense Burner"},{"floor":23,"key":"White Beast Statue"},{"floor":26,"key":"Toy Ornithopter"},{"floor":29,"key":"Lantern"},{"floor":40,"key":"PreservedInsect"},{"floor":42,"key":"Singing Bowl"},{"floor":43,"key":"Turnip"},{"floor":47,"key":"Bag of Preparation"},{"floor":54,"key":"Whetstone"}],"event_choices":[{"damage_healed":0,"gold_gain":0,"player_choice":"Bought 2 Potions","damage_taken":0,"max_hp_gain":0,"max_hp_loss":0,"event_name":"The Woman in Blue","floor":2,"gold_loss":0},{"damage_healed":0,"gold_gain":0,"cards_transformed":["Strike_B"],"player_choice":"Transformed","damage_taken":0,"max_hp_gain":0,"max_hp_loss":0,"event_name":"Transmorgrifier","floor":12,"gold_loss":0,"cards_obtained":["Steam"]},{"damage_healed":0,"gold_gain":0,"player_choice":"Opened","damage_taken":0,"relics_obtained":["Pear"],"max_hp_gain":0,"max_hp_loss":0,"event_name":"The Mausoleum","floor":24,"gold_loss":0},{"damage_healed":0,"gold_gain":90,"player_choice":"GOLD ","damage_taken":12,"max_hp_gain":0,"max_hp_loss":0,"event_name":"Knowing Skull","floor":28,"potions_obtained":[],"gold_loss":0,"cards_obtained":[]},{"damage_healed":0,"gold_gain":0,"player_choice":"Rummage","damage_taken":0,"relics_obtained":["WarpedTongs"],"max_hp_gain":0,"max_hp_loss":0,"event_name":"Accursed Blacksmith","floor":38,"gold_loss":0,"cards_obtained":["Pain"]},{"damage_healed":0,"gold_gain":0,"player_choice":"Memory 3","damage_taken":10,"max_hp_gain":0,"max_hp_loss":0,"event_name":"SensoryStone","floor":48,"gold_loss":0}],"is_beta":false,"boss_relics":[{"not_picked":["Empty Cage","Velvet Choker"],"picked":"Calling Bell"},{"not_picked":["SacredBark","Astrolabe"],"picked":"Tiny House"}],"items_purged_floors":[],"is_endless":false,"potions_floor_spawned":[1,4,5,10,14,16,20,23,25,27,29,30,31,33,35,37,39,40,42,45,47,54],"ascension_level":5}}