{"host":"vumwfieg2b2mnrfl","time":1613436122,"event":{"mods":["AchievementEnabler","BaseMod","Minty Spire (QoL Compilation)","Rare Cards Sparkle","Relic Stats"],"gold_per_floor":[113,113,128,138,61,91,91,107,107,107,107,107,136,155,155,227,227,227,227,139,139,139,139,139,139,139,139,139,139,139,139,139,139,139],"floor_reached":33,"language":"ENG","playtime":1213,"items_purged":[],"score":676,"play_id":"4569f222-5619-4781-81cb-652f3d5e82f4","local_time":"20210215184202","is_ascension_mode":true,"campfire_choices":[{"floor":7,"key":"REST"},{"data":"Blade Dance","floor":10,"key":"SMITH"},{"data":"Dash","floor":12,"key":"SMITH"},{"floor":15,"key":"REST"},{"data":"A Thousand Cuts","floor":24,"key":"SMITH"},{"floor":27,"key":"REST"},{"data":"Noxious Fumes","floor":32,"key":"SMITH"}],"circlet_count":0,"master_deck":["AscendersBane","Strike_G","Strike_G","Strike_G","Strike_G","Strike_G","Defend_G","Defend_G","Defend_G","Defend_G","Defend_G","Survivor","Neutralize+1","Blade Dance+1","All Out Attack","Dash+1","Footwork","A Thousand Cuts+1","Bullet Time","Choke","Noxious Fumes+1","Bouncing Flask","Backflip","Envenom","Well Laid Plans+1"],"relics":["Snecko Eye","Juzu Bracelet","Bottled Lightning","WingedGreaves","Ectoplasm","MutagenicStrength","Anchor","Darkstone Periapt","Smiling Mask","Orichalcum"],"acts_visited":["Exordium","TheCity"],"potions_floor_usage":[23,33],"damage_taken":[{"damage":6,"enemies":"Small Slimes","floor":1,"turns":4},{"damage":0,"enemies":"Cultist","floor":3,"turns":3},{"damage":7,"enemies":"2 Louse","floor":4,"turns":4},{"damage":25,"enemies":"3 Sentries","floor":6,"turns":10},{"damage":4,"enemies":"Exordium Thugs","floor":8,"turns":5},{"damage":17,"enemies":"Gremlin Nob","floor":13,"turns":4},{"damage":0,"enemies":"Looter","floor":14,"turns":3},{"damage":52,"enemies":"Hexaghost","floor":16,"turns":11},{"damage":6,"enemies":"3 Byrds","floor":18,"turns":5},{"damage":9,"enemies":"Slavers","floor":23,"turns":5},{"damage":16,"enemies":"Spheric Guardian","floor":25,"turns":4},{"damage":0,"enemies":"Centurion and Healer","floor":28,"turns":6},{"damage":8,"enemies":"Gremlin Leader","floor":29,"turns":5},{"damage":10,"enemies":"Snecko","floor":30,"turns":3},{"damage":0,"enemies":"Slavers","floor":31,"turns":4},{"damage":30,"enemies":"Automaton","floor":33,"turns":6}],"seed_played":"-4668327609240078446","potions_obtained":[{"floor":4,"key":"FairyPotion"},{"floor":6,"key":"SmokeBomb"},{"floor":16,"key":"ColorlessPotion"},{"floor":21,"key":"Fire Potion"},{"floor":23,"key":"Fruit Juice"},{"floor":28,"key":"Block Potion"}],"is_trial":false,"path_per_floor":["M","?","M","M","$","E","R","M","T","R","?","R","E","M","R","B",null,"M","?","$","?","?","E","R","M","T","R","M","E","M","E","R","B"],"character_chosen":"THE_SILENT","items_purchased":["Dash","Bouncing Flask"],"campfire_rested":3,"item_purchase_floors":[5,20],"current_hp_per_floor":[53,53,53,46,46,21,40,36,36,36,36,36,19,19,38,7,51,45,45,45,45,45,41,41,25,25,46,46,38,28,28,28,0,0],"gold":139,"neow_bonus":"BOSS_RELIC","is_daily":false,"chose_seed":false,"campfire_upgraded":4,"win_rate":0.0,"timestamp":1613436122,"path_taken":["M","?","M","M","?","E","R","M","T","R","?","R","E","M","R","BOSS","M","?","$","?","?","E","R","M","T","R","M","E","M","E","R","BOSS"],"items_purchased_type":["Card","Card"],"build_version":"2020-12-22","purchased_purges":0,"victory":false,"max_hp_per_floor":[66,66,66,66,66,66,66,66,66,66,66,66,66,66,66,66,66,66,66,66,66,66,71,71,71,71,71,71,71,71,71,71,71,71],"relic_stats":{"Darkstone Periapt":0,"counters":[16,82],"Snecko Eye":[128,154,130,115],"Ectoplasm":152,"Juzu Bracelet":1,"Orichalcum":[6],"Smiling Mask":0,"obtain_stats":[{"Darkstone Periapt":26,"Anchor":23,"MutagenicStrength":22,"Snecko Eye":0,"WingedGreaves":13,"Ectoplasm":17,"Juzu Bracelet":6,"Bottled Lightning":9,"Orichalcum":31,"Smiling Mask":29,"Ring of the Snake":0},{"Darkstone Periapt":11,"Anchor":10,"MutagenicStrength":9,"Snecko Eye":0,"WingedGreaves":6,"Ectoplasm":8,"Juzu Bracelet":4,"Bottled Lightning":5,"Orichalcum":15,"Smiling Mask":13,"Ring of the Snake":0},{"Darkstone Periapt":58,"Anchor":54,"MutagenicStrength":49,"Snecko Eye":0,"WingedGreaves":30,"Ectoplasm":44,"Juzu Bracelet":21,"Bottled Lightning":26,"Orichalcum":76,"Smiling Mask":69,"Ring of the Snake":0}]},"card_choices":[{"not_picked":["Masterful Stab","Dodge and Roll"],"picked":"Blade Dance","floor":1},{"not_picked":["Caltrops","Cloak And Dagger"],"picked":"All Out Attack","floor":3},{"not_picked":["Dodge and Roll","Outmaneuver","Reflex"],"picked":"SKIP","floor":4},{"not_picked":["Slice","Escape Plan"],"picked":"Footwork","floor":6},{"not_picked":["Dodge and Roll","Cloak And Dagger","Deflect"],"picked":"SKIP","floor":8},{"not_picked":["Acrobatics","Backflip","Outmaneuver"],"picked":"SKIP","floor":13},{"not_picked":["Deflect","Finisher"],"picked":"A Thousand Cuts","floor":14},{"not_picked":["Unload","Adrenaline"],"picked":"Bullet Time","floor":16},{"not_picked":["Flechettes","Riddle With Holes"],"picked":"Choke","floor":18},{"not_picked":["Backstab+1","Caltrops","Deadly Poison+1"],"picked":"SKIP","floor":23},{"not_picked":["Bane","PiercingWail","Deflect"],"picked":"SKIP","floor":25},{"not_picked":["PiercingWail","Poisoned Stab"],"picked":"Backflip","floor":28},{"not_picked":["Acrobatics","Slice"],"picked":"Envenom","floor":29},{"not_picked":["Prepared","Terror+1"],"picked":"Well Laid Plans+1","floor":30},{"not_picked":["Dagger Throw","Quick Slash","Poisoned Stab"],"picked":"SKIP","floor":31}],"player_experience":564553,"relics_obtained":[{"floor":6,"key":"Juzu Bracelet"},{"floor":9,"key":"Bottled Lightning"},{"floor":13,"key":"WingedGreaves"},{"floor":23,"key":"Anchor"},{"floor":26,"key":"Darkstone Periapt"},{"floor":29,"key":"Smiling Mask"},{"floor":31,"key":"Orichalcum"}],"event_choices":[{"damage_healed":0,"gold_gain":0,"player_choice":"Upgraded","damage_taken":0,"max_hp_gain":0,"max_hp_loss":0,"event_name":"Upgrade Shrine","floor":2,"gold_loss":0,"cards_upgraded":["Neutralize"]},{"damage_healed":0,"gold_gain":0,"player_choice":"Ignored","damage_taken":0,"max_hp_gain":0,"max_hp_loss":0,"event_name":"Liars Game","floor":11,"gold_loss":0},{"damage_healed":0,"gold_gain":0,"player_choice":"Read","damage_taken":0,"max_hp_gain":0,"max_hp_loss":0,"event_name":"The Library","floor":19,"gold_loss":0,"cards_obtained":["Noxious Fumes"]},{"damage_healed":0,"gold_gain":0,"player_choice":"Got Potions","damage_taken":0,"max_hp_gain":0,"max_hp_loss":0,"event_name":"Lab","floor":21,"gold_loss":0},{"damage_healed":0,"gold_gain":0,"player_choice":"Inject Mutagens","damage_taken":0,"relics_obtained":["MutagenicStrength"],"max_hp_gain":0,"max_hp_loss":0,"event_name":"Drug Dealer","floor":22,"gold_loss":0}],"is_beta":false,"boss_relics":[{"not_picked":["Fusion Hammer","Empty Cage"],"picked":"Ectoplasm"}],"items_purged_floors":[],"is_endless":false,"potions_floor_spawned":[4,6,13,16,23,28,30,31],"killed_by":"Automaton","ascension_level":20}}