{"host":"fc4hh3zaz3zk8cya","time":1613462147,"event":{"mods":["BaseMod","BetterRewards","Colored Map","Colored Powertips","Downfall","GifTheSpireLib","Highlight Path","Infinite Spire","Minty Spire (QoL Compilation)","Permanent Neow","Quick Restart","Replay The Spire","Shop Mod","StSLib","slay the spire mod where everything is the same but ironclad has a cowboy hat"],"gold_per_floor":[109,109,109,161,34,60,78,78,78,88,88,105,30,30,30,45,45,149,149,161,173,173,173,189,215,165,182,182,201,218,218,218,238,238,238,238],"floor_reached":35,"language":"ENG","playtime":1530,"items_purged":["Regret"],"score":318,"play_id":"51dd3cdc-ef2c-4da7-8160-7e69fd86771d","local_time":"20210216025547","is_ascension_mode":true,"campfire_choices":[{"floor":15,"key":"REST"},{"data":"Havoc","floor":17,"key":"SMITH"},{"data":"Demonic Infusion","floor":31,"key":"SMITH"},{"data":"Replay:Undeath\u0027s Touch","floor":34,"key":"SMITH"}],"circlet_count":0,"master_deck":["Defend_R","Defend_R","Defend_R","Bash","Havoc+1","Thunderclap","True Grit","Dark Embrace","Havoc","Replay:Undeath\u0027s Touch+1","Dropkick","Infernal Blade","Anger","Exhume","Shrug It Off+1","Sever Soul+1","Headbutt+1","infinitespire:Starlight","downfall:Malfunctioning","Injury","Demonic Infusion+1","Inflame","Replay:Undeath\u0027s Touch+1","ReplayTheSpireMod:Corrosion Curse+1","Headbutt","Languid","Infernal Blade"],"relics":["Cracked Core","infinitespire:Cubic Diamond","Unceasing Top","Darkstone Periapt","Garlic","Torii","Letter Opener","Astrolabe","MutagenicStrength","Kintsugi","Boot","Question Card","Ring of Panic","Ring of Fury"],"acts_visited":["Exordium","TheCity"],"potions_floor_usage":[10,25],"damage_taken":[{"damage":1,"enemies":"Jaw Worm","floor":1,"turns":3},{"damage":37,"enemies":"Lagavulin","floor":6,"turns":6},{"damage":3,"enemies":"2 Louse","floor":7,"turns":2},{"damage":5,"enemies":"Small Slimes","floor":10,"turns":2},{"damage":8,"enemies":"Exordium Wildlife","floor":12,"turns":3},{"damage":1,"enemies":"Blue Slaver","floor":16,"turns":3},{"damage":28,"enemies":"Slime Boss","floor":18,"turns":10},{"damage":0,"enemies":"Chosen","floor":20,"turns":2},{"damage":8,"enemies":"Spheric Guardian","floor":21,"turns":3},{"damage":3,"enemies":"Snake Plant","floor":24,"turns":5},{"damage":10,"enemies":"Replay:Snechameleon","floor":25,"turns":8},{"damage":21,"enemies":"Chosen and Byrds","floor":27,"turns":6},{"damage":15,"enemies":"Centurion and Healer","floor":29,"turns":5},{"damage":4,"enemies":"Snake Plant","floor":30,"turns":4},{"damage":0,"enemies":"Chosen and Byrds","floor":33,"turns":4},{"damage":52,"enemies":"Champ","floor":35,"turns":6}],"seed_played":"8323362622447668811","potions_obtained":[{"floor":6,"key":"BloodPotion"},{"floor":7,"key":"Weak Potion"},{"floor":10,"key":"Ancient Potion"},{"floor":16,"key":"EssenceOfSteel"},{"floor":24,"key":"FearPotion"},{"floor":25,"key":"PowerPotion"},{"floor":29,"key":"Fire Potion"}],"is_trial":false,"path_per_floor":["M","?","?","?","$","E","M","PTL","PTL","M","T","M","$","?","R","M","R","B",null,"M","M","?","AVR","M","E","?","M","T","M","M","R","?","M","R","B"],"character_chosen":"IRONCLAD","items_purchased":["True Grit","Dark Embrace"],"campfire_rested":1,"item_purchase_floors":[5,5],"current_hp_per_floor":[80,80,80,48,48,11,8,8,8,19,19,11,11,11,35,34,34,6,80,80,72,72,84,91,89,89,68,68,53,59,59,65,75,75,33,33],"gold":238,"neow_bonus":"RANDOM_EVENT","is_daily":false,"chose_seed":false,"campfire_upgraded":3,"win_rate":0.0,"timestamp":1613462147,"path_taken":["M","?","?","?","$","E","M","PTL","PTL","?","T","M","$","?","R","M","R","BOSS","M","M","?","AVR","M","E","?","?","T","M","M","R","?","M","R","BOSS"],"items_purchased_type":["Card","Card"],"build_version":"2020-12-22","purchased_purges":1,"victory":false,"max_hp_per_floor":[80,80,80,80,80,80,80,80,80,80,80,80,80,80,80,80,80,80,80,80,80,80,92,92,92,92,92,92,92,92,92,98,98,98,98,98],"card_choices":[{"not_picked":["ReplayTheSpireMod:Strike From Hell","Searing Blow"],"picked":"Perfected Strike","floor":1},{"not_picked":["Rupture","Clothesline"],"picked":"Havoc","floor":4},{"not_picked":["Metallicize","Clash"],"picked":"Thunderclap","floor":4},{"not_picked":["Seeing Red","Wild Strike"],"picked":"Havoc","floor":6},{"not_picked":["Iron Wave","Perfected Strike"],"picked":"Replay:Undeath\u0027s Touch","floor":7},{"not_picked":["Wild Strike","Impervious"],"picked":"Dropkick","floor":10},{"not_picked":["Intimidate","Metallicize"],"picked":"Infernal Blade","floor":12},{"not_picked":["Run Through","Replay:Undeath\u0027s Touch"],"picked":"Anger","floor":16},{"not_picked":["Corruption","Offering"],"picked":"Exhume","floor":18},{"not_picked":["Rage","Combust+1"],"picked":"Headbutt+1","floor":20},{"not_picked":["Armaments","Perfected Strike+1","Ghostly Armor"],"picked":"SKIP","floor":21},{"not_picked":["Clothesline","Clash"],"picked":"Demonic Infusion","floor":24},{"not_picked":["Anger","ReplayTheSpireMod:Strike From Hell"],"picked":"Inflame","floor":25},{"not_picked":["Warcry","Uppercut+1"],"picked":"Replay:Undeath\u0027s Touch+1","floor":27},{"not_picked":["Armaments","Evolve","Warcry"],"picked":"ReplayTheSpireMod:Corrosion Curse+1","floor":29},{"not_picked":["Shockwave","ReplayReversal","Clash"],"picked":"Headbutt","floor":30},{"not_picked":["Impervious","Cleave","Clothesline+1"],"picked":"Infernal Blade","floor":33}],"player_experience":85982,"relics_obtained":[{"floor":4,"key":"Darkstone Periapt"},{"floor":6,"key":"Garlic"},{"floor":11,"key":"Torii"},{"floor":14,"key":"Letter Opener"},{"floor":25,"key":"Boot"},{"floor":28,"key":"Question Card"},{"floor":32,"key":"Ring of Panic"},{"floor":32,"key":"Ring of Fury"}],"event_choices":[{"damage_healed":0,"gold_gain":0,"player_choice":"Box","damage_taken":0,"relics_obtained":["Unceasing Top"],"max_hp_gain":0,"max_hp_loss":0,"event_name":"Big Fish","floor":3,"gold_loss":0,"cards_obtained":["Regret"]},{"damage_healed":0,"gold_gain":0,"player_choice":"Inject Mutagens","damage_taken":0,"relics_obtained":["MutagenicStrength"],"max_hp_gain":0,"max_hp_loss":0,"event_name":"Drug Dealer","floor":22,"gold_loss":0},{"damage_healed":0,"gold_gain":0,"player_choice":"Bet on Murderer","damage_taken":0,"max_hp_gain":0,"max_hp_loss":0,"event_name":"The Joust","floor":26,"gold_loss":50}],"is_beta":false,"boss_relics":[{"not_picked":["Philosopher\u0027s Stone","ReplayTheSpireMod:DimensionalGlitch"],"picked":"Astrolabe"}],"items_purged_floors":[13],"is_endless":false,"potions_floor_spawned":[6,7,10,16,24,25,29,33],"killed_by":"Champ","ascension_level":1}}