{"host":"cbu6enf2xtq4r7r3","time":1613500304,"event":{"mods":["2.2 Compatiblity","AlwaysNeverKeys","BaseMod","Better Match","Better Note","Better Sensory Stone","Better Skull","Better Third Choice","Colored Map","Colored Powertips","Defuse TimeMaze Blight","Emptier Cage","Minty Spire (QoL Compilation)","Permanent Neow","Quick Restart","Random Character Button","Relic Sorter","Reorder Act Four","Shop Mod","StSLib"],"gold_per_floor":[213,213,228,240,256,283,283,303,328,328,363,124,160,190,190,298,298,325,325,985,53,75,118,118,148,148,148,171,209,209,235,235,340,340,362,282,297,297,345,345,356,356,356,356,385,81,99,117,117,117],"floor_reached":51,"language":"ENG","playtime":1657,"items_purged":["Strike_B","Strike_B","Strike_B"],"score":964,"play_id":"0f96e35a-5ca0-4a65-986a-112be1e1d4f6","local_time":"20210216193144","is_ascension_mode":true,"campfire_choices":[{"data":"Defragment","floor":7,"key":"SMITH"},{"data":"Self Repair","floor":10,"key":"SMITH"},{"data":"Steam","floor":15,"key":"SMITH"},{"data":"Consume","floor":24,"key":"SMITH"},{"data":"Glacier","floor":27,"key":"SMITH"},{"data":"Undo","floor":30,"key":"SMITH"},{"data":"Glacier","floor":32,"key":"SMITH"},{"floor":40,"key":"DIG"},{"floor":42,"key":"DIG"},{"floor":44,"key":"DIG"},{"floor":49,"key":"DIG"}],"circlet_count":0,"master_deck":["Defend_B","Defend_B+1","Defend_B","Defend_B","Zap+1","Dualcast","Sweeping Beam","Self Repair+1","Defragment+1","Barrage","Scrape","Glacier+1","Steam+1","Coolheaded","Reboot+1","Consume+1","Core Surge","Glacier+1","Loop+1","Undo+1","Cold Snap+1","Echo Form+1","Conserve Battery","Defragment+1","Stack+1","Coolheaded+1","Coolheaded+1","Bandage Up+1","Jack Of All Trades+1"],"relics":["Cracked Core","The Courier","DataDisk","MawBank","Frozen Egg 2","CeramicFish","Matryoshka","Inserter","Runic Capacitor","Bag of Marbles","Meat on the Bone","Happy Flower","Symbiotic Virus","War Paint","Tiny Chest","Pocketwatch","Bronze Scales","Molten Egg 2","Shovel","Akabeko","Oddly Smooth Stone","Busted Crown","Anchor","Smiling Mask","Ice Cream","Orichalcum","Letter Opener","Toxic Egg 2","CaptainsWheel"],"acts_visited":["Exordium","TheCity","TheBeyond"],"potions_floor_usage":[11,23,25,25,29,50,50],"damage_taken":[{"damage":7,"enemies":"Small Slimes","floor":1,"turns":4},{"damage":6,"enemies":"Cultist","floor":3,"turns":3},{"damage":0,"enemies":"2 Louse","floor":4,"turns":2},{"damage":0,"enemies":"2 Fungi Beasts","floor":5,"turns":3},{"damage":21,"enemies":"Lagavulin","floor":6,"turns":7},{"damage":9,"enemies":"Blue Slaver","floor":8,"turns":3},{"damage":1,"enemies":"3 Sentries","floor":11,"turns":5},{"damage":6,"enemies":"Gremlin Nob","floor":13,"turns":4},{"damage":40,"enemies":"Hexaghost","floor":16,"turns":13},{"damage":7,"enemies":"Shell Parasite","floor":18,"turns":6},{"damage":0,"enemies":"Chosen","floor":22,"turns":5},{"damage":0,"enemies":"Book of Stabbing","floor":23,"turns":5},{"damage":0,"enemies":"Slavers","floor":25,"turns":5},{"damage":6,"enemies":"Shelled Parasite and Fungi","floor":28,"turns":4},{"damage":5,"enemies":"Book of Stabbing","floor":29,"turns":5},{"damage":4,"enemies":"Automaton","floor":33,"turns":10},{"damage":0,"enemies":"3 Shapes","floor":35,"turns":4},{"damage":0,"enemies":"3 Darklings","floor":37,"turns":5},{"damage":0,"enemies":"Maw","floor":41,"turns":7},{"damage":0,"enemies":"Giant Head","floor":45,"turns":9},{"damage":0,"enemies":"Jaw Worm Horde","floor":48,"turns":5},{"damage":3,"enemies":"Time Eater","floor":50,"turns":10}],"seed_played":"-3940552159741687826","potions_obtained":[{"floor":1,"key":"EssenceOfSteel"},{"floor":4,"key":"FairyPotion"},{"floor":8,"key":"DistilledChaos"},{"floor":16,"key":"EssenceOfSteel"},{"floor":18,"key":"Dexterity Potion"},{"floor":25,"key":"FocusPotion"},{"floor":33,"key":"Dexterity Potion"},{"floor":37,"key":"Block Potion"}],"is_trial":false,"path_per_floor":["M","?","M","M","M","E","R","M","T","R","E","$","E","?","R","B",null,"M","?","?","$","M","E","R","E","T","R","M","E","R","T","R","B",null,"M","$","M","?","T","R","M","R","T","R","E","$","?","M","R","B",null],"character_chosen":"DEFECT","items_purchased":["Frozen Egg 2","Runic Capacitor","Bag of Marbles","Meat on the Bone","Happy Flower","Symbiotic Virus","War Paint","Core Surge","Defragment+1","Regen Potion","Stack+1","Coolheaded+1","Coolheaded+1","EssenceOfSteel"],"campfire_rested":0,"item_purchase_floors":[12,21,21,21,21,21,21,21,46,46,46,46,46,46],"current_hp_per_floor":[68,68,62,69,75,61,61,59,59,59,68,68,72,72,72,42,75,75,75,11,11,33,55,55,65,65,65,69,74,74,74,74,75,75,75,75,75,75,75,75,75,75,75,75,75,75,75,75,75,75],"gold":117,"neow_bonus":"HUNDRED_GOLD","is_daily":false,"chose_seed":false,"campfire_upgraded":7,"win_rate":0.0,"timestamp":1613500304,"path_taken":["M","?","M","?","M","E","R","M","T","R","E","?","E","?","R","BOSS","M","?","?","$","M","E","R","E","T","R","M","E","R","?","R","BOSS","M","$","?","?","?","R","M","R","T","R","E","$","?","M","R","BOSS"],"items_purchased_type":["Relic","Relic","Relic","Relic","Relic","Relic","Relic","Card","Card","Potion","Card","Card","Card","Potion"],"build_version":"2020-12-22","purchased_purges":3,"victory":true,"max_hp_per_floor":[75,75,75,75,75,75,75,75,75,75,75,75,75,75,75,75,75,75,75,75,75,75,75,75,75,75,75,75,75,75,75,75,75,75,75,75,75,75,75,75,75,75,75,75,75,75,75,75,75,75],"card_choices":[{"not_picked":["Hologram","Auto Shields"],"picked":"Sweeping Beam","floor":1},{"not_picked":["Reprogram","Conserve Battery"],"picked":"Self Repair","floor":3},{"not_picked":["Turbo","Heatsinks"],"picked":"Defragment","floor":4},{"not_picked":["Turbo","Redo"],"picked":"Barrage","floor":5},{"not_picked":["Conserve Battery","Steam"],"picked":"Scrape","floor":6},{"not_picked":["Coolheaded","Barrage"],"picked":"Glacier","floor":8},{"not_picked":["Creative AI","Compile Driver"],"picked":"Steam","floor":11},{"not_picked":["Leap","Gash"],"picked":"Coolheaded","floor":13},{"not_picked":["All For One","Amplify"],"picked":"Reboot","floor":16},{"not_picked":["Conserve Battery","Compile Driver+1"],"picked":"Consume","floor":18},{"not_picked":["Sweeping Beam+1","Lockon"],"picked":"Glacier","floor":22},{"not_picked":["Stack","Creative AI+1"],"picked":"Loop+1","floor":23},{"not_picked":["Double Energy","Chaos","Genetic Algorithm"],"picked":"SKIP","floor":25},{"not_picked":["Beam Cell+1","Coolheaded"],"picked":"Undo","floor":28},{"not_picked":["Fusion+1","Static Discharge+1"],"picked":"Cold Snap+1","floor":29},{"not_picked":["All For One+1","Reboot"],"picked":"Echo Form+1","floor":33},{"not_picked":[],"picked":"Conserve Battery","floor":35},{"not_picked":["Self Repair+1"],"picked":"SKIP","floor":37},{"not_picked":["Blizzard+1"],"picked":"SKIP","floor":41},{"not_picked":["Beam Cell+1"],"picked":"SKIP","floor":45},{"not_picked":[],"picked":"Bandage Up+1","floor":47},{"not_picked":[],"picked":"Jack Of All Trades+1","floor":47},{"not_picked":["Chaos+1"],"picked":"SKIP","floor":48}],"player_experience":154466,"relics_obtained":[{"floor":6,"key":"The Courier"},{"floor":9,"key":"DataDisk"},{"floor":11,"key":"MawBank"},{"floor":13,"key":"CeramicFish"},{"floor":23,"key":"Tiny Chest"},{"floor":25,"key":"Pocketwatch"},{"floor":26,"key":"Bronze Scales"},{"floor":26,"key":"Molten Egg 2"},{"floor":29,"key":"Shovel"},{"floor":31,"key":"Akabeko"},{"floor":31,"key":"Oddly Smooth Stone"},{"floor":39,"key":"Anchor"},{"floor":40,"key":"Smiling Mask"},{"floor":42,"key":"Ice Cream"},{"floor":43,"key":"Orichalcum"},{"floor":44,"key":"Letter Opener"},{"floor":45,"key":"Toxic Egg 2"},{"floor":49,"key":"CaptainsWheel"}],"event_choices":[{"damage_healed":0,"gold_gain":0,"player_choice":"Upgraded","damage_taken":0,"max_hp_gain":0,"max_hp_loss":0,"event_name":"Upgrade Shrine","floor":2,"gold_loss":0,"cards_upgraded":["Zap"]},{"damage_healed":0,"gold_gain":30,"player_choice":"Searched \u00272\u0027 times","damage_taken":0,"relics_obtained":["Matryoshka"],"max_hp_gain":0,"max_hp_loss":0,"event_name":"Dead Adventurer","floor":14,"gold_loss":0},{"cards_removed":["Strike_B"],"damage_healed":0,"gold_gain":0,"player_choice":"Offered Basic","damage_taken":0,"max_hp_gain":0,"max_hp_loss":0,"event_name":"Bonfire Elementals","floor":19,"gold_loss":0},{"damage_healed":0,"gold_gain":660,"player_choice":"GO GO GO GO GO GO ","damage_taken":70,"relics_obtained":[],"max_hp_gain":0,"max_hp_loss":0,"event_name":"betterSkull:BetterSkull","floor":20,"gold_loss":0,"cards_upgraded":[]},{"damage_healed":0,"gold_gain":0,"player_choice":"Ignored","damage_taken":0,"max_hp_gain":0,"max_hp_loss":0,"event_name":"Tomb of Lord Red Mask","floor":38,"gold_loss":0},{"damage_healed":0,"gold_gain":3,"player_choice":"1","damage_taken":0,"max_hp_gain":0,"max_hp_loss":0,"event_name":"betterStone:BetterStone","floor":47,"gold_loss":0}],"is_beta":false,"boss_relics":[{"not_picked":["Pandora\u0027s Box","Snecko Eye"],"picked":"Inserter"},{"not_picked":["Runic Dome","Empty Cage"],"picked":"Busted Crown"}],"items_purged_floors":[12,36,46],"is_endless":false,"potions_floor_spawned":[1,4,8,16,18,25,33,37,48],"ascension_level":1}}