{"host":"klgyc9hk2vke70pr","time":1613462742,"event":{"mods":["2.2 Compatiblity","AchievementEnabler","BaseMod","Bestiary","Block Reminder","Colored Map","Colored Powertips","Curses Come First","Highlight Path","Minty Spire (QoL Compilation)","Rare Cards Sparkle","Relic Stats","Slay the Relics Exporter","Smile Girya","StSLib","UnlockEverythingMod","Waifu the Spire","everything is the same but u backflip on backflip"],"gold_per_floor":[17,32,32,50,50,90,111,111,137,137,178,214,262,5,5,136,136,175,175,209,209,0,0,33,33,114,188,202,268,268,268,268,423,423,469,515,495,549,308,308,359,422,496,496,176,176,240,265,265,295,295,295,55,94,94],"floor_reached":56,"language":"ENG","playtime":3793,"items_purged":["Defend_P","Strike_P"],"score":1708,"play_id":"32ec3707-2068-4d0f-b08d-905aed4e6d2a","local_time":"20210216020542","is_ascension_mode":true,"campfire_choices":[{"data":"BowlingBash","floor":10.0,"key":"SMITH"},{"data":"Meditate","floor":15.0,"key":"SMITH"},{"data":"Wallop","floor":23.0,"key":"SMITH"},{"data":"Wish","floor":25.0,"key":"SMITH"},{"data":"Wireheading","floor":30.0,"key":"SMITH"},{"floor":32.0,"key":"RECALL"},{"data":"Vault","floor":40.0,"key":"SMITH"},{"data":"Master of Strategy","floor":44.0,"key":"SMITH"},{"data":"Eruption","floor":49.0,"key":"SMITH"},{"data":"Vengeance","floor":52.0,"key":"SMITH"}],"circlet_count":0,"master_deck":["Strike_P","Strike_P","Strike_P","Defend_P","Defend_P","Defend_P","Eruption+1","Vigilance+1","Vengeance+1","FearNoEvil","BowlingBash+1","Conclude","FlurryOfBlows","Wireheading+1","Meditate+1","FlurryOfBlows","Wish+1","Tantrum+1","Wallop+1","Master of Strategy+1","JustLucky+1","ThirdEye+1","EmptyBody+1","Collect+1","Vault+1","CutThroughFate+1","Protect+1","Adaptation+1","Crescendo+1","Worship","LikeWater+1","Panache+1","Wireheading+1","BattleHymn+1","EmptyBody","Evaluate+1"],"relics":["PureWater","Golden Idol","NlothsMask","PreservedInsect","MawBank","Eternal Feather","Membership Card","Mummified Hand","Black Star","Red Mask","InkBottle","Question Card","Centennial Puzzle","Ornamental Fan","StrikeDummy","Vajra","Bag of Marbles","Akabeko","Incense Burner","Coffee Dripper","Frozen Egg 2","Melange","Damaru","Dream Catcher","Sling","Blood Vial","Unceasing Top","Bag of Preparation","Lantern","White Beast Statue","Bottled Flame"],"acts_visited":["TheBeyond","TheEnding"],"potions_floor_usage":[55,55,55],"damage_taken":[{"damage":0.0,"enemies":"Cultist","floor":1.0,"turns":2.0},{"damage":2.0,"enemies":"Jaw Worm","floor":2.0,"turns":2.0},{"damage":0.0,"enemies":"2 Louse","floor":4.0,"turns":1.0},{"damage":22.0,"enemies":"Gremlin Nob","floor":6.0,"turns":4.0},{"damage":0.0,"enemies":"2 Fungi Beasts","floor":7.0,"turns":1.0},{"damage":0.0,"enemies":"Lagavulin","floor":11.0,"turns":4.0},{"damage":2.0,"enemies":"Large Slime","floor":12.0,"turns":4.0},{"damage":0.0,"enemies":"Gremlin Nob","floor":13.0,"turns":2.0},{"damage":0.0,"enemies":"Slime Boss","floor":16.0,"turns":3.0},{"damage":17.0,"enemies":"2 Thieves","floor":18.0,"turns":5.0},{"damage":0.0,"enemies":"3 Byrds","floor":19.0,"turns":1.0},{"damage":18.0,"enemies":"Masked Bandits","floor":20.0,"turns":3.0},{"damage":0.0,"enemies":"Gremlin Leader","floor":24.0,"turns":1.0},{"damage":9.0,"enemies":"Slavers","floor":27.0,"turns":2.0},{"damage":0.0,"enemies":"Snecko","floor":28.0,"turns":2.0},{"damage":0.0,"enemies":"Gremlin Leader","floor":29.0,"turns":4.0},{"damage":2.0,"enemies":"Automaton","floor":33.0,"turns":10.0},{"damage":0.0,"enemies":"Orb Walker","floor":35.0,"turns":3.0},{"damage":5.0,"enemies":"3 Darklings","floor":36.0,"turns":4.0},{"damage":0.0,"enemies":"Transient","floor":38.0,"turns":6.0},{"damage":0.0,"enemies":"Sphere and 2 Shapes","floor":41.0,"turns":5.0},{"damage":9.0,"enemies":"Giant Head","floor":42.0,"turns":3.0},{"damage":0.0,"enemies":"Reptomancer","floor":47.0,"turns":3.0},{"damage":20.0,"enemies":"Writhing Mass","floor":48.0,"turns":7.0},{"damage":0.0,"enemies":"Donu and Deca","floor":50.0,"turns":11.0},{"damage":3.0,"enemies":"Shield and Spear","floor":54.0,"turns":6.0},{"damage":47,"enemies":"The Heart","floor":55,"turns":7}],"seed_played":"-4773653926245000704","potions_obtained":[{"floor":1.0,"key":"Dexterity Potion"},{"floor":2.0,"key":"SkillPotion"},{"floor":6.0,"key":"Swift Potion"},{"floor":7.0,"key":"Ambrosia"},{"floor":12.0,"key":"SmokeBomb"},{"floor":20.0,"key":"Energy Potion"},{"floor":27.0,"key":"SpeedPotion"},{"floor":28.0,"key":"BlessingOfTheForge"},{"floor":29.0,"key":"LiquidBronze"},{"floor":37.0,"key":"Strength Potion"}],"is_trial":false,"path_per_floor":["M","M","?","M","?","E","M","?","T","R","E","M","E","$","R","B",null,"M","M","?","?","$","R","E","R","T","E","M","E","R","?","R","B",null,"M","M","?","M","$","R","M","E","T","R","$","?","E","M","R","B",null,"R","$","E","B",null],"character_chosen":"WATCHER","items_purchased":["Membership Card","Mummified Hand","Master of Strategy","InkBottle","Frozen Egg 2","Melange","Adaptation+1","LikeWater+1","Panache+1","Sling","Blood Vial","CultistPotion","Lantern","BattleHymn+1","EmptyBody"],"campfire_rested":0,"item_purchase_floors":[14,14,22,22,39,39,39,45,45,45,45,53,53,53,53],"current_hp_per_floor":[72,70,52,52,52,30,30,82,82,82,82,80,80,80,82,82,82,65,65,47,74,74,82,82,82,82,73,73,73,82,82,82,80,82,82,77,77,77,77,82,82,73,73,82,82,82,82,62,80,82,82,82,82,79,34],"gold":94,"neow_bonus":"THREE_RARE_CARDS","is_daily":false,"chose_seed":false,"campfire_upgraded":9,"win_rate":0.0,"timestamp":1613462742,"path_taken":["M","M","?","M","?","E","?","?","T","R","E","M","E","?","R","BOSS","M","M","?","?","$","R","E","R","T","E","M","E","R","?","R","BOSS","BOSS","M","M","?","?","$","R","M","E","T","R","$","?","E","M","R","BOSS","R","$","E","BOSS"],"items_purchased_type":["Relic","Relic","Card","Relic","Relic","Relic","Card","Card","Card","Relic","Relic","Potion","Relic","Card","Card"],"build_version":"2020-12-22","purchased_purges":2,"victory":true,"max_hp_per_floor":[72,72,72,72,72,72,72,82,82,82,82,82,82,82,82,82,82,82,82,82,82,82,82,82,82,82,82,82,82,82,82,82,82,82,82,82,82,82,82,82,82,82,82,82,82,82,82,82,82,82,82,82,82,82,82],"relic_stats":{"counters":[27,106],"Golden Idol":244,"Melange":[27],"Eternal Feather":51,"PreservedInsect":428,"Bag of Preparation":[8],"MawBank":36,"Question Card":13,"Blood Vial":4,"Centennial Puzzle":[21],"Dream Catcher":0,"Mummified Hand":[38],"Ornamental Fan":[180],"Black Star":6,"obtain_stats":[{"Lantern":53,"Vajra":27,"Melange":39,"Incense Burner":31,"Bag of Preparation":47,"Sling":45,"Blood Vial":45,"Centennial Puzzle":24,"Dream Catcher":42,"Mummified Hand":14,"Red Mask":20,"InkBottle":22,"Golden Idol":3,"Damaru":42,"Eternal Feather":13,"PreservedInsect":6,"Frozen Egg 2":39,"MawBank":11,"Question Card":24,"Akabeko":29,"White Beast Statue":54,"Bottled Flame":54,"Ornamental Fan":26,"Black Star":17,"Bag of Marbles":29,"Coffee Dripper":34,"Membership Card":14,"PureWater":0,"StrikeDummy":27,"Unceasing Top":47,"NlothsMask":5},{"Lantern":25,"Vajra":14,"Melange":20,"Incense Burner":16,"Bag of Preparation":23,"Sling":22,"Blood Vial":22,"Centennial Puzzle":13,"Dream Catcher":22,"Mummified Hand":8,"Red Mask":12,"InkBottle":12,"Golden Idol":2,"Damaru":22,"Eternal Feather":8,"PreservedInsect":4,"Frozen Egg 2":20,"MawBank":6,"Question Card":13,"Akabeko":16,"White Beast Statue":26,"Bottled Flame":26,"Ornamental Fan":13,"Black Star":9,"Bag of Marbles":16,"Coffee Dripper":17,"Membership Card":8,"PureWater":0,"StrikeDummy":14,"Unceasing Top":23,"NlothsMask":3},{"Lantern":93,"Vajra":35,"Melange":64,"Incense Burner":41,"Bag of Preparation":75,"Sling":72,"Blood Vial":72,"Centennial Puzzle":33,"Dream Catcher":72,"Mummified Hand":20,"Red Mask":32,"InkBottle":32,"Golden Idol":4,"Damaru":72,"Eternal Feather":20,"PreservedInsect":9,"Frozen Egg 2":64,"MawBank":14,"Question Card":33,"Akabeko":41,"White Beast Statue":99,"Bottled Flame":99,"Ornamental Fan":33,"Black Star":23,"Bag of Marbles":41,"Coffee Dripper":51,"Membership Card":20,"PureWater":0,"StrikeDummy":35,"Unceasing Top":75,"NlothsMask":5}],"InkBottle":[38],"Unceasing Top":[0]},"card_choices":[{"not_picked":["Scrawl","Omniscience"],"picked":"Blasphemy","floor":0.0},{"not_picked":["Crescendo","Collect"],"picked":"Vengeance","floor":1.0},{"not_picked":["Indignation","InnerPeace"],"picked":"FearNoEvil","floor":2.0},{"not_picked":["EmptyFist","Prostrate"],"picked":"BowlingBash","floor":4.0},{"not_picked":["SashWhip","FollowUp"],"picked":"Conclude","floor":6.0},{"not_picked":["BattleHymn","Perseverance"],"picked":"FlurryOfBlows","floor":7.0},{"not_picked":["ClearTheMind","Prostrate"],"picked":"Wireheading","floor":11.0},{"not_picked":["WheelKick","Protect"],"picked":"Meditate","floor":12.0},{"not_picked":["Collect","Indignation"],"picked":"FlurryOfBlows","floor":13.0},{"not_picked":["Establishment","MasterReality"],"picked":"Wish","floor":16.0},{"not_picked":["PathToVictory","CrushJoints"],"picked":"Tantrum+1","floor":18.0},{"not_picked":["CutThroughFate+1","EmptyFist"],"picked":"Wallop","floor":20.0},{"not_picked":["Protect","Prostrate"],"picked":"JustLucky+1","floor":24.0},{"not_picked":["CrushJoints","InnerPeace","Alpha"],"picked":"ThirdEye+1","floor":27.0},{"not_picked":["PathToVictory","Crescendo","WheelKick+1"],"picked":"EmptyBody+1","floor":28.0},{"not_picked":["FlyingSleeves","PathToVictory+1","FollowUp+1"],"picked":"Collect+1","floor":29.0},{"not_picked":["ConjureBlade","LessonLearned","DeusExMachina"],"picked":"Vault","floor":33.0},{"not_picked":["EmptyBody","BowlingBash","Consecrate+1"],"picked":"CutThroughFate+1","floor":35.0},{"not_picked":["Nirvana","Perseverance+1","Halt"],"picked":"Protect+1","floor":36.0},{"not_picked":["WindmillStrike","CrushJoints+1","ThirdEye","PathToVictory+1"],"picked":"SKIP","floor":38.0},{"not_picked":["Protect+1","FlurryOfBlows","Wish"],"picked":"Crescendo+1","floor":41.0},{"not_picked":["Swivel+1","FlurryOfBlows+1","Adaptation+1"],"picked":"Worship","floor":42.0},{"not_picked":["SashWhip","PathToVictory+1","Collect+1","ThirdEye+1"],"picked":"SKIP","floor":47.0},{"not_picked":["SashWhip+1","Halt","FlurryOfBlows"],"picked":"Wireheading+1","floor":48.0},{"not_picked":["Worship","CarveReality+1","JustLucky"],"picked":"Evaluate+1","floor":54.0}],"player_experience":1171044,"relics_obtained":[{"floor":6.0,"key":"PreservedInsect"},{"floor":11.0,"key":"MawBank"},{"floor":13.0,"key":"Eternal Feather"},{"floor":20.0,"key":"Red Mask"},{"floor":24.0,"key":"Question Card"},{"floor":24.0,"key":"Centennial Puzzle"},{"floor":26.0,"key":"Ornamental Fan"},{"floor":27.0,"key":"StrikeDummy"},{"floor":27.0,"key":"Vajra"},{"floor":29.0,"key":"Bag of Marbles"},{"floor":29.0,"key":"Akabeko"},{"floor":42.0,"key":"Damaru"},{"floor":42.0,"key":"Dream Catcher"},{"floor":47.0,"key":"Unceasing Top"},{"floor":47.0,"key":"Bag of Preparation"},{"floor":54.0,"key":"White Beast Statue"},{"floor":54.0,"key":"Bottled Flame"}],"event_choices":[{"damage_healed":0.0,"max_hp_gain":0.0,"max_hp_loss":0.0,"gold_gain":0.0,"event_name":"Golden Idol","player_choice":"Take Damage","floor":3.0,"gold_loss":0.0,"damage_taken":18.0,"relics_obtained":["Golden Idol"]},{"damage_healed":0.0,"max_hp_gain":0.0,"max_hp_loss":0.0,"gold_gain":0.0,"event_name":"FaceTrader","player_choice":"Trade","floor":5.0,"gold_loss":0.0,"damage_taken":0.0,"relics_obtained":["NlothsMask"]},{"cards_removed":["Blasphemy"],"damage_healed":42.0,"max_hp_gain":10.0,"max_hp_loss":0.0,"gold_gain":0.0,"event_name":"Bonfire Elementals","player_choice":"Offered Rare","floor":8.0,"gold_loss":0.0,"damage_taken":0.0},{"damage_healed":0.0,"max_hp_gain":0.0,"max_hp_loss":0.0,"gold_gain":0.0,"event_name":"Masked Bandits","player_choice":"Fought Bandits","floor":20.0,"gold_loss":0.0,"damage_taken":0.0},{"damage_healed":27.0,"max_hp_gain":0.0,"max_hp_loss":0.0,"gold_gain":0.0,"event_name":"The Library","player_choice":"Heal","floor":21.0,"gold_loss":0.0,"damage_taken":0.0},{"damage_healed":0.0,"max_hp_gain":0.0,"max_hp_loss":0.0,"gold_gain":0.0,"event_name":"The Mausoleum","player_choice":"Opened","floor":31.0,"gold_loss":0.0,"damage_taken":0.0,"relics_obtained":["Incense Burner"]},{"damage_healed":0.0,"max_hp_gain":0.0,"max_hp_loss":0.0,"gold_gain":0.0,"event_name":"The Woman in Blue","player_choice":"Bought 1 Potion","floor":37.0,"gold_loss":0.0,"damage_taken":0.0},{"damage_healed":0.0,"max_hp_gain":0.0,"max_hp_loss":0.0,"gold_gain":0.0,"event_name":"Accursed Blacksmith","player_choice":"Forge","floor":46.0,"gold_loss":0.0,"damage_taken":0.0,"cards_upgraded":["Vigilance"]}],"is_beta":false,"boss_relics":[{"not_picked":["Runic Dome","Ectoplasm"],"picked":"Black Star"},{"not_picked":["Sozu","Astrolabe"],"picked":"Coffee Dripper"}],"items_purged_floors":[45,53],"is_endless":false,"potions_floor_spawned":[1,2,6,7,12,20,27,28,29,35,41,42,48],"ascension_level":3}}