{"host":"rolltorest","time":1613455625,"event":{"mods":["BaseMod","Minty Spire (QoL Compilation)","Relic Stats","Slay the Relics Exporter","StSLib"],"gold_per_floor":[116,132,147,147,157,185,185,205,229,254,254,269,294,294,294,368,368,385,385,385,398,39,69,69,98,98,111,138,138,172,187,187,266,266,278,290,290,290,26,361,361,376,376,410,410,430,455,470,470,470,470,470],"floor_reached":51,"language":"ENG","playtime":2972,"items_purged":[],"score":1970,"play_id":"e5ff0a58-ceb6-4148-b396-0b1e71fd226a","local_time":"20210215220705","is_ascension_mode":true,"campfire_choices":[{"data":"Meditate","floor":7,"key":"SMITH"},{"data":"LikeWater","floor":15,"key":"SMITH"},{"data":"TalkToTheHand","floor":24,"key":"SMITH"},{"data":"Ghostly","floor":32,"key":"SMITH"},{"floor":41,"key":"RECALL"},{"floor":45,"key":"REST"},{"floor":49,"key":"REST"}],"circlet_count":0,"master_deck":["AscendersBane","Eruption","Vigilance","ThirdEye","Meditate+1","CarveReality","Sanctity","LikeWater+1","CutThroughFate","Consecrate+1","ThirdEye","Omniscience","Protect","Evaluate","TalkToTheHand+1","Swivel","ForeignInfluence","Wireheading","EmptyBody","CutThroughFate","Ghostly+1","Ghostly","Ghostly","Weave","Tantrum","Adaptation","Tantrum+1","Indignation+1","WheelKick","Omniscience","Conclude","Adaptation","Vault","ClearTheMind","InnerPeace","Parasite","FlurryOfBlows+1","SpiritShield","Nirvana"],"relics":["Sozu","Unceasing Top","PreservedInsect","Bronze Scales","Regal Pillow","Pandora\u0027s Box","MutagenicStrength","Calipers","TeardropLocket","Toy Ornithopter","Kunai","Prayer Wheel","Bottled Flame","Fusion Hammer","Yang","Old Coin","Oddly Smooth Stone","Singing Bowl"],"acts_visited":["Exordium","TheCity","TheBeyond"],"potions_floor_usage":[],"damage_taken":[{"damage":0,"enemies":"Cultist","floor":1,"turns":4},{"damage":0,"enemies":"2 Louse","floor":2,"turns":2},{"damage":7,"enemies":"Small Slimes","floor":3,"turns":5},{"damage":7,"enemies":"Exordium Thugs","floor":5,"turns":4},{"damage":0,"enemies":"Lagavulin","floor":6,"turns":4},{"damage":5,"enemies":"Looter","floor":8,"turns":3},{"damage":6,"enemies":"Gremlin Nob","floor":10,"turns":3},{"damage":8,"enemies":"Blue Slaver","floor":12,"turns":2},{"damage":2,"enemies":"3 Sentries","floor":13,"turns":2},{"damage":1,"enemies":"The Guardian","floor":16,"turns":11},{"damage":0,"enemies":"Chosen","floor":18,"turns":3},{"damage":0,"enemies":"2 Thieves","floor":21,"turns":3},{"damage":0,"enemies":"Book of Stabbing","floor":23,"turns":5},{"damage":0,"enemies":"Gremlin Leader","floor":25,"turns":4},{"damage":2,"enemies":"Centurion and Healer","floor":27,"turns":5},{"damage":9,"enemies":"Slavers","floor":28,"turns":4},{"damage":0,"enemies":"Gremlin Leader","floor":30,"turns":3},{"damage":0,"enemies":"Snake Plant","floor":31,"turns":4},{"damage":13,"enemies":"Automaton","floor":33,"turns":9},{"damage":0,"enemies":"Orb Walker","floor":35,"turns":3},{"damage":0,"enemies":"3 Darklings","floor":36,"turns":3},{"damage":0,"enemies":"Reptomancer","floor":40,"turns":3},{"damage":0,"enemies":"Jaw Worm Horde","floor":42,"turns":4},{"damage":0,"enemies":"Nemesis","floor":44,"turns":5},{"damage":0,"enemies":"Writhing Mass","floor":46,"turns":6},{"damage":0,"enemies":"Reptomancer","floor":47,"turns":4},{"damage":13,"enemies":"4 Shapes","floor":48,"turns":7},{"damage":16,"enemies":"Donu and Deca","floor":50,"turns":9},{"damage":30,"enemies":"Time Eater","floor":51,"turns":3}],"seed_played":"1637167016355443359","potions_obtained":[],"is_trial":false,"path_per_floor":["M","M","M","?","M","E","R","M","T","E","?","M","E","?","R","B",null,"M","?","?","M","$","E","R","E","T","M","E","$","E","M","R","B",null,"M","M","?","?","$","E","R","M","T","E","R","M","E","M","R","B","B"],"character_chosen":"WATCHER","items_purchased":["Tantrum","Calipers","Yang"],"campfire_rested":2,"item_purchase_floors":[22,22,39],"current_hp_per_floor":[61,61,54,59,52,52,52,47,47,41,41,33,31,31,31,30,62,62,62,36,36,36,36,36,36,36,34,25,25,25,25,25,12,30,30,30,30,30,30,30,30,30,30,30,36,36,36,27,40,24,0,0],"gold":470,"neow_bonus":"BOSS_RELIC","is_daily":false,"chose_seed":false,"campfire_upgraded":4,"win_rate":0.0,"timestamp":1613455625,"path_taken":["M","M","?","?","M","E","R","M","T","E","?","?","E","?","R","BOSS","M","?","?","M","$","E","R","E","T","M","E","?","E","?","R","BOSS","M","M","?","?","$","E","R","M","T","E","R","M","E","M","R","BOSS","BOSS"],"items_purchased_type":["Card","Relic","Relic"],"build_version":"2020-12-18","purchased_purges":0,"victory":false,"max_hp_per_floor":[68,68,68,73,73,73,73,73,73,73,73,73,73,73,73,73,73,73,73,36,36,36,36,36,36,36,36,36,36,36,36,36,36,36,36,36,36,36,36,36,36,36,36,36,36,36,36,40,40,40,40,40],"relic_stats":{"Regal Pillow":1,"Singing Bowl":4,"counters":[29,127],"Yang":[126],"PreservedInsect":405,"Sozu":13,"Bronze Scales":[314],"Pandora\u0027s Box":["Brilliance","Protect","Evaluate","TalkToTheHand","Swivel","ForeignInfluence","Wireheading","EmptyBody"],"Prayer Wheel":6,"Kunai":[48],"obtain_stats":[{"Regal Pillow":13,"Calipers":22,"Singing Bowl":47,"Oddly Smooth Stone":44,"Yang":39,"PreservedInsect":9,"TeardropLocket":23,"Old Coin":40,"Sozu":0,"Bottled Flame":30,"Bronze Scales":10,"MutagenicStrength":19,"Pandora\u0027s Box":17,"Prayer Wheel":28,"Fusion Hammer":34,"Kunai":26,"PureWater":0,"Unceasing Top":6,"Toy Ornithopter":25},{"Regal Pillow":9,"Calipers":12,"Singing Bowl":26,"Oddly Smooth Stone":24,"Yang":21,"PreservedInsect":6,"TeardropLocket":13,"Old Coin":22,"Sozu":0,"Bottled Flame":17,"Bronze Scales":7,"MutagenicStrength":11,"Pandora\u0027s Box":10,"Prayer Wheel":16,"Fusion Hammer":19,"Kunai":14,"PureWater":0,"Unceasing Top":5,"Toy Ornithopter":14},{"Regal Pillow":29,"Calipers":46,"Singing Bowl":108,"Oddly Smooth Stone":98,"Yang":86,"PreservedInsect":22,"TeardropLocket":51,"Old Coin":89,"Sozu":0,"Bottled Flame":67,"Bronze Scales":25,"MutagenicStrength":43,"Pandora\u0027s Box":40,"Prayer Wheel":64,"Fusion Hammer":80,"Kunai":55,"PureWater":0,"Unceasing Top":19,"Toy Ornithopter":55}],"Unceasing Top":[8],"Toy Ornithopter":0},"card_choices":[{"not_picked":["Protect","SashWhip"],"picked":"ThirdEye","floor":1},{"not_picked":["FlurryOfBlows","EmptyBody"],"picked":"Meditate","floor":2},{"not_picked":["SandsOfTime","JustLucky"],"picked":"CarveReality","floor":3},{"not_picked":["Evaluate","JustLucky"],"picked":"Sanctity","floor":5},{"not_picked":["Crescendo","Evaluate"],"picked":"LikeWater","floor":6},{"not_picked":["Worship","Evaluate"],"picked":"CutThroughFate","floor":8},{"not_picked":["JustLucky","SashWhip"],"picked":"Consecrate","floor":10},{"not_picked":["Collect","EmptyBody"],"picked":"ThirdEye","floor":12},{"not_picked":["Alpha","WreathOfFlame"],"picked":"Protect","floor":13},{"not_picked":["SpiritShield","Establishment"],"picked":"Omniscience","floor":16},{"not_picked":["FollowUp+1","Evaluate"],"picked":"CutThroughFate","floor":18},{"not_picked":["CutThroughFate","Protect"],"picked":"Weave","floor":21},{"not_picked":["Wallop","Protect"],"picked":"Adaptation","floor":23},{"not_picked":["ThirdEye","Judgement","Evaluate+1"],"picked":"SKIP","floor":25},{"not_picked":["Fasting2","InnerPeace","SashWhip"],"picked":"SKIP","floor":27},{"not_picked":["EmptyFist","ThirdEye"],"picked":"Tantrum+1","floor":28},{"not_picked":["InnerPeace","Ragnarok"],"picked":"Indignation+1","floor":30},{"not_picked":["Tantrum","ThirdEye"],"picked":"WheelKick","floor":31},{"not_picked":["Evaluate","FollowUp+1","Swivel"],"picked":"SKIP","floor":31},{"not_picked":["ConjureBlade","Ragnarok"],"picked":"Omniscience","floor":33},{"not_picked":["EmptyFist","Halt+1"],"picked":"Conclude","floor":35},{"not_picked":["Prostrate+1","JustLucky"],"picked":"Adaptation","floor":35},{"not_picked":["Indignation","Vengeance"],"picked":"Vault","floor":36},{"not_picked":["Conclude","PathToVictory","ReachHeaven+1"],"picked":"SKIP","floor":36},{"not_picked":["Collect","Evaluate","FlyingSleeves"],"picked":"SKIP","floor":40},{"not_picked":["ThirdEye","BattleHymn"],"picked":"InnerPeace","floor":42},{"not_picked":["FlyingSleeves+1","WheelKick","BattleHymn"],"picked":"SKIP","floor":42},{"not_picked":["Protect","WreathOfFlame+1","PathToVictory"],"picked":"SKIP","floor":44},{"not_picked":["EmptyBody","Study"],"picked":"FlurryOfBlows+1","floor":46},{"not_picked":["JustLucky","Prostrate"],"picked":"SpiritShield","floor":46},{"not_picked":["Tantrum+1","FlyingSleeves"],"picked":"Nirvana","floor":47},{"not_picked":["Indignation+1","Sanctity","SandsOfTime"],"picked":"Singing Bowl","floor":48},{"not_picked":["EmptyBody+1","WheelKick","FollowUp+1"],"picked":"Singing Bowl","floor":48}],"player_experience":1992913,"relics_obtained":[{"floor":6,"key":"Unceasing Top"},{"floor":9,"key":"PreservedInsect"},{"floor":10,"key":"Bronze Scales"},{"floor":13,"key":"Regal Pillow"},{"floor":23,"key":"TeardropLocket"},{"floor":25,"key":"Toy Ornithopter"},{"floor":26,"key":"Kunai"},{"floor":28,"key":"Prayer Wheel"},{"floor":30,"key":"Bottled Flame"},{"floor":40,"key":"Old Coin"},{"floor":44,"key":"Oddly Smooth Stone"},{"floor":47,"key":"Singing Bowl"}],"event_choices":[{"damage_healed":0,"gold_gain":0,"player_choice":"Donut","damage_taken":0,"max_hp_gain":5,"max_hp_loss":0,"event_name":"Big Fish","floor":4,"gold_loss":0},{"damage_healed":0,"gold_gain":0,"player_choice":"Grow","damage_taken":0,"max_hp_gain":0,"max_hp_loss":0,"event_name":"Living Wall","floor":11,"gold_loss":0,"cards_upgraded":["Consecrate"]},{"damage_healed":0,"gold_gain":0,"player_choice":"Ignored","damage_taken":0,"max_hp_gain":0,"max_hp_loss":0,"event_name":"Liars Game","floor":14,"gold_loss":0},{"damage_healed":0,"gold_gain":0,"player_choice":"Inject Mutagens","damage_taken":0,"relics_obtained":["MutagenicStrength"],"max_hp_gain":0,"max_hp_loss":0,"event_name":"Drug Dealer","floor":19,"gold_loss":0},{"damage_healed":0,"gold_gain":0,"player_choice":"Became a Ghost","damage_taken":0,"max_hp_gain":0,"max_hp_loss":37,"event_name":"Ghosts","floor":20,"gold_loss":0,"cards_obtained":["Ghostly","Ghostly","Ghostly"]},{"cards_removed":["Protect"],"damage_healed":0,"gold_gain":0,"player_choice":"Removed Skill","damage_taken":0,"max_hp_gain":0,"max_hp_loss":0,"event_name":"Falling","floor":37,"gold_loss":0},{"damage_healed":0,"gold_gain":0,"cards_transformed":["Brilliance"],"player_choice":"Transformed","damage_taken":0,"max_hp_gain":0,"max_hp_loss":0,"event_name":"Transmorgrifier","floor":38,"gold_loss":0,"cards_obtained":["ClearTheMind"]}],"is_beta":true,"boss_relics":[{"not_picked":["Philosopher\u0027s Stone","Cursed Key"],"picked":"Pandora\u0027s Box"},{"not_picked":["Astrolabe","Runic Pyramid"],"picked":"Fusion Hammer"}],"items_purged_floors":[],"is_endless":false,"potions_floor_spawned":[2,5,10,12,13,21,25,28,31,42,44,47,48],"killed_by":"Time Eater","ascension_level":20}}