{"host":"5inz41fcnifmg6v2","time":1613449181,"event":{"mods":["BaseMod","Downfall","Minty Spire (QoL Compilation)","Reliquary","Replay The Spire","StSLib"],"gold_per_floor":[116,136,211,164,164,198,128,154,154,172,204,204,233,272,272,286,286],"floor_reached":16,"language":"ZHS","playtime":1038,"items_purged":["Injury"],"score":167,"play_id":"8aac0d77-fddc-47d5-9ee4-6a989aea344d","local_time":"20210216121941","is_ascension_mode":true,"campfire_choices":[{"floor":12,"key":"REST"},{"floor":15,"key":"REST"}],"circlet_count":0,"master_deck":["Strike_R","Strike_R","Strike_R","Strike_R","Strike_R","Defend_R","Defend_R","Defend_R","Defend_R","Bash","Dropkick","Anger","Armaments","Berserk","Double Tap","Carnage","Shrug It Off","Evolve","Body Slam"],"relics":["Burning Blood","NeowsBlessing","Matryoshka","ReplayTheSpireMod:CursedCoin","reliquary:HotPoker","Replay:Bandana","Bird Faced Urn"],"acts_visited":["Exordium"],"potions_floor_usage":[5,14,14],"damage_taken":[{"damage":0,"enemies":"Jaw Worm","floor":1,"turns":1},{"damage":0,"enemies":"2 Louse","floor":2,"turns":1},{"damage":0,"enemies":"Lagavulin","floor":6,"turns":1},{"damage":55,"enemies":"3 Sentries","floor":8,"turns":9},{"damage":0,"enemies":"Cultist","floor":10,"turns":2},{"damage":15,"enemies":"Exordium Thugs","floor":11,"turns":4},{"damage":3,"enemies":"Large Slime","floor":13,"turns":5},{"damage":25,"enemies":"Lagavulin","floor":14,"turns":5},{"damage":84,"enemies":"Slime Boss","floor":16,"turns":11}],"seed_played":"-6582128373568603981","potions_obtained":[{"floor":1,"key":"Adrenaline Potion"},{"floor":5,"key":"Fruit Juice"},{"floor":5,"key":"Languid Potion"},{"floor":5,"key":"Doom Potion"},{"floor":10,"key":"Regen Potion"}],"is_trial":false,"path_per_floor":["M","M","?","$","?","E","$","E","T","M","M","R","M","E","R","B"],"character_chosen":"IRONCLAD","items_purchased":["Armaments","ReplayTheSpireMod:CursedCoin","Double Tap"],"campfire_rested":2,"item_purchase_floors":[4,7,7],"current_hp_per_floor":[80,80,69,69,74,80,80,31,31,37,28,53,56,51,76,0,0],"gold":286,"neow_bonus":"THREE_ENEMY_KILL","is_daily":false,"chose_seed":false,"campfire_upgraded":0,"win_rate":0.0,"timestamp":1613449181,"path_taken":["M","M","?","$","?","E","$","E","T","M","M","R","?","E","R","BOSS"],"items_purchased_type":["Card","Relic","Card"],"build_version":"2020-12-22","purchased_purges":1,"victory":false,"max_hp_per_floor":[80,80,80,80,85,85,85,85,85,85,85,85,85,85,85,85,85],"card_choices":[{"not_picked":["Disarm","Sever Soul"],"picked":"Dropkick","floor":1},{"not_picked":["Sword Boomerang","Clash"],"picked":"Anger","floor":2},{"not_picked":["Replay:Undeath\u0027s Touch","Corruption"],"picked":"Berserk","floor":6},{"not_picked":["Second Wind","ReplayTheSpireMod:Strike From Hell"],"picked":"Carnage","floor":8},{"not_picked":["Twin Strike","ReplayTheSpireMod:Muscle Training"],"picked":"Shrug It Off","floor":10},{"not_picked":["Wild Strike","Run Through"],"picked":"Evolve","floor":11},{"not_picked":["Whirlwind","Pommel Strike"],"picked":"Body Slam","floor":13},{"not_picked":["Headbutt","Pommel Strike","Warcry"],"picked":"SKIP","floor":14}],"player_experience":110015,"relics_obtained":[{"floor":6,"key":"Matryoshka"},{"floor":8,"key":"reliquary:HotPoker"},{"floor":9,"key":"Replay:Bandana"},{"floor":14,"key":"Bird Faced Urn"}],"event_choices":[{"damage_healed":0,"gold_gain":75,"player_choice":"Gather Gold","damage_taken":11,"max_hp_gain":0,"max_hp_loss":0,"event_name":"World of Goop","floor":3,"gold_loss":0},{"damage_healed":0,"gold_gain":0,"player_choice":"Got Potions","damage_taken":0,"max_hp_gain":0,"max_hp_loss":0,"event_name":"Lab","floor":5,"gold_loss":0}],"is_beta":false,"boss_relics":[],"items_purged_floors":[7],"is_endless":false,"potions_floor_spawned":[1,10,13],"killed_by":"Slime Boss","ascension_level":3}}