{"host":"97k3n5kp0psabqmo","time":1613446169,"event":{"mods":["BaseMod","Colored Powertips","Minty Spire (QoL Compilation)","StSLib"],"gold_per_floor":[109,109,125,200,200,235,251,270,319,348,368,6,24,55,55,55,55],"floor_reached":16,"language":"ENG","playtime":431,"items_purged":["Regret"],"score":169,"play_id":"96ea7d4f-1507-4be0-9076-e5fe9d0f391e","local_time":"20210215222929","is_ascension_mode":true,"campfire_choices":[{"data":"Body Slam","floor":15,"key":"SMITH"}],"circlet_count":0,"master_deck":["Strike_R","Strike_R","Strike_R","Strike_R","Strike_R","Defend_R","Defend_R","Defend_R","Defend_R","Bash","Cleave","Hemokinesis","Body Slam+1","Entrench","Body Slam","Shockwave","Shrug It Off","Seeing Red"],"relics":["Burning Blood","NeowsBlessing","Darkstone Periapt","Oddly Smooth Stone","PreservedInsect","Sundial","Gremlin Horn","InkBottle"],"acts_visited":["Exordium"],"potions_floor_usage":[10,11],"damage_taken":[{"damage":0,"enemies":"Small Slimes","floor":1,"turns":1},{"damage":0,"enemies":"2 Louse","floor":3,"turns":1},{"damage":0,"enemies":"Gremlin Nob","floor":6,"turns":1},{"damage":2,"enemies":"Cultist","floor":7,"turns":3},{"damage":24,"enemies":"Exordium Wildlife","floor":8,"turns":4},{"damage":30,"enemies":"Lagavulin","floor":10,"turns":5},{"damage":13,"enemies":"2 Fungi Beasts","floor":11,"turns":3},{"damage":5,"enemies":"Blue Slaver","floor":13,"turns":4},{"damage":32,"enemies":"Gremlin Nob","floor":14,"turns":4},{"damage":32,"enemies":"The Guardian","floor":16,"turns":6}],"seed_played":"6214440099687335864","potions_obtained":[{"floor":3,"key":"Explosive Potion"},{"floor":8,"key":"Weak Potion"},{"floor":11,"key":"FairyPotion"}],"is_trial":false,"path_per_floor":["M","?","M","?","?","E","M","M","T","E","M","$","M","E","R","B"],"character_chosen":"IRONCLAD","items_purchased":["Gremlin Horn","Seeing Red"],"campfire_rested":0,"item_purchase_floors":[12,12],"current_hp_per_floor":[80,86,86,75,67,73,77,59,59,35,28,28,29,31,31,0,0],"gold":55,"neow_bonus":"THREE_ENEMY_KILL","is_daily":false,"chose_seed":false,"campfire_upgraded":1,"win_rate":0.0,"timestamp":1613446169,"path_taken":["M","?","M","?","?","E","M","M","T","E","M","$","M","E","R","BOSS"],"items_purchased_type":["Relic","Card"],"build_version":"2020-12-22","purchased_purges":1,"victory":false,"max_hp_per_floor":[80,86,86,86,86,86,86,86,86,86,86,86,86,86,86,86,86],"card_choices":[{"not_picked":["Shrug It Off","Sword Boomerang"],"picked":"Cleave","floor":1},{"not_picked":["Second Wind","Heavy Blade"],"picked":"Hemokinesis","floor":3},{"not_picked":["Pummel","Sword Boomerang"],"picked":"Body Slam","floor":6},{"not_picked":["Heavy Blade","Havoc"],"picked":"Entrench","floor":7},{"not_picked":["Rupture","Wild Strike"],"picked":"Body Slam","floor":8},{"not_picked":["Exhume","Sentinel"],"picked":"Shockwave","floor":10},{"not_picked":["Entrench","Headbutt"],"picked":"Shrug It Off","floor":11},{"not_picked":["Armaments","Warcry","Sever Soul"],"picked":"SKIP","floor":13},{"not_picked":["Rupture","Armaments","Warcry"],"picked":"SKIP","floor":14}],"player_experience":72575,"relics_obtained":[{"floor":6,"key":"Oddly Smooth Stone"},{"floor":9,"key":"PreservedInsect"},{"floor":10,"key":"Sundial"},{"floor":14,"key":"InkBottle"}],"event_choices":[{"damage_healed":0,"gold_gain":0,"player_choice":"Box","damage_taken":0,"relics_obtained":["Darkstone Periapt"],"max_hp_gain":0,"max_hp_loss":0,"event_name":"Big Fish","floor":2,"gold_loss":0,"cards_obtained":["Regret"]},{"damage_healed":0,"gold_gain":75,"player_choice":"Gather Gold","damage_taken":11,"max_hp_gain":0,"max_hp_loss":0,"event_name":"World of Goop","floor":4,"gold_loss":0},{"damage_healed":0,"gold_gain":0,"player_choice":"Damaged","damage_taken":8,"max_hp_gain":0,"max_hp_loss":0,"event_name":"Wheel of Change","floor":5,"gold_loss":0}],"is_beta":false,"boss_relics":[],"items_purged_floors":[12],"is_endless":false,"potions_floor_spawned":[3,8,11],"killed_by":"The Guardian","ascension_level":3}}