{"host":"fx4ma24vdin0c28l","time":1613504806,"event":{"mods":["AchievementEnabler","BaseMod","Colored Map","Colored Powertips","Minty Spire (QoL Compilation)","Quick Restart"],"gold_per_floor":[9999,9999,9999,10011,10022,10036,10036,9509,9509,9519,9537,8979,8979,8997,8997,8997,8997],"floor_reached":16,"language":"ENG","playtime":841,"items_purged":["Strike_P","Strike_P"],"score":99,"play_id":"ad0b9695-4639-4ad6-b09a-33cb9212b668","local_time":"20210216144646","is_ascension_mode":true,"campfire_choices":[{"floor":7,"key":"REST"},{"data":"Perseverance","floor":15,"key":"SMITH"}],"circlet_count":0,"master_deck":["Strike_P","Strike_P","Defend_P","Defend_P","Defend_P","Eruption","Vigilance","FollowUp","Crescendo","EmptyBody","Tantrum","Evaluate","Prostrate+1","InnerPeace","Crescendo","LikeWater","Bandage Up","Conclude","Perseverance+1"],"relics":["PureWater","Membership Card","Torii","MealTicket","Lizard Tail","CaptainsWheel","Chemical X","Du-Vu Doll"],"acts_visited":["Exordium"],"potions_floor_usage":[14,16,16,16],"damage_taken":[{"damage":22,"enemies":"Jaw Worm","floor":1,"turns":2},{"damage":0,"enemies":"Cultist","floor":4,"turns":2},{"damage":12,"enemies":"2 Louse","floor":5,"turns":2},{"damage":6,"enemies":"Large Slime","floor":6,"turns":4},{"damage":1,"enemies":"Blue Slaver","floor":10,"turns":2},{"damage":0,"enemies":"Looter","floor":11,"turns":2},{"damage":8,"enemies":"Exordium Thugs","floor":14,"turns":3},{"damage":152,"enemies":"Hexaghost","floor":16,"turns":16}],"seed_played":"767823870012617807","potions_obtained":[{"floor":6,"key":"Regen Potion"},{"floor":14,"key":"Swift Potion"}],"is_trial":false,"path_per_floor":["M","?","?","M","M","M","R","$","T","M","M","$","?","M","R","B"],"character_chosen":"WATCHER","items_purchased":["Membership Card","Torii","MealTicket","Explosive Potion","DuplicationPotion","Tantrum","Evaluate","CaptainsWheel","Chemical X","Du-Vu Doll","Crescendo","LikeWater","Bandage Up","Conclude"],"campfire_rested":1,"item_purchase_floors":[8,8,8,8,8,8,8,12,12,12,12,12,12,12],"current_hp_per_floor":[64,64,64,64,52,46,71,71,71,70,70,85,85,81,81,0,0],"gold":8997,"neow_bonus":"TWENTY_PERCENT_HP_BONUS","is_daily":false,"chose_seed":false,"campfire_upgraded":1,"win_rate":0.0,"timestamp":1613504806,"path_taken":["M","?","?","M","M","M","R","$","T","?","M","$","?","M","R","BOSS"],"items_purchased_type":["Relic","Relic","Relic","Potion","Potion","Card","Card","Relic","Relic","Relic","Card","Card","Card","Card"],"build_version":"2020-12-22","purchased_purges":2,"victory":false,"max_hp_per_floor":[86,86,86,86,86,86,86,86,86,86,86,86,86,86,86,86,86],"card_choices":[{"not_picked":["BowlingBash","ThirdEye"],"picked":"FollowUp","floor":1},{"not_picked":["ClearTheMind","CutThroughFate"],"picked":"Crescendo","floor":4},{"not_picked":["FlyingSleeves","JustLucky","Nirvana"],"picked":"SKIP","floor":5},{"not_picked":["Study","Swivel"],"picked":"EmptyBody","floor":6},{"not_picked":["Fasting2","SashWhip"],"picked":"Prostrate","floor":10},{"not_picked":["SashWhip","CutThroughFate"],"picked":"InnerPeace","floor":11},{"not_picked":["BowlingBash","CrushJoints"],"picked":"Perseverance","floor":14}],"player_experience":66964,"relics_obtained":[{"floor":9,"key":"Lizard Tail"}],"event_choices":[{"damage_healed":0,"gold_gain":0,"player_choice":"Ignored","damage_taken":0,"max_hp_gain":0,"max_hp_loss":0,"event_name":"Shining Light","floor":2,"gold_loss":0},{"cards_removed":["Defend_P"],"damage_healed":0,"gold_gain":0,"player_choice":"Card Removal","damage_taken":0,"max_hp_gain":0,"max_hp_loss":0,"event_name":"Wheel of Change","floor":3,"gold_loss":0},{"damage_healed":0,"gold_gain":0,"player_choice":"Grow","damage_taken":0,"max_hp_gain":0,"max_hp_loss":0,"event_name":"Living Wall","floor":13,"gold_loss":0,"cards_upgraded":["Prostrate"]}],"is_beta":false,"boss_relics":[],"items_purged_floors":[8,12],"is_endless":false,"potions_floor_spawned":[6,14],"killed_by":"Hexaghost","ascension_level":1}}