{"host":"o2sjj5kwbqbjclj8","time":1613502139,"event":{"mods":["BaseMod","Googly Eyes","Minty Spire (QoL Compilation)","StSLib","slay the spire mod where everything is the same but ironclad has a cowboy hat"],"gold_per_floor":[109,109,109,126,301,301,12,28,98,115,115,129,463,480,480,578,578,597,608,608,618,618,618],"floor_reached":22,"language":"ENG","playtime":1648,"items_purged":[],"score":213,"play_id":"7d566dfd-3a31-4312-87b2-f52a4f7dc360","local_time":"20210216130219","is_ascension_mode":false,"campfire_choices":[{"data":"Crescendo","floor":6.0,"key":"SMITH"},{"data":"EmptyBody","floor":15.0,"key":"SMITH"}],"circlet_count":0,"master_deck":["Strike_P","Strike_P","Strike_P","Strike_P","Defend_P","Defend_P","Defend_P","Defend_P","Eruption","Vigilance+1","CutThroughFate","Crescendo+1","Doubt","DeceiveReality","FlurryOfBlows","Halt","EmptyBody+1","DeusExMachina","FollowUp+1","TalkToTheHand","Decay","FlurryOfBlows"],"relics":["HolyWater","NeowsBlessing","Sling","Tiny Chest","Pear","Old Coin"],"acts_visited":["Exordium","TheCity"],"potions_floor_usage":[18],"damage_taken":[{"damage":0.0,"enemies":"Small Slimes","floor":1.0,"turns":1.0},{"damage":0.0,"enemies":"2 Louse","floor":4.0,"turns":1.0},{"damage":0.0,"enemies":"Cultist","floor":8.0,"turns":1.0},{"damage":3.0,"enemies":"Red Slaver","floor":10.0,"turns":4.0},{"damage":0.0,"enemies":"2 Fungi Beasts","floor":12.0,"turns":2.0},{"damage":0.0,"enemies":"Lagavulin","floor":13.0,"turns":4.0},{"damage":5.0,"enemies":"Blue Slaver","floor":14.0,"turns":3.0},{"damage":21.0,"enemies":"The Guardian","floor":16.0,"turns":11.0},{"damage":1,"enemies":"2 Thieves","floor":18,"turns":4},{"damage":10,"enemies":"Chosen","floor":19,"turns":4},{"damage":63,"enemies":"Shelled Parasite and Fungi","floor":21,"turns":11},{"damage":15,"enemies":"3 Cultists","floor":22,"turns":4}],"seed_played":"-1922632101527346891","potions_obtained":[{"floor":4.0,"key":"FearPotion"},{"floor":10.0,"key":"BottledMiracle"},{"floor":13.0,"key":"CultistPotion"},{"floor":16.0,"key":"FearPotion"},{"floor":18,"key":"PowerPotion"},{"floor":19,"key":"BottledMiracle"}],"is_trial":false,"path_per_floor":["M","?","?","M","?","R","$","M","T","M","?","M","E","M","R","B",null,"M","M","?","M","M"],"character_chosen":"WATCHER","items_purchased":["Sling","Tiny Chest"],"campfire_rested":0,"item_purchase_floors":[7,7],"current_hp_per_floor":[72,72,72,72,72,72,72,72,82,79,79,79,79,74,74,53,82,81,71,71,8,0,0],"gold":618,"neow_bonus":"THREE_ENEMY_KILL","is_daily":false,"chose_seed":false,"campfire_upgraded":2,"win_rate":0.0,"timestamp":1613502139,"path_taken":["M","?","?","M","?","R","$","M","T","M","?","M","E","M","R","BOSS","M","M","?","M","?"],"items_purchased_type":["Relic","Relic"],"build_version":"2020-12-22","purchased_purges":0,"victory":false,"max_hp_per_floor":[72,72,72,72,72,72,72,72,82,82,82,82,82,82,82,82,82,82,82,82,82,82,82],"card_choices":[{"not_picked":["WheelKick","EmptyFist"],"picked":"CutThroughFate","floor":1.0},{"not_picked":["JustLucky","SashWhip"],"picked":"Crescendo","floor":4.0},{"not_picked":["WheelKick","FlyingSleeves"],"picked":"DeceiveReality","floor":8.0},{"not_picked":["WreathOfFlame","Swivel","BattleHymn"],"picked":"SKIP","floor":10.0},{"not_picked":["Halt","EmptyMind"],"picked":"FlurryOfBlows","floor":12.0},{"not_picked":["BowlingBash","MasterReality"],"picked":"Halt","floor":13.0},{"not_picked":["CrushJoints","JustLucky"],"picked":"EmptyBody","floor":14.0},{"not_picked":["Ragnarok","Scrawl"],"picked":"DeusExMachina","floor":16.0},{"not_picked":["BowlingBash","SashWhip"],"picked":"FollowUp+1","floor":18},{"not_picked":["InnerPeace","CrushJoints"],"picked":"TalkToTheHand","floor":19},{"not_picked":["MentalFortress","SignatureMove"],"picked":"FlurryOfBlows","floor":21}],"player_experience":141751,"relics_obtained":[{"floor":9.0,"key":"Pear"},{"floor":13.0,"key":"Old Coin"}],"event_choices":[{"damage_healed":0.0,"max_hp_gain":0.0,"max_hp_loss":0.0,"gold_gain":0.0,"event_name":"The Cleric","player_choice":"Leave","floor":2.0,"gold_loss":0.0,"damage_taken":0.0},{"damage_healed":0.0,"max_hp_gain":0.0,"max_hp_loss":0.0,"gold_gain":0.0,"event_name":"Living Wall","player_choice":"Grow","floor":3.0,"gold_loss":0.0,"damage_taken":0.0,"cards_upgraded":["Vigilance"]},{"damage_healed":0.0,"max_hp_gain":0.0,"max_hp_loss":0.0,"gold_gain":175.0,"event_name":"Liars Game","player_choice":"AGREE","floor":5.0,"gold_loss":0.0,"damage_taken":0.0,"cards_obtained":["Doubt"]},{"damage_healed":0.0,"max_hp_gain":0.0,"max_hp_loss":0.0,"gold_gain":0.0,"event_name":"Golden Wing","player_choice":"Ignored","floor":11.0,"gold_loss":0.0,"damage_taken":0.0},{"damage_healed":0,"gold_gain":0,"player_choice":"Cursed","damage_taken":0,"max_hp_gain":0,"max_hp_loss":0,"event_name":"Wheel of Change","floor":20,"gold_loss":0,"cards_obtained":["Decay"]}],"is_beta":false,"boss_relics":[{"not_picked":["Black Star","Ectoplasm"],"picked":"HolyWater"}],"items_purged_floors":[],"is_endless":false,"potions_floor_spawned":[4,10,13,16,18,19],"killed_by":"3 Cultists","ascension_level":0}}