{"host":"tqat8h9oealf2qov","time":1613476497,"event":{"mods":["Aspiration","BaseMod","Downfall","Duelist Mod","GifTheSpireLib","Minty Spire (QoL Compilation)","StSLib"],"gold_per_floor":[99,110,110,128,15,28,75,91,105,124,124,143,153,153,167,268,268,268,268,288,17,35,35,35,20,20,36,36,36,36],"floor_reached":28,"language":"ZHS","playtime":1585,"items_purged":["Pain","downfall:Malfunctioning"],"score":214,"play_id":"0d1cc4c5-7c61-46e5-9ba4-58b17101b081","local_time":"20210216195457","is_ascension_mode":false,"campfire_choices":[{"data":"hexamod:Sear","floor":1.0,"key":"SMITH"},{"floor":11.0,"key":"REST"},{"data":"hexamod:GhostflameInferno","floor":18.0,"key":"SMITH"},{"data":"hexamod:SkipABeat","floor":23.0,"key":"SMITH"}],"circlet_count":0,"master_deck":["hexamod:Strike","hexamod:Strike","hexamod:Defend","hexamod:Defend+1","hexamod:Defend+1","hexamod:Sear+1","hexamod:Float","hexamod:Incineration","hexamod:RadiantFlame","hexamod:DynamicBlow","hexamod:SearingWound+1","hexamod:AdvancingGuard","hexamod:SkipABeat+1","hexamod:EmpoweredFlame","hexamod:ThermalTransfer","hexamod:GhostflameInferno+1","hexamod:GhostflameInferno+1","hexamod:Haunt","hexamod:FirstSeal","hexamod:HeatShield+1","hexamod:ThirdSeal"],"relics":["hexamod:UnbrokenSoul","aspiration:Lifesprig","Orrery","Toxic Egg 2"],"acts_visited":["Exordium","TheCity"],"potions_floor_usage":[],"damage_taken":[{"damage":0.0,"enemies":"2 Louse","floor":2.0,"turns":4.0},{"damage":4.0,"enemies":"Cultist","floor":4.0,"turns":3.0},{"damage":3.0,"enemies":"downfall:FleeingMerchant","floor":5.0,"turns":4.0},{"damage":11.0,"enemies":"Jaw Worm","floor":6.0,"turns":3.0},{"damage":2.0,"enemies":"Blue Slaver","floor":8.0,"turns":4.0},{"damage":13.0,"enemies":"Exordium Wildlife","floor":9.0,"turns":3.0},{"damage":7.0,"enemies":"Lots of Slimes","floor":10.0,"turns":6.0},{"damage":0.0,"enemies":"Large Slime","floor":12.0,"turns":3.0},{"damage":12.0,"enemies":"Blue Slaver","floor":13.0,"turns":3.0},{"damage":17.0,"enemies":"Exordium Wildlife","floor":15.0,"turns":4.0},{"damage":12.0,"enemies":"IC_STATUS_ARCHETYPE","floor":16.0,"turns":4.0},{"damage":0.0,"enemies":"Chosen","floor":20.0,"turns":4.0},{"damage":15.0,"enemies":"downfall:FleeingMerchant","floor":21.0,"turns":4.0},{"damage":14.0,"enemies":"Shell Parasite","floor":22.0,"turns":4.0},{"damage":7.0,"enemies":"downfall:FleeingMerchant","floor":25.0,"turns":4.0},{"damage":15.0,"enemies":"Snecko","floor":27.0,"turns":4.0},{"damage":40,"enemies":"3 Cultists","floor":28,"turns":3}],"seed_played":"512624561144684603","potions_obtained":[{"floor":8.0,"key":"Weak Potion"},{"floor":10.0,"key":"SmokeBomb"},{"floor":12.0,"key":"Dexterity Potion"},{"floor":13.0,"key":"PowerPotion"}],"is_trial":false,"path_per_floor":["R","M","?","M","$","M","T","M","M","M","R","M","M","?","M","B",null,"R","?","M","$","M","R","T","$","?","M","M"],"character_chosen":"THE_SPIRIT","items_purchased":["hexamod:BurningTouch","Orrery"],"campfire_rested":1,"item_purchase_floors":[5,21],"current_hp_per_floor":[77,77,77,73,70,59,59,57,44,37,60,60,48,48,31,19,77,77,77,77,62,55,55,55,55,55,40,0,0,0],"gold":36,"neow_bonus":"TEN_PERCENT_HP_BONUS","is_daily":false,"chose_seed":false,"campfire_upgraded":3,"win_rate":0.0,"timestamp":1613476497,"path_taken":["R","M","?","M","$","M","T","?","M","?","R","M","M","?","M","BOSS","R","?","M","$","M","R","T","?","?","M","M"],"items_purchased_type":["Card","Relic"],"build_version":"2020-12-22","purchased_purges":2,"victory":false,"max_hp_per_floor":[77,77,77,77,77,77,77,77,77,77,77,77,77,77,77,77,77,77,77,77,77,77,77,77,77,77,77,77,77,77],"card_choices":[{"not_picked":["hexamod:HeatMetal","hexamod:HauntingEcho"],"picked":"hexamod:Incineration","floor":2.0},{"not_picked":["hexamod:GhostflameBarrier","hexamod:SpectersWail"],"picked":"hexamod:RadiantFlame","floor":4.0},{"not_picked":["hexamod:Hexaguard","hexamod:InspiringFlames"],"picked":"hexamod:DynamicBlow","floor":5.0},{"not_picked":["hexamod:SwordOfDarkness","hexamod:FastForward"],"picked":"hexamod:SearingWound","floor":6.0},{"not_picked":["hexamod:ThermalTransfer","hexamod:GhostOfSpireFuture"],"picked":"hexamod:AdvancingGuard","floor":8.0},{"not_picked":["hexamod:ChargedBarrage","hexamod:RecurringNightmare"],"picked":"hexamod:SkipABeat","floor":9.0},{"not_picked":["hexamod:SpectersWail","hexamod:HeatCrush"],"picked":"hexamod:EmpoweredFlame","floor":10.0},{"not_picked":["hexamod:NightmareGuise","hexamod:Incineration","hexamod:SwordOfDarkness"],"picked":"SKIP","floor":12.0},{"not_picked":["hexamod:FastForward","hexamod:HauntingEcho","hexamod:GhostOfSpireFuture"],"picked":"SKIP","floor":13.0},{"not_picked":["hexamod:ParanormalForm","hexamod:Haunt"],"picked":"hexamod:ThermalTransfer","floor":15.0},{"not_picked":["hexamod:VolcanoVisage","hexamod:ParanormalForm"],"picked":"hexamod:GhostflameInferno","floor":16.0},{"not_picked":["hexamod:ExtraCrispy","hexamod:GhostShield"],"picked":"hexamod:Haunt","floor":20.0},{"not_picked":["hexamod:HeatMetal","hexamod:HauntingEcho","hexamod:SpectersWail"],"picked":"SKIP","floor":21.0},{"not_picked":["hexamod:BurningTouch","hexamod:FourthSeal"],"picked":"hexamod:FirstSeal","floor":21.0},{"not_picked":["hexamod:HexaLevel","hexamod:PhantomFireball"],"picked":"hexamod:HeatShield+1","floor":21.0},{"not_picked":["hexamod:ThermalTransfer","hexamod:InspiringFlames","hexamod:FourthSeal"],"picked":"SKIP","floor":22.0},{"not_picked":["hexamod:Hexaguard+1","hexamod:SwordOfDarkness","hexamod:GhostOfSpireFuture"],"picked":"SKIP","floor":25.0},{"not_picked":["hexamod:HauntingEcho","hexamod:ExtraCrispy","hexamod:GhostOfSpireFuture"],"picked":"SKIP","floor":27.0},{"not_picked":["hexamod:ThermalTransfer","hexamod:Hexaguard+1","hexamod:RecurringNightmare+1"],"picked":"SKIP","floor":27.0}],"player_experience":419169,"relics_obtained":[{"floor":7.0,"key":"aspiration:Lifesprig"},{"floor":24.0,"key":"Toxic Egg 2"}],"event_choices":[],"is_beta":false,"boss_relics":[{"not_picked":["SlaversCollar","Philosopher\u0027s Stone"],"picked":"hexamod:UnbrokenSoul"}],"items_purged_floors":[5,21],"is_endless":false,"potions_floor_spawned":[8,10,12,13,15,20,22],"killed_by":"3 Cultists","ascension_level":0}}