{"host":"p1xsuo25udtrkbq2","time":1613461518,"event":{"mods":["BaseMod","Colored Map","Googly Eyes","Highlight Path","Minty Spire (QoL Compilation)","Quick Restart","Rare Cards Sparkle","Relic Stats","Slay the Relics Exporter","StSLib","everything is the same but u backflip on backflip"],"gold_per_floor":[212,52,66,81,92,92,119,119,195,215,215,229,30,44,44,119,119,96,116,116,41,58,58,90,90,90,90,90],"floor_reached":27,"language":"ENG","playtime":1587,"items_purged":["Strike_G"],"score":470,"play_id":"a70e3d24-8457-442b-82f9-bc358a2cb809","local_time":"20210216024518","is_ascension_mode":true,"campfire_choices":[{"floor":6.0,"key":"REST"},{"data":"Glass Knife","floor":8,"key":"SMITH"},{"data":"Leg Sweep","floor":11,"key":"SMITH"},{"data":"Neutralize","floor":15,"key":"SMITH"},{"data":"J.A.X.","floor":23,"key":"SMITH"}],"circlet_count":0,"master_deck":["AscendersBane","Strike_G","Strike_G","Strike_G","Defend_G","Defend_G","Defend_G","Defend_G","Defend_G","Survivor","Neutralize+1","Quick Slash","Blade Dance","Dagger Spray","Outmaneuver","Flying Knee","Glass Knife+1","Leg Sweep+1","Cloak And Dagger","Noxious Fumes+1","Terror","Tools of the Trade+1","Blade Dance","Cloak And Dagger","J.A.X.+1","Infinite Blades+1","Acrobatics+1","Clumsy"],"relics":["Ring of the Snake","StoneCalendar","Frozen Egg 2","OrangePellets","Cursed Key","Dream Catcher","Paper Crane"],"acts_visited":["Exordium","TheCity"],"potions_floor_usage":[7,12,18,22,24],"damage_taken":[{"damage":15.0,"enemies":"Cultist","floor":1.0,"turns":6.0},{"damage":0.0,"enemies":"Small Slimes","floor":3.0,"turns":2.0},{"damage":0.0,"enemies":"2 Louse","floor":4.0,"turns":2.0},{"damage":9.0,"enemies":"Blue Slaver","floor":5.0,"turns":3.0},{"damage":17,"enemies":"3 Sentries","floor":7,"turns":7},{"damage":6,"enemies":"Red Slaver","floor":10,"turns":4},{"damage":8,"enemies":"Exordium Thugs","floor":12,"turns":3},{"damage":11,"enemies":"Large Slime","floor":14,"turns":6},{"damage":10,"enemies":"The Guardian","floor":16,"turns":9},{"damage":0,"enemies":"2 Thieves","floor":18,"turns":4},{"damage":4,"enemies":"3 Byrds","floor":19,"turns":4},{"damage":3,"enemies":"3 Cultists","floor":22,"turns":4},{"damage":36,"enemies":"Book of Stabbing","floor":24,"turns":6},{"damage":3,"enemies":"Gremlin Leader","floor":27,"turns":2}],"seed_played":"743595848858233997","potions_obtained":[{"floor":1.0,"key":"SkillPotion"},{"floor":4.0,"key":"SteroidPotion"},{"floor":7,"key":"Strength Potion"},{"floor":14,"key":"Energy Potion"},{"floor":18,"key":"Explosive Potion"},{"floor":19,"key":"SkillPotion"},{"floor":24,"key":"Energy Potion"}],"is_trial":false,"path_per_floor":["M","$","M","M","M","R","E","R","T","M","R","M","$","M","R","B",null,"M","M","?","?","M","R","E","T","T","E"],"character_chosen":"THE_SILENT","items_purchased":["Blade Dance","Dagger Spray","OrangePellets","Noxious Fumes+1"],"campfire_rested":1,"item_purchase_floors":[2,2,13,13],"current_hp_per_floor":[44,44,44,44,35,54,37,37,37,31,31,23,23,12,12,2,50,50,46,46,46,43,43,7,7,7,4,4],"gold":90,"neow_bonus":"HUNDRED_GOLD","is_daily":false,"chose_seed":false,"campfire_upgraded":4,"win_rate":0.0,"timestamp":1613461518,"path_taken":["M","$","M","M","M","R","E","R","T","M","R","?","$","M","R","BOSS","M","M","?","?","M","R","E","?","T","E"],"items_purchased_type":["Card","Card","Relic","Card"],"build_version":"2020-12-22","purchased_purges":1,"victory":false,"max_hp_per_floor":[66,66,66,66,66,66,66,66,66,66,66,66,66,66,66,66,66,66,66,66,66,66,66,66,66,66,66,66],"relic_stats":{"OrangePellets":[1],"Dream Catcher":0,"counters":[14,61],"StoneCalendar":[52],"Cursed Key":1,"obtain_stats":[{"OrangePellets":13,"Dream Catcher":24,"StoneCalendar":7,"Frozen Egg 2":9,"Paper Crane":25,"Cursed Key":17,"Ring of the Snake":0},{"OrangePellets":7,"Dream Catcher":13,"StoneCalendar":5,"Frozen Egg 2":5,"Paper Crane":13,"Cursed Key":9,"Ring of the Snake":0},{"OrangePellets":27,"Dream Catcher":60,"StoneCalendar":20,"Frozen Egg 2":20,"Paper Crane":60,"Cursed Key":42,"Ring of the Snake":0}],"Ring of the Snake":[28]},"card_choices":[{"not_picked":["Flechettes","Flying Knee"],"picked":"Quick Slash","floor":1.0},{"not_picked":["All Out Attack","Caltrops"],"picked":"Outmaneuver","floor":3.0},{"not_picked":["Poisoned Stab","Acrobatics"],"picked":"Flying Knee","floor":4.0},{"not_picked":["Deflect","Concentrate","Distraction"],"picked":"SKIP","floor":5.0},{"not_picked":["Escape Plan","Cloak And Dagger"],"picked":"Glass Knife","floor":7},{"not_picked":["Flechettes","Blur"],"picked":"Leg Sweep","floor":10},{"not_picked":["Dodge and Roll","Deadly Poison"],"picked":"Cloak And Dagger","floor":12},{"not_picked":["Setup","Flying Knee"],"picked":"Terror","floor":14},{"not_picked":["Die Die Die","Phantasmal Killer"],"picked":"Tools of the Trade+1","floor":16},{"not_picked":["Finisher","Distraction"],"picked":"Blade Dance","floor":18},{"not_picked":["Dodge and Roll","Outmaneuver"],"picked":"Cloak And Dagger","floor":19},{"not_picked":["Leg Sweep","Outmaneuver+1"],"picked":"Infinite Blades+1","floor":22},{"not_picked":["Underhanded Strike","Bane"],"picked":"Acrobatics+1","floor":24}],"player_experience":1074118,"relics_obtained":[{"floor":7,"key":"StoneCalendar"},{"floor":9,"key":"Frozen Egg 2"},{"floor":24,"key":"Dream Catcher"},{"floor":25,"key":"Paper Crane"}],"event_choices":[{"damage_healed":0,"gold_gain":0,"player_choice":"Obtain J.A.X.","damage_taken":0,"max_hp_gain":0,"max_hp_loss":0,"event_name":"Drug Dealer","floor":20,"gold_loss":0,"cards_obtained":["J.A.X."]},{"cards_removed":["Strike_G"],"damage_healed":0,"gold_gain":0,"player_choice":"Gave Gold","damage_taken":0,"max_hp_gain":0,"max_hp_loss":0,"event_name":"Beggar","floor":21,"gold_loss":75}],"is_beta":false,"boss_relics":[{"not_picked":["SacredBark","Sozu"],"picked":"Cursed Key"}],"items_purged_floors":[2],"is_endless":false,"potions_floor_spawned":[1,4,5,7,14,18,19,24],"killed_by":"Gremlin Leader","ascension_level":20}}