{"host":"51qmnr9isyv85d0p","time":1613477166,"event":{"mods":["AchievementEnabler","BaseMod","Colored Map","Colored Powertips","Curses Come First","Downfall","Minty Spire (QoL Compilation)","Red Circlet Mod","Relic Stats","StSLib","TestMod"],"gold_per_floor":[99,11500,10691,10691,10702,10240,10286,10286,10286,10286,10386,10386,10403,10431,10446,10551,10551,10551,10568,10733,10783,10833,10426,10426,10459,10509,10524,10524,10574,10210,10260,10276,10379,10379,10379,10392,10408,10427,10031,10048,10048,10068,10102,10205,10255,9828,9838,10288,10306,10306],"floor_reached":51,"language":"ZHS","playtime":1799,"items_purged":["bronze:Defend","bronze:Strike","bronze:Defend","bronze:Defend","bronze:Branch","Pride"],"score":1162,"play_id":"6bc56310-795e-48d2-9482-ed18bad9acd8","local_time":"20210216200606","is_ascension_mode":true,"campfire_choices":[{"data":"bronze:Strike","floor":1,"key":"SMITH"},{"data":"bronze:Library","floor":8,"key":"SMITH"},{"data":"bronze:Backtrace","floor":10,"key":"SMITH"},{"data":"bronze:ChildClass","floor":12,"key":"SMITH"},{"data":"bronze:Goto","floor":18,"key":"SMITH"},{"data":"bronze:Replicate","floor":28,"key":"SMITH"},{"data":"bronze:DelayedSlice","floor":35,"key":"SMITH"}],"circlet_count":0,"master_deck":["bronze:Replicate+1","bronze:Goto+1","bronze:ChildClass+1","bronze:Backtrace+1","bronze:ClassDefault","bronze:DelayedSlice","bronze:DelayedSlice+1","bronze:Terminator+1","bronze:MaxOutput+1","bronze:DelayedSlice","bronze:Replicate+1","bronze:DelayedSlice","Apotheosis"],"relics":["bronze:BronzeCore","testmod-PortableAltar","bronze:SilverBullet","testmod-Muramasa","Juzu Bracelet","Membership Card","Happy Flower","testmod-AssaultLearning","downfall:CloakOfManyFaces","CultistMask","FaceOfCleric","NlothsMask","GremlinMask","SsserpentHead","Dream Catcher","Empty Cage","PreservedInsect","Toolbox","Toy Ornithopter","Centennial Puzzle","Cauldron","Letter Opener","InkBottle","Blood Vial","Chemical X","testmod-RandomTest","Philosopher\u0027s Stone","Guardian:PocketSentry","testmod-IntensifyImprint","champ:Barbells","Bottled Flame","Oddly Smooth Stone","testmod-EqualTreatment","Ginger","hexamod:BolsterEngine","DollysMirror"],"acts_visited":["Exordium","TheCity","TheBeyond"],"potions_floor_usage":[11,16,23],"damage_taken":[{"damage":10,"enemies":"2 Louse","floor":2,"turns":3},{"damage":4,"enemies":"downfall:FleeingMerchant","floor":3,"turns":4},{"damage":1,"enemies":"Cultist","floor":5,"turns":2},{"damage":11,"enemies":"downfall:FleeingMerchant","floor":6,"turns":4},{"damage":2,"enemies":"downfall:FaceTrader","floor":11,"turns":4},{"damage":0,"enemies":"Small Slimes","floor":13,"turns":2},{"damage":1,"enemies":"3 Sentries","floor":14,"turns":3},{"damage":0,"enemies":"Blue Slaver","floor":15,"turns":1},{"damage":22,"enemies":"DF_ARCHETYPE_STREAMLINE","floor":16,"turns":5},{"damage":0,"enemies":"downfall:LooterAlt2","floor":19,"turns":2},{"damage":0,"enemies":"downfall:FleeingMerchant","floor":20,"turns":1},{"damage":0,"enemies":"Gremlin Leader","floor":25,"turns":1},{"damage":0,"enemies":"3 Byrds","floor":27,"turns":1},{"damage":0,"enemies":"3 Cultists","floor":32,"turns":1},{"damage":0,"enemies":"IC_MUSHROOM_ARCHETYPE","floor":33,"turns":1},{"damage":12,"enemies":"3 Shapes","floor":36,"turns":1},{"damage":0,"enemies":"Orb Walker","floor":37,"turns":1},{"damage":0,"enemies":"Spire Growth","floor":38,"turns":1},{"damage":0,"enemies":"Sphere and 2 Shapes","floor":40,"turns":1},{"damage":0,"enemies":"Jaw Worm Horde","floor":42,"turns":1},{"damage":0,"enemies":"Giant Head","floor":43,"turns":1},{"damage":0,"enemies":"2 Orb Walkers","floor":44,"turns":1},{"damage":0,"enemies":"Transient","floor":47,"turns":1},{"damage":0,"enemies":"3 Darklings","floor":49,"turns":1},{"damage":0,"enemies":"SI_POISON_ARCHETYPE","floor":50,"turns":1}],"seed_played":"9005679573467616053","potions_obtained":[{"floor":2,"key":"EssenceOfSteel"},{"floor":14,"key":"Strength Potion"},{"floor":16,"key":"PowerPotion"},{"floor":23,"key":"BlessingOfTheForge"}],"is_trial":false,"path_per_floor":["R","M","$","?","M","$","T","R","?","R","?","R","M","E","M","B",null,"R","M","$","?","?","$","T","E","?","M","R","?","$","?","M","B",null,"R","M","M","M","$","M","T","M","E","?","?","$","M","?","M","B",null],"character_chosen":"THE_AUTOMATON","items_purchased":["bronze:SilverBullet","testmod-Muramasa","bronze:Backtrace","bronze:ClassDefault","DuplicationPotion","Fire Potion","Juzu Bracelet","Membership Card","Happy Flower","bronze:DelayedSlice","PreservedInsect","Toolbox","Toy Ornithopter","Centennial Puzzle","Cauldron","Fruit Juice","Fire Potion","bronze:DelayedSlice","InkBottle","Blood Vial","Chemical X","Guardian:PocketSentry","testmod-IntensifyImprint","champ:Barbells","Ginger","hexamod:BolsterEngine","DollysMirror","bronze:DelayedSlice","Apotheosis"],"campfire_rested":0,"item_purchase_floors":[3,3,3,3,3,3,6,6,6,6,20,20,23,23,23,23,23,23,30,30,30,39,39,39,46,46,46,46,46],"current_hp_per_floor":[76,65,61,61,60,49,49,49,78,77,74,74,75,74,75,53,74,73,73,73,72,71,75,74,74,73,73,72,71,70,69,69,69,68,67,55,58,61,61,64,64,65,65,65,64,63,63,62,62,62],"gold":10306,"neow_bonus":"TEN_PERCENT_HP_BONUS","is_daily":false,"chose_seed":false,"campfire_upgraded":7,"win_rate":0.0,"timestamp":1613477166,"path_taken":["R","M","$","?","?","$","T","R","?","R","?","R","M","E","M","BOSS","R","M","?","?","?","$","T","E","?","M","R","?","$","?","M","BOSS","R","M","M","M","$","M","T","M","E","?","?","$","M","?","M","BOSS"],"items_purchased_type":["Relic","Relic","Card","Card","Potion","Potion","Relic","Relic","Relic","Card","Relic","Relic","Relic","Relic","Relic","Potion","Potion","Card","Relic","Relic","Relic","Relic","Relic","Relic","Relic","Relic","Relic","Card","Card"],"build_version":"2020-12-22","purchased_purges":6,"victory":true,"max_hp_per_floor":[76,75,74,73,72,71,70,69,78,77,76,75,75,75,75,75,74,73,73,73,72,71,75,74,74,73,73,72,71,70,69,69,69,68,67,67,67,67,66,66,65,65,65,65,64,63,63,62,62,62],"relic_stats":{"Happy Flower":[10],"counters":[25,45],"PreservedInsect":169,"Juzu Bracelet":2,"Letter Opener":[13],"Ginger":[3],"Blood Vial":6,"SsserpentHead":450,"Dream Catcher":0,"Centennial Puzzle":[1],"FaceOfCleric":20,"Chemical X":[1],"obtain_stats":[{"bronze:BronzeCore":0,"testmod-EqualTreatment":44,"GremlinMask":11,"testmod-PortableAltar":0,"Juzu Bracelet":6,"Ginger":46,"testmod-RandomTest":31,"Empty Cage":17,"Blood Vial":30,"SsserpentHead":11,"Dream Catcher":14,"Centennial Puzzle":23,"FaceOfCleric":11,"DollysMirror":46,"Toolbox":20,"Philosopher\u0027s Stone":34,"downfall:CloakOfManyFaces":11,"Chemical X":30,"InkBottle":30,"testmod-IntensifyImprint":39,"champ:Barbells":39,"testmod-Muramasa":3,"testmod-TestBox":0,"Happy Flower":6,"Oddly Smooth Stone":43,"PreservedInsect":20,"Guardian:PocketSentry":39,"Letter Opener":25,"Cauldron":23,"Bottled Flame":41,"testmod-AssaultLearning":7,"CultistMask":11,"Membership Card":6,"hexamod:BolsterEngine":46,"bronze:SilverBullet":3,"Toy Ornithopter":23,"NlothsMask":11},{"bronze:BronzeCore":0,"testmod-EqualTreatment":22,"GremlinMask":5,"testmod-PortableAltar":0,"Juzu Bracelet":4,"Ginger":22,"testmod-RandomTest":13,"Empty Cage":9,"Blood Vial":13,"SsserpentHead":5,"Dream Catcher":7,"Centennial Puzzle":11,"FaceOfCleric":5,"DollysMirror":22,"Toolbox":11,"Philosopher\u0027s Stone":15,"downfall:CloakOfManyFaces":5,"Chemical X":13,"InkBottle":13,"testmod-IntensifyImprint":18,"champ:Barbells":18,"testmod-Muramasa":2,"testmod-TestBox":0,"Happy Flower":4,"Oddly Smooth Stone":21,"PreservedInsect":11,"Guardian:PocketSentry":18,"Letter Opener":12,"Cauldron":11,"Bottled Flame":19,"testmod-AssaultLearning":4,"CultistMask":5,"Membership Card":4,"hexamod:BolsterEngine":22,"bronze:SilverBullet":2,"Toy Ornithopter":11,"NlothsMask":5},{"bronze:BronzeCore":0,"testmod-EqualTreatment":42,"GremlinMask":17,"testmod-PortableAltar":0,"Juzu Bracelet":13,"Ginger":42,"testmod-RandomTest":33,"Empty Cage":28,"Blood Vial":33,"SsserpentHead":17,"Dream Catcher":22,"Centennial Puzzle":31,"FaceOfCleric":17,"DollysMirror":42,"Toolbox":31,"Philosopher\u0027s Stone":35,"downfall:CloakOfManyFaces":17,"Chemical X":33,"InkBottle":33,"testmod-IntensifyImprint":38,"champ:Barbells":38,"testmod-Muramasa":7,"testmod-TestBox":0,"Happy Flower":13,"Oddly Smooth Stone":41,"PreservedInsect":31,"Guardian:PocketSentry":38,"Letter Opener":32,"Cauldron":31,"Bottled Flame":39,"testmod-AssaultLearning":13,"CultistMask":17,"Membership Card":13,"hexamod:BolsterEngine":42,"bronze:SilverBullet":7,"Toy Ornithopter":31,"NlothsMask":17}],"Toy Ornithopter":0,"InkBottle":[6]},"card_choices":[{"not_picked":["bronze:WildBeam","bronze:GetLatest"],"picked":"bronze:ChildClass","floor":2},{"not_picked":["bronze:Separator","bronze:BuggyMess","bronze:ItsAFeature"],"picked":"SKIP","floor":3},{"not_picked":["bronze:BitShift","bronze:GetLatest","bronze:CloningBeam"],"picked":"SKIP","floor":5},{"not_picked":["bronze:FineTuning","bronze:BronzeArmor"],"picked":"bronze:Library","floor":6},{"not_picked":["bronze:Separator","bronze:TinkerersToolbox","bronze:OilSpill"],"picked":"SKIP","floor":13},{"not_picked":["bronze:Iterate","bronze:BitShift","bronze:Terminator"],"picked":"SKIP","floor":14},{"not_picked":["bronze:BronzeArmor","bronze:Overheat","bronze:OilSpill"],"picked":"SKIP","floor":15},{"not_picked":["bronze:Invalidate","bronze:ChosenStrike","bronze:DigitalCarnage+1"],"picked":"SKIP","floor":19},{"not_picked":["bronze:Iterate","bronze:BronzeOrb","bronze:Invalidate+1"],"picked":"SKIP","floor":20},{"not_picked":["bronze:InfiniteBeams","bronze:Refactor","bronze:WhirlingStrike+1"],"picked":"SKIP","floor":25},{"not_picked":["bronze:BugBarrage","bronze:BitShift","bronze:Return"],"picked":"SKIP","floor":27},{"not_picked":["bronze:Allocate","bronze:Overheat","bronze:Terminator"],"picked":"SKIP","floor":32},{"not_picked":["bronze:FineTuning","bronze:Iterate"],"picked":"bronze:Terminator+1","floor":36},{"not_picked":["bronze:Allocate","bronze:Shield","bronze:FineTuning+1"],"picked":"SKIP","floor":37},{"not_picked":["bronze:FineTuning+1","bronze:Fortify","bronze:DigitalCarnage"],"picked":"SKIP","floor":38},{"not_picked":["bronze:WildBeam","bronze:Iterate"],"picked":"bronze:MaxOutput+1","floor":40},{"not_picked":["bronze:Iterate","bronze:Format"],"picked":"bronze:DelayedSlice","floor":42},{"not_picked":["bronze:BitShift+1","bronze:ThunderWave","bronze:FineTuning"],"picked":"SKIP","floor":43},{"not_picked":["bronze:WhirlingStrike+1","bronze:Deprecate+1","bronze:GetLatest"],"picked":"SKIP","floor":47},{"not_picked":["bronze:OilSpill","bronze:Deprecate+1","bronze:Overheat"],"picked":"SKIP","floor":49}],"player_experience":90497,"relics_obtained":[{"floor":7,"key":"testmod-AssaultLearning"},{"floor":11,"key":"downfall:CloakOfManyFaces"},{"floor":14,"key":"Dream Catcher"},{"floor":25,"key":"Letter Opener"},{"floor":41,"key":"Bottled Flame"},{"floor":43,"key":"Oddly Smooth Stone"},{"floor":44,"key":"testmod-EqualTreatment"}],"event_choices":[{"damage_healed":0,"gold_gain":0,"player_choice":"Got Potions","damage_taken":0,"max_hp_gain":0,"max_hp_loss":0,"event_name":"Lab","floor":4,"gold_loss":0},{"damage_healed":0,"gold_gain":0,"player_choice":"Read","damage_taken":0,"max_hp_gain":0,"max_hp_loss":0,"event_name":"The Library","floor":21,"gold_loss":0,"cards_obtained":["bronze:DelayedSlice"]},{"damage_healed":0,"gold_gain":0,"player_choice":"Stole Relic","damage_taken":0,"relics_obtained":["testmod-RandomTest"],"max_hp_gain":0,"max_hp_loss":0,"event_name":"Addict","floor":31,"gold_loss":0,"cards_obtained":["Pride"]},{"damage_healed":0,"gold_gain":0,"player_choice":"Fight","damage_taken":0,"max_hp_gain":0,"max_hp_loss":0,"event_name":"Mysterious Sphere","floor":44,"gold_loss":0},{"cards_removed":["bronze:DelayedSlice"],"damage_healed":0,"gold_gain":0,"player_choice":"Removed Attack","damage_taken":0,"max_hp_gain":0,"max_hp_loss":0,"event_name":"Falling","floor":45,"gold_loss":0},{"damage_healed":0,"gold_gain":400,"player_choice":"Sell","damage_taken":0,"max_hp_gain":0,"max_hp_loss":0,"event_name":"¶÷ÂåË¹µÄÅÌ×Ó","floor":48,"relics_lost":["testmod-TestBox"],"gold_loss":0}],"is_beta":false,"boss_relics":[{"not_picked":["testmod-Recursion","testmod-Nine"],"picked":"Empty Cage"},{"not_picked":["Snecko Eye","testmod-SaigiyounoYou"],"picked":"Philosopher\u0027s Stone"}],"items_purged_floors":[3,6,20,23,30,39],"is_endless":false,"potions_floor_spawned":[2,5,14,16,19,25,40,43,49],"ascension_level":4}}