{"host":"iml8x8es9od4zowg","time":1613486245,"event":{"mods":["2.2 Compatiblity","BaseMod","Marisa£¨Ùöéë¡¡Øª×âÞÞ£©","Minty Spire (QoL Compilation)","StSLib","Td1madao Mod","The Jungle","¡¼?Úª?ø«¡½REMEMod"],"gold_per_floor":[111,111,111,61,61,97,97,137,137,168,178,212,237,262,262,358,358,378,393,168,168,168,197,197,223,247,247,283,297,43,77,77,182,182,211,229,288,368,164,189,135,85,109,140,158,158,108,134,134,134,134,134,11,39,39],"floor_reached":56,"language":"KOR","playtime":2165,"items_purged":["Dual Wield","REME_HeartOfCthun","Sword Boomerang","Heavy Blade","Shrug It Off","Headbutt","Sadistic Nature"],"score":2104,"play_id":"ec5ca501-9934-4045-8c86-6a71f43c590e","local_time":"20210216233725","daily_mods":["Draft","Red Cards","Colorless Cards","Heirloom","Flight","DeadlyEvents","Elite Swarm"],"is_ascension_mode":true,"campfire_choices":[{"floor":7,"key":"RECALL"},{"data":"REME_FirmDetermination","floor":15,"key":"SMITH"},{"data":"Body Slam","floor":24,"key":"SMITH"},{"data":"Seeing Red","floor":27,"key":"SMITH"},{"data":"Rage","floor":32,"key":"SMITH"},{"data":"Madness","floor":46,"key":"SMITH"},{"data":"Madness","floor":49,"key":"SMITH"},{"data":"REME_ACTH","floor":52,"key":"SMITH"}],"circlet_count":0,"master_deck":["Clash","Bandage Up","Good Instincts","Rampage+1","REME_FirmDetermination+1","Body Slam+1","Body Slam+1","Clash","Seeing Red+1","Rage+1","Offering","REME_ACTH+1","Offering","Flex+1","Madness+1","Madness+1","Dramatic Entrance+1","Flex"],"relics":["Unceasing Top","REME_ComplimentaryCards","Mango","CeramicFish","Du-Vu Doll","Self Forming Clay","Singing Bowl","TungstenRod","Boot","MealTicket","SacredBark","ClockworkSouvenir","theJungle:BirthdayCakeSlice","Dream Catcher","Question Card","Oddly Smooth Stone","Torii","TheAbacus","Smiling Mask","Coffee Dripper","Thread and Needle","Ornamental Fan","Membership Card","Bag of Marbles","Pen Nib","Toy Ornithopter","Anchor","Vajra","REME_HandOfSuture"],"acts_visited":["Exordium","Exordium","TheBeyond","TheEnding"],"potions_floor_usage":[28,33,35,55,55,55],"damage_taken":[{"damage":0,"enemies":"Small Slimes","floor":1,"turns":1},{"damage":0,"enemies":"3 Sentries","floor":6,"turns":3},{"damage":0,"enemies":"Gremlin Nob","floor":8,"turns":2},{"damage":0,"enemies":"3 Sentries","floor":10,"turns":3},{"damage":6,"enemies":"2 Louse","floor":11,"turns":2},{"damage":0,"enemies":"Lagavulin","floor":12,"turns":3},{"damage":15,"enemies":"3 Sentries","floor":13,"turns":2},{"damage":5,"enemies":"Gremlin Nob","floor":14,"turns":2},{"damage":5,"enemies":"Hexaghost","floor":16,"turns":4},{"damage":5,"enemies":"theJungle:GiantWrat","floor":18,"turns":2},{"damage":5,"enemies":"theJungle:5_Spyders","floor":19,"turns":2},{"damage":5,"enemies":"theJungle:2_Phrogs","floor":23,"turns":3},{"damage":5,"enemies":"theJungle:Cassacara","floor":25,"turns":2},{"damage":5,"enemies":"theJungle:2_Phrogs","floor":28,"turns":2},{"damage":5,"enemies":"theJungle:2_Flameangoes","floor":29,"turns":2},{"damage":5,"enemies":"theJungle:MamaSnecko","floor":31,"turns":1},{"damage":5,"enemies":"theJungle:QueenSpyder","floor":33,"turns":1},{"damage":10,"enemies":"3 Darklings","floor":35,"turns":1},{"damage":10,"enemies":"Mind Bloom Boss Battle","floor":37,"turns":1},{"damage":10,"enemies":"Reptomancer","floor":40,"turns":1},{"damage":10,"enemies":"Giant Head","floor":44,"turns":1},{"damage":10,"enemies":"Orb Walker","floor":45,"turns":1},{"damage":10,"enemies":"Reptomancer","floor":48,"turns":1},{"damage":10,"enemies":"Donu and Deca","floor":50,"turns":1},{"damage":5,"enemies":"Shield and Spear","floor":54,"turns":1},{"damage":65,"enemies":"The Heart","floor":55,"turns":10}],"seed_played":"3320075526231959232","potions_obtained":[{"floor":12,"key":"HeartOfIron"},{"floor":13,"key":"BloodPotion"},{"floor":16,"key":"Explosive Potion"},{"floor":29,"key":"Energy Potion"},{"floor":33,"key":"Fire Potion"},{"floor":35,"key":"REME_GoldPotion"},{"floor":40,"key":"HeartOfIron"}],"is_trial":true,"path_per_floor":["M","?","?","?","T","E","R","E","T","E","M","E","E","E","R","B",null,"M","M","$","?","?","E","R","E","T","R","E","M","$","E","R","B",null,"M","?","?","T","$","E","$","$","T","E","M","R","$","E","R","B",null,"R","$","E","B",null],"character_chosen":"IRONCLAD","items_purchased":["ClockworkSouvenir","TheAbacus","Membership Card","Flex","Vajra"],"campfire_rested":0,"item_purchase_floors":[20,30,39,41,53],"current_hp_per_floor":[94,87,68,68,68,72,72,72,72,78,74,78,69,70,70,71,104,105,106,108,104,109,110,110,111,111,111,110,111,124,121,121,120,126,120,105,99,99,114,110,125,128,128,124,120,120,132,128,128,122,134,134,134,135,134],"gold":39,"neow_bonus":"","is_daily":false,"chose_seed":false,"campfire_upgraded":7,"win_rate":0.0,"timestamp":1613486245,"path_taken":["M","?","?","?","?","E","R","E","T","E","?","E","E","E","R","BOSS","M","M","$","?","?","E","R","E","T","R","E","?","$","?","R","BOSS","M","?","?","?","$","E","$","$","T","?","?","R","?","E","R","BOSS","R","$","E","BOSS"],"items_purchased_type":["Relic","Relic","Relic","Card","Relic"],"build_version":"2020-12-22","purchased_purges":7,"victory":true,"max_hp_per_floor":[94,94,94,94,94,94,94,94,94,96,98,98,100,102,102,104,104,106,108,108,113,118,120,120,122,122,122,122,124,124,126,126,126,126,126,126,126,126,126,128,128,128,128,130,132,132,132,134,134,134,134,134,134,136,136],"card_choices":[{"not_picked":["Havoc","Thunderclap"],"picked":"Sword Boomerang","floor":0},{"not_picked":["Reckless Charge","Anger"],"picked":"Headbutt","floor":0},{"not_picked":["Anger","Infernal Blade"],"picked":"Clash","floor":0},{"not_picked":["Burning Pact","Warcry"],"picked":"Dual Wield","floor":0},{"not_picked":["Headbutt","Feel No Pain"],"picked":"Bandage Up","floor":0},{"not_picked":["Power Through","Spot Weakness"],"picked":"Good Instincts","floor":0},{"not_picked":["Clothesline","Cleave"],"picked":"Shrug It Off","floor":0},{"not_picked":["Pommel Strike","Sword Boomerang"],"picked":"Rampage","floor":0},{"not_picked":["Dual Wield","Iron Wave"],"picked":"REME_FirmDetermination","floor":0},{"not_picked":["Dark Shackles","Searing Blow"],"picked":"Body Slam","floor":0},{"not_picked":["Havoc","REME_Scribble"],"picked":"Body Slam","floor":0},{"not_picked":["Cleave","Searing Blow"],"picked":"Clash","floor":0},{"not_picked":["Twin Strike","Sword Boomerang"],"picked":"Seeing Red","floor":0},{"not_picked":["True Grit","Jack Of All Trades"],"picked":"Heavy Blade","floor":0},{"not_picked":["Anger","True Grit"],"picked":"REME_ShortnessOfBreath","floor":0},{"not_picked":["Iron Wave","Heavy Blade"],"picked":"Rage","floor":1},{"not_picked":["Corruption","Transmutation"],"picked":"Sadistic Nature","floor":6},{"not_picked":["REME_BattleFury","Offering"],"picked":"REME_HeartOfCthun","floor":8},{"not_picked":["REME_TheLastStrike","Exhume","REME_HeartOfCthun"],"picked":"Singing Bowl","floor":10},{"not_picked":["Clothesline","Heavy Blade","REME_SingleHolding"],"picked":"Singing Bowl","floor":11},{"not_picked":["REME_BuildACard","Metamorphosis"],"picked":"Offering","floor":12},{"not_picked":["Mayhem","Immolate","Corruption"],"picked":"Singing Bowl","floor":13},{"not_picked":["Secret Technique","Immolate","Magnetism"],"picked":"Singing Bowl","floor":14},{"not_picked":["Reaper","REME_HeartOfCthun","REME_BattleFury"],"picked":"Singing Bowl","floor":16},{"not_picked":["Shrug It Off","Pommel Strike","Sword Boomerang"],"picked":"Singing Bowl","floor":18},{"not_picked":["Anger","Clothesline","Feel No Pain"],"picked":"Singing Bowl","floor":19},{"not_picked":["HandOfGreed","REME_ProfessionalPlagiarism","Reaper"],"picked":"Singing Bowl","floor":23},{"not_picked":["Chrysalis","Magnetism","Reaper"],"picked":"Singing Bowl","floor":25},{"not_picked":["Corruption","Transmutation","Secret Technique"],"picked":"REME_ACTH","floor":28},{"not_picked":["Armaments","Heavy Blade","Cleave+1","Wild Strike"],"picked":"Singing Bowl","floor":29},{"not_picked":["Metamorphosis","REME_TheLastStrike","The Bomb","Thinking Ahead"],"picked":"Singing Bowl","floor":31},{"not_picked":["Magnetism","Secret Weapon","Chrysalis"],"picked":"Offering","floor":33},{"not_picked":["Clash","Clothesline+1","Mind Blast+1"],"picked":"Flex+1","floor":35},{"not_picked":["REME_TwoStrings","Entrench+1","Perfected Strike"],"picked":"Dramatic Entrance+1","floor":37},{"not_picked":["Thinking Ahead","REME_AllRoundStrike","REME_BodyOfCthun","REME_EyeOfCthun"],"picked":"Singing Bowl","floor":40},{"not_picked":["Offering","Bludgeon","Metamorphosis","REME_HeartOfCthun"],"picked":"Singing Bowl","floor":44},{"not_picked":["Dropkick+1","Armaments","Flex+1","Shrug It Off"],"picked":"Singing Bowl","floor":45},{"not_picked":["Sadistic Nature","Bludgeon","Magnetism","Berserk"],"picked":"Singing Bowl","floor":48},{"not_picked":["Metamorphosis","Barricade","REME_ProfessionalPlagiarism","REME_EyeOfCthun"],"picked":"Singing Bowl","floor":54}],"player_experience":587532,"relics_obtained":[{"floor":6,"key":"CeramicFish"},{"floor":8,"key":"Du-Vu Doll"},{"floor":9,"key":"Self Forming Clay"},{"floor":10,"key":"Singing Bowl"},{"floor":12,"key":"TungstenRod"},{"floor":13,"key":"Boot"},{"floor":14,"key":"MealTicket"},{"floor":23,"key":"Dream Catcher"},{"floor":25,"key":"Question Card"},{"floor":26,"key":"Oddly Smooth Stone"},{"floor":28,"key":"Torii"},{"floor":31,"key":"Smiling Mask"},{"floor":37,"key":"Thread and Needle"},{"floor":38,"key":"Ornamental Fan"},{"floor":40,"key":"Bag of Marbles"},{"floor":43,"key":"Pen Nib"},{"floor":44,"key":"Toy Ornithopter"},{"floor":48,"key":"Anchor"},{"floor":54,"key":"REME_HandOfSuture"}],"event_choices":[{"cards_removed":["REME_ForAll"],"damage_healed":0,"gold_gain":0,"player_choice":"Card Removal","damage_taken":7,"max_hp_gain":0,"max_hp_loss":0,"event_name":"Golden Wing","floor":2,"gold_loss":0},{"damage_healed":0,"gold_gain":0,"player_choice":"Entered Light","damage_taken":19,"max_hp_gain":0,"max_hp_loss":0,"event_name":"Shining Light","floor":3,"gold_loss":0,"cards_upgraded":["Body Slam","Rampage"]},{"cards_removed":["REME_ShortnessOfBreath"],"damage_healed":0,"gold_gain":0,"player_choice":"Card Removal","damage_taken":0,"max_hp_gain":0,"max_hp_loss":0,"event_name":"The Cleric","floor":4,"gold_loss":50},{"damage_healed":0,"gold_gain":0,"player_choice":"Embrace Madness","damage_taken":16,"max_hp_gain":0,"max_hp_loss":0,"event_name":"Winding Halls","floor":36,"gold_loss":0,"cards_obtained":["Madness","Madness"]},{"damage_healed":0,"gold_gain":0,"player_choice":"Fight","damage_taken":0,"max_hp_gain":0,"max_hp_loss":0,"event_name":"MindBloom","floor":37,"gold_loss":0}],"is_beta":false,"boss_relics":[{"not_picked":["Runic Cube","Fusion Hammer"],"picked":"SacredBark"},{"not_picked":["Runic Dome","Runic Pyramid"],"picked":"Coffee Dripper"}],"items_purged_floors":[20,30,39,41,42,47,53],"is_endless":false,"potions_floor_spawned":[12,13,16,19,29,31,33,35,40,48],"ascension_level":1}}