{"host":"pj7egx7jkoz18hom","time":1613435987,"event":{"mods":["AchievementEnabler","BaseMod","Keyboard Shortcuts","Minty Spire (QoL Compilation)","SuperFastMode"],"gold_per_floor":[116,126,140,151,165,191,191,141,141,172,182,32,32,50,50,148,148,164,164,183,108,8,38,38,52,52,52,52,52],"floor_reached":28,"language":"KOR","playtime":1172,"items_purged":["Defend_P","Defend_P"],"score":275,"play_id":"760b6285-d6de-41fe-807b-caa0be650d0b","local_time":"20210216093947","is_ascension_mode":false,"campfire_choices":[{"data":"Evaluate","floor":7,"key":"SMITH"},{"floor":15,"key":"REST"},{"data":"WindmillStrike","floor":24,"key":"SMITH"},{"data":"Eruption","floor":27,"key":"SMITH"}],"circlet_count":0,"master_deck":["Strike_P","Strike_P+1","Strike_P","Defend_P","Eruption+1","Vigilance","Consecrate+1","Evaluate+1","WindmillStrike+1","DeusExMachina","FlyingSleeves","ThirdEye","SandsOfTime","Establishment","DeusExMachina","EmptyBody+1","JustLucky+1","Injury"],"relics":["PureWater","NeowsBlessing","StoneCalendar","Oddly Smooth Stone","Du-Vu Doll","Cursed Key","Darkstone Periapt","Whetstone"],"acts_visited":["Exordium","TheCity"],"potions_floor_usage":[6,6,6,10,10,10,10,16,23,28,28],"damage_taken":[{"damage":0,"enemies":"Cultist","floor":1,"turns":1},{"damage":0,"enemies":"2 Louse","floor":2,"turns":1},{"damage":0,"enemies":"Jaw Worm","floor":3,"turns":1},{"damage":1,"enemies":"3 Louse","floor":4,"turns":3},{"damage":3,"enemies":"Blue Slaver","floor":5,"turns":4},{"damage":17,"enemies":"Lagavulin","floor":6,"turns":5},{"damage":0,"enemies":"3 Sentries","floor":10,"turns":3},{"damage":0,"enemies":"Looter","floor":11,"turns":3},{"damage":0,"enemies":"Exordium Wildlife","floor":14,"turns":2},{"damage":8,"enemies":"The Guardian","floor":16,"turns":8},{"damage":9,"enemies":"2 Thieves","floor":18,"turns":4},{"damage":24,"enemies":"Shell Parasite","floor":20,"turns":6},{"damage":17,"enemies":"Gremlin Leader","floor":23,"turns":6},{"damage":26,"enemies":"Shelled Parasite and Fungi","floor":25,"turns":6},{"damage":30,"enemies":"Masked Bandits","floor":28,"turns":3}],"seed_played":"6729540697825657170","potions_obtained":[{"floor":2,"key":"ColorlessPotion"},{"floor":4,"key":"EntropicBrew"},{"floor":5,"key":"SkillPotion"},{"floor":11,"key":"StancePotion"},{"floor":16,"key":"Dexterity Potion"},{"floor":20,"key":"BlessingOfTheForge"},{"floor":23,"key":"BottledMiracle"}],"is_trial":false,"path_per_floor":["M","M","M","M","M","E","R","?","T","E","M","$","?","M","R","B",null,"M","?","M","?","$","E","R","M","T","R","?"],"character_chosen":"WATCHER","items_purchased":["SandsOfTime"],"campfire_rested":1,"item_purchase_floors":[12],"current_hp_per_floor":[72,72,72,71,68,51,51,51,51,51,51,51,33,33,54,46,72,63,63,39,39,39,22,22,21,27,27,0,0],"gold":52,"neow_bonus":"THREE_ENEMY_KILL","is_daily":false,"chose_seed":false,"campfire_upgraded":3,"win_rate":0.0,"timestamp":1613435987,"path_taken":["M","M","M","M","?","E","R","?","T","E","M","$","?","M","R","BOSS","M","?","M","?","?","E","R","M","T","R","?"],"items_purchased_type":["Card"],"build_version":"2020-12-22","purchased_purges":2,"victory":false,"max_hp_per_floor":[72,72,72,72,72,72,72,72,72,72,72,72,72,72,72,72,72,72,72,72,72,72,72,72,72,78,78,78,78],"card_choices":[{"not_picked":["BattleHymn","EmptyBody"],"picked":"Consecrate","floor":1},{"not_picked":["Prostrate","Protect"],"picked":"Evaluate","floor":2},{"not_picked":["PathToVictory","FlyingSleeves"],"picked":"WindmillStrike","floor":3},{"not_picked":["Wallop","PathToVictory","Halt"],"picked":"SKIP","floor":4},{"not_picked":["Prostrate","FollowUp"],"picked":"DeusExMachina","floor":5},{"not_picked":["Worship","Nirvana","FlyingSleeves"],"picked":"SKIP","floor":6},{"not_picked":["Worship","PathToVictory"],"picked":"FlyingSleeves","floor":10},{"not_picked":["Protect","PathToVictory"],"picked":"ThirdEye","floor":11},{"not_picked":["LikeWater","Crescendo"],"picked":"Establishment","floor":14},{"not_picked":["Vault","Brilliance"],"picked":"DeusExMachina","floor":16},{"not_picked":["WheelKick+1","CrushJoints+1","FollowUp"],"picked":"SKIP","floor":18},{"not_picked":["Wallop+1","DeusExMachina"],"picked":"EmptyBody+1","floor":20},{"not_picked":["CrushJoints","CutThroughFate","ClearTheMind"],"picked":"SKIP","floor":23},{"not_picked":["Prostrate+1","EmptyBody"],"picked":"JustLucky+1","floor":25}],"player_experience":84438,"relics_obtained":[{"floor":6,"key":"StoneCalendar"},{"floor":10,"key":"Oddly Smooth Stone"},{"floor":23,"key":"Darkstone Periapt"},{"floor":26,"key":"Whetstone"}],"event_choices":[{"cards_removed":["Strike_P"],"damage_healed":0,"gold_gain":0,"player_choice":"Card Removal","damage_taken":0,"max_hp_gain":0,"max_hp_loss":0,"event_name":"The Cleric","floor":8,"gold_loss":50},{"damage_healed":0,"gold_gain":0,"player_choice":"Success","damage_taken":18,"relics_obtained":["Du-Vu Doll"],"max_hp_gain":0,"max_hp_loss":0,"event_name":"Scrap Ooze","floor":13,"gold_loss":0},{"damage_healed":0,"gold_gain":0,"player_choice":"Ignored","damage_taken":0,"max_hp_gain":0,"max_hp_loss":0,"event_name":"Ghosts","floor":19,"gold_loss":0},{"cards_removed":["Defend_P"],"damage_healed":0,"gold_gain":0,"player_choice":"Gave Gold","damage_taken":0,"max_hp_gain":0,"max_hp_loss":0,"event_name":"Beggar","floor":21,"gold_loss":75},{"damage_healed":0,"gold_gain":0,"player_choice":"Fought Bandits","damage_taken":0,"max_hp_gain":0,"max_hp_loss":0,"event_name":"Masked Bandits","floor":28,"gold_loss":0}],"is_beta":false,"boss_relics":[{"not_picked":["Tiny House","Philosopher\u0027s Stone"],"picked":"Cursed Key"}],"items_purged_floors":[12,22],"is_endless":false,"potions_floor_spawned":[2,4,5,11,16,20,23],"killed_by":"Masked Bandits","ascension_level":0}}