{"host":"ne5hixkhdtkevwwo","time":1613488077,"event":{"mods":["BaseMod","Downfall","Minty Spire (QoL Compilation)","Relic Stats","StSLib"],"gold_per_floor":[99,110,127,137,156,171,171,198,25,36,36,50,85,99,118,118,118,118],"floor_reached":16,"language":"ENG","playtime":1060,"items_purged":["Guardian:Strike_Guardian"],"score":136,"play_id":"e162f1d1-8c3e-4cb9-92cf-1e6e82511858","local_time":"20210216160757","is_ascension_mode":true,"campfire_choices":[{"data":"Guardian:TwinSlam","floor":1,"key":"SMITH"},{"floor":11,"key":"REST"}],"circlet_count":0,"master_deck":["Guardian:Strike_Guardian","Guardian:Strike_Guardian","Guardian:Strike_Guardian","Guardian:Defend_Guardian","Guardian:Defend_Guardian","Guardian:Defend_Guardian","Guardian:Defend_Guardian","Guardian:CurlUp","Guardian:TwinSlam+1","Guardian:Reroute","Guardian:PrimingBeam","Guardian:Repulse","Guardian:VentSteam","Guardian:Orbwalk","Guardian:ArmoredProtocol","Guardian:ArmoredProtocol","Guardian:ShieldCharger","Guardian:BronzeArmor","Guardian:Gem_Yellow","Guardian:FloatingOrbs","Guardian:Gem_White","Guardian:Suspension"],"relics":["bronze:MakeshiftBattery","hexamod:CandleOfCauterizing","Pen Nib","Ice Cream"],"acts_visited":["Exordium"],"potions_floor_usage":[5,6,14,15,16],"damage_taken":[{"damage":1,"enemies":"Cultist","floor":2,"turns":3},{"damage":0,"enemies":"2 Louse","floor":3,"turns":2},{"damage":2,"enemies":"Jaw Worm","floor":4,"turns":3},{"damage":7,"enemies":"Large Slime","floor":5,"turns":6},{"damage":1,"enemies":"downfall:LooterAlt","floor":6,"turns":3},{"damage":15,"enemies":"3 Sentries","floor":8,"turns":6},{"damage":10,"enemies":"downfall:FleeingMerchant","floor":9,"turns":4},{"damage":9,"enemies":"Red Slaver","floor":10,"turns":4},{"damage":10,"enemies":"Lots of Slimes","floor":12,"turns":3},{"damage":20,"enemies":"Lagavulin","floor":13,"turns":7},{"damage":0,"enemies":"2 Fungi Beasts","floor":14,"turns":2},{"damage":10,"enemies":"Gremlin Gang","floor":15,"turns":3},{"damage":19,"enemies":"IC_STATUS_ARCHETYPE","floor":16,"turns":4}],"seed_played":"-4833904076221732772","potions_obtained":[{"floor":2,"key":"SpeedPotion"},{"floor":4,"key":"Guardian:BlockOnCardUsePotion"},{"floor":5,"key":"Guardian:BlockOnCardUsePotion"},{"floor":12,"key":"Guardian:BlockOnCardUsePotion"},{"floor":14,"key":"champ:CounterPotion"}],"is_trial":false,"path_per_floor":["R","M","M","M","M","M","T","E","$","M","R","M","E","M","M","B"],"character_chosen":"GUARDIAN","items_purchased":["Guardian:ArmoredProtocol","Guardian:ShieldCharger"],"campfire_rested":1,"item_purchase_floors":[9,9],"current_hp_per_floor":[80,79,79,77,70,69,69,54,44,35,59,49,29,29,19,0,0,0],"gold":118,"neow_bonus":"BOSS_RELIC","is_daily":false,"chose_seed":false,"campfire_upgraded":1,"win_rate":0.0,"timestamp":1613488077,"path_taken":["R","M","M","M","M","M","T","E","$","M","R","?","E","M","M","BOSS"],"items_purchased_type":["Card","Card"],"build_version":"2020-12-22","purchased_purges":1,"victory":false,"max_hp_per_floor":[80,80,80,80,80,80,80,80,80,80,80,80,80,80,80,80,80,80],"relic_stats":{"counters":[13,50],"Pen Nib":[4],"obtain_stats":[{"Ice Cream":13,"hexamod:CandleOfCauterizing":7,"Guardian:ModeShifter":0,"Pen Nib":8,"bronze:MakeshiftBattery":0},{"Ice Cream":10,"hexamod:CandleOfCauterizing":5,"Guardian:ModeShifter":0,"Pen Nib":6,"bronze:MakeshiftBattery":0},{"Ice Cream":41,"hexamod:CandleOfCauterizing":17,"Guardian:ModeShifter":0,"Pen Nib":23,"bronze:MakeshiftBattery":0}]},"card_choices":[{"not_picked":["Guardian:SentryBeam","Guardian:Suspension"],"picked":"Guardian:Reroute","floor":2},{"not_picked":["Guardian:Gem_Cyan","Guardian:Preprogram"],"picked":"Guardian:PrimingBeam","floor":3},{"not_picked":["Guardian:Planning","Guardian:Reroute"],"picked":"Guardian:Repulse","floor":4},{"not_picked":["Guardian:CrystalBeam","Guardian:StasisEngine"],"picked":"Guardian:VentSteam","floor":5},{"not_picked":["Guardian:RollAttack","Guardian:Gem_Green"],"picked":"Guardian:Gem_Red","floor":6},{"not_picked":["Guardian:ShieldCharger","Guardian:ShieldSpikes"],"picked":"Guardian:Orbwalk","floor":8},{"not_picked":["Guardian:Repulse","Guardian:TimeBomb"],"picked":"Guardian:ArmoredProtocol","floor":9},{"not_picked":["Guardian:VentSteam","Guardian:BaubleBeam"],"picked":"Guardian:BronzeArmor","floor":10},{"not_picked":["Guardian:ChargeCore","Guardian:Incinerate"],"picked":"Guardian:Gem_Yellow","floor":12},{"not_picked":["Guardian:Harden","Guardian:Gem_Blue"],"picked":"Guardian:FloatingOrbs","floor":13},{"not_picked":["Guardian:Reroute","Guardian:TemporalShield"],"picked":"Guardian:Gem_White","floor":14},{"not_picked":["Guardian:TemporalShield","Guardian:PrismaticBeam"],"picked":"Guardian:Suspension","floor":15}],"player_experience":1084179,"relics_obtained":[{"floor":7,"key":"hexamod:CandleOfCauterizing"},{"floor":8,"key":"Pen Nib"},{"floor":13,"key":"Ice Cream"}],"event_choices":[],"is_beta":false,"boss_relics":[],"items_purged_floors":[9],"is_endless":false,"potions_floor_spawned":[2,4,5,12,14],"killed_by":"IC_STATUS_ARCHETYPE","ascension_level":3}}