{"host":"soyfmymeou4emntr","time":1613505153,"event":{"mods":["BaseMod","Minty Spire (QoL Compilation)","Permanent Neow","Relic Sorter","Relic Stats","StSLib"],"gold_per_floor":[111,129,147,147,72,72,107,107,133,168,188,207,225,225,225,302,352,367,387,387,161,161,161,186,204,231,231,281,281,281],"floor_reached":29,"language":"ENG","playtime":2430,"items_purged":["Strike_G"],"score":506,"play_id":"8850a465-ec68-4c80-b102-579fb64fb625","local_time":"20210216125233","is_ascension_mode":true,"campfire_choices":[{"data":"Neutralize","floor":6,"key":"SMITH"},{"data":"Dagger Spray","floor":8,"key":"SMITH"},{"data":"Well Laid Plans","floor":15,"key":"SMITH"},{"floor":23,"key":"REST"},{"floor":27,"key":"REST"}],"circlet_count":0,"master_deck":["AscendersBane","Strike_G+1","Strike_G+1","Strike_G+1","Strike_G+1","Defend_G+1","Defend_G+1","Defend_G+1","Defend_G+1","Defend_G+1","Survivor","Neutralize+1","Apotheosis+1","Slice","Poisoned Stab","Dagger Spray+1","Finisher","Well Laid Plans+1","Flechettes","Skewer","Night Terror","Die Die Die","Accuracy","Outmaneuver+1","Blade Dance","PiercingWail+1"],"relics":["Ring of the Snake","Toy Ornithopter","Strawberry","Paper Crane","Tiny House","Lantern","Darkstone Periapt","Tiny Chest"],"acts_visited":["Exordium","TheCity"],"potions_floor_usage":[10,12,19,25,29],"damage_taken":[{"damage":2,"enemies":"Jaw Worm","floor":1,"turns":7},{"damage":2,"enemies":"2 Louse","floor":2,"turns":3},{"damage":0,"enemies":"Cultist","floor":3,"turns":3},{"damage":12,"enemies":"Lagavulin","floor":7,"turns":8},{"damage":6,"enemies":"Gremlin Nob","floor":10,"turns":3},{"damage":0,"enemies":"Blue Slaver","floor":11,"turns":4},{"damage":2,"enemies":"3 Louse","floor":12,"turns":2},{"damage":2,"enemies":"Large Slime","floor":13,"turns":7},{"damage":5,"enemies":"The Guardian","floor":16,"turns":13},{"damage":27,"enemies":"Spheric Guardian","floor":18,"turns":6},{"damage":19,"enemies":"Shell Parasite","floor":19,"turns":5},{"damage":11,"enemies":"Gremlin Leader","floor":24,"turns":6},{"damage":29,"enemies":"Snecko","floor":25,"turns":5},{"damage":38,"enemies":"Book of Stabbing","floor":29,"turns":4}],"seed_played":"-4282316881427833960","potions_obtained":[{"floor":1,"key":"LiquidBronze"},{"floor":2,"key":"Strength Potion"},{"floor":10,"key":"SkillPotion"},{"floor":12,"key":"SkillPotion"}],"is_trial":false,"path_per_floor":["M","M","M","?","$","R","E","R","T","E","M","M","M","?","R","B",null,"M","M","?","$","?","R","E","M","T","R","?","E"],"character_chosen":"THE_SILENT","items_purchased":["Lantern","PowerPotion"],"campfire_rested":2,"item_purchase_floors":[21,21],"current_hp_per_floor":[57,55,55,55,55,55,43,43,50,49,49,52,50,50,50,45,67,40,26,26,26,26,47,36,12,12,33,33,0,0],"gold":281,"neow_bonus":"RANDOM_COLORLESS_2","is_daily":false,"chose_seed":false,"campfire_upgraded":3,"win_rate":0.0,"timestamp":1613505153,"path_taken":["M","M","M","?","$","R","E","R","T","E","M","M","M","?","R","BOSS","M","M","?","$","?","R","E","M","T","R","?","E"],"items_purchased_type":["Relic","Potion"],"build_version":"2020-12-22","purchased_purges":1,"victory":false,"max_hp_per_floor":[60,60,60,60,60,60,60,60,67,67,67,67,67,67,67,67,72,72,72,72,72,72,72,72,72,72,72,72,72,72],"relic_stats":{"Darkstone Periapt":0,"counters":[14,76],"Tiny Chest":0,"obtain_stats":[{"Darkstone Periapt":24,"Lantern":21,"Tiny House":17,"Strawberry":9,"Tiny Chest":26,"Paper Crane":10,"Toy Ornithopter":7,"Ring of the Snake":0},{"Darkstone Periapt":12,"Lantern":11,"Tiny House":9,"Strawberry":4,"Tiny Chest":13,"Paper Crane":5,"Toy Ornithopter":4,"Ring of the Snake":0},{"Darkstone Periapt":67,"Lantern":61,"Tiny House":50,"Strawberry":21,"Tiny Chest":72,"Paper Crane":24,"Toy Ornithopter":21,"Ring of the Snake":0}],"Toy Ornithopter":25,"Ring of the Snake":[28]},"card_choices":[{"not_picked":["Secret Weapon","Thinking Ahead"],"picked":"Apotheosis","floor":0},{"not_picked":["Prepared","Infinite Blades"],"picked":"Slice","floor":1},{"not_picked":["Bane","Flying Knee"],"picked":"Poisoned Stab","floor":2},{"not_picked":["Caltrops","Bane"],"picked":"Dagger Spray","floor":3},{"not_picked":["Setup","Doppelganger"],"picked":"Finisher","floor":7},{"not_picked":["Cloak And Dagger","Poisoned Stab"],"picked":"Well Laid Plans","floor":10},{"not_picked":["Riddle With Holes","Finisher"],"picked":"Flechettes","floor":11},{"not_picked":["Quick Slash","Finisher","Underhanded Strike"],"picked":"SKIP","floor":12},{"not_picked":["Doppelganger","Quick Slash"],"picked":"Skewer","floor":13},{"not_picked":["Bullet Time","Storm of Steel"],"picked":"Die Die Die","floor":16},{"not_picked":["Underhanded Strike","Acrobatics"],"picked":"Accuracy","floor":17},{"not_picked":["Flying Knee","Dagger Spray","Poisoned Stab"],"picked":"SKIP","floor":18},{"not_picked":["Deflect","All Out Attack"],"picked":"Outmaneuver+1","floor":19},{"not_picked":["Backstab","All Out Attack"],"picked":"PiercingWail+1","floor":24},{"not_picked":["Prepared","Deadly Poison","Eviscerate"],"picked":"SKIP","floor":25}],"player_experience":3363446,"relics_obtained":[{"floor":7,"key":"Toy Ornithopter"},{"floor":9,"key":"Strawberry"},{"floor":10,"key":"Paper Crane"},{"floor":24,"key":"Darkstone Periapt"},{"floor":26,"key":"Tiny Chest"}],"event_choices":[{"damage_healed":0,"gold_gain":0,"player_choice":"Grow","damage_taken":0,"max_hp_gain":0,"max_hp_loss":0,"event_name":"Living Wall","floor":4,"gold_loss":0,"cards_upgraded":["Apotheosis"]},{"damage_healed":0,"gold_gain":0,"player_choice":"1 cards matched","damage_taken":0,"max_hp_gain":0,"max_hp_loss":0,"event_name":"Match and Keep!","floor":14,"gold_loss":0,"cards_obtained":["Night Terror"]},{"damage_healed":0,"gold_gain":0,"player_choice":"Simplicity","damage_taken":0,"max_hp_gain":0,"max_hp_loss":0,"event_name":"Back to Basics","floor":20,"gold_loss":0,"cards_upgraded":["Strike_G","Strike_G","Strike_G","Strike_G","Defend_G","Defend_G","Defend_G","Defend_G"]},{"damage_healed":0,"gold_gain":0,"player_choice":"Read","damage_taken":0,"max_hp_gain":0,"max_hp_loss":0,"event_name":"The Library","floor":22,"gold_loss":0,"cards_obtained":["Blade Dance"]},{"damage_healed":0,"gold_gain":50,"player_choice":"Stole From Cult","damage_taken":0,"max_hp_gain":0,"max_hp_loss":0,"event_name":"Nest","floor":28,"gold_loss":0}],"is_beta":false,"boss_relics":[{"not_picked":["Velvet Choker","Snecko Eye"],"picked":"Tiny House"}],"items_purged_floors":[5],"is_endless":false,"potions_floor_spawned":[1,2,3,10,12,24],"killed_by":"Book of Stabbing","ascension_level":20}}