{"host":"ababi7n1w04ome7c","time":1613474228,"event":{"mods":["AchievementEnabler","BaseMod","Colored Map","Minty Spire (QoL Compilation)","Permanent Neow","StSLib","everything is the same but u backflip on backflip"],"gold_per_floor":[117,135,135,54,4,35,35,35,47,79,121,133,161,173,185,300,312,334,346,358,355,401,413,425,425],"floor_reached":24,"language":"KOR","playtime":538,"items_purged":[],"score":284,"play_id":"497951b6-6b90-478a-ab99-a0b2dbbe6453","local_time":"20210216201708","is_ascension_mode":true,"campfire_choices":[{"data":"Poisoned Stab","floor":7,"key":"SMITH"},{"floor":15,"key":"REST"},{"floor":23,"key":"REST"}],"circlet_count":0,"master_deck":["Strike_G","Strike_G","Strike_G","Strike_G","Defend_G","Defend_G","Defend_G","Defend_G","Defend_G","Survivor","Neutralize","Dagger Throw","Accuracy","Accuracy","Poisoned Stab+1","Writhe"],"relics":["Ring of the Snake","NeowsBlessing","Tiny Chest","Sundial","MawBank","Letter Opener","InkBottle","CeramicFish","Cursed Key","Boot","MealTicket"],"acts_visited":["Exordium","TheCity"],"potions_floor_usage":[16,21],"damage_taken":[{"damage":0.0,"enemies":"Cultist","floor":1.0,"turns":1.0},{"damage":0.0,"enemies":"Small Slimes","floor":2.0,"turns":1.0},{"damage":0.0,"enemies":"Gremlin Nob","floor":6.0,"turns":1.0},{"damage":0,"enemies":"2 Louse","floor":10,"turns":3},{"damage":31,"enemies":"Lagavulin","floor":11,"turns":9},{"damage":2,"enemies":"2 Fungi Beasts","floor":13,"turns":4},{"damage":62,"enemies":"Hexaghost","floor":16,"turns":12},{"damage":20,"enemies":"Chosen","floor":18,"turns":7},{"damage":17,"enemies":"2 Thieves","floor":21,"turns":4},{"damage":0,"enemies":"Book of Stabbing","floor":24,"turns":2}],"seed_played":"-2802770398300069146","potions_obtained":[{"floor":2.0,"key":"LiquidBronze"},{"floor":11,"key":"SneckoOil"},{"floor":13,"key":"Block Potion"}],"is_trial":false,"path_per_floor":["M","M","?","$","?","E","R","?","T","M","E","T","M","?","R","B",null,"M","?","$","M","T","R","E"],"character_chosen":"THE_SILENT","items_purchased":["Accuracy"],"campfire_rested":2,"item_purchase_floors":[4],"current_hp_per_floor":[70,70,58,58,58,58,58,58,58,58,27,27,25,48,69,7,54,34,34,34,17,17,38,38,38],"gold":425,"neow_bonus":"THREE_ENEMY_KILL","is_daily":false,"chose_seed":false,"campfire_upgraded":1,"win_rate":0.0,"timestamp":1613474228,"path_taken":["M","M","?","$","?","E","R","?","T","?","E","?","?","?","R","BOSS","M","?","$","M","?","R","E"],"items_purchased_type":["Card"],"build_version":"2020-12-22","purchased_purges":0,"victory":false,"max_hp_per_floor":[70,70,70,70,70,70,70,70,70,70,70,70,70,70,70,70,70,70,70,70,70,70,70,70,70],"card_choices":[{"not_picked":["Slice","Underhanded Strike"],"picked":"Dagger Throw","floor":1.0},{"not_picked":["Backflip","Dagger Throw"],"picked":"Accuracy","floor":2.0},{"not_picked":["Flying Knee","Crippling Poison"],"picked":"Poisoned Stab","floor":6.0},{"not_picked":["Dagger Spray","PiercingWail","Backflip"],"picked":"SKIP","floor":10},{"not_picked":["Bouncing Flask","Sucker Punch","Deflect"],"picked":"SKIP","floor":11},{"not_picked":["Eviscerate","Acrobatics","Flying Knee"],"picked":"SKIP","floor":13},{"not_picked":["Endless Agony+1","PiercingWail","Deflect"],"picked":"SKIP","floor":18},{"not_picked":["Bouncing Flask+1","Crippling Poison+1","Leg Sweep"],"picked":"SKIP","floor":21}],"player_experience":340703,"relics_obtained":[{"floor":6.0,"key":"Sundial"},{"floor":8,"key":"MawBank"},{"floor":9,"key":"Letter Opener"},{"floor":11,"key":"InkBottle"},{"floor":12,"key":"CeramicFish"},{"floor":22,"key":"MealTicket"}],"event_choices":[{"damage_healed":0.0,"max_hp_gain":0.0,"max_hp_loss":0.0,"gold_gain":0.0,"event_name":"Scrap Ooze","player_choice":"Success","floor":3.0,"gold_loss":0.0,"damage_taken":12.0,"relics_obtained":["Tiny Chest"]},{"cards_removed":["Strike_G"],"damage_healed":0.0,"max_hp_gain":0.0,"max_hp_loss":0.0,"gold_gain":0.0,"event_name":"The Cleric","player_choice":"Card Removal","floor":5.0,"gold_loss":50.0,"damage_taken":0.0},{"damage_healed":0,"gold_gain":0,"player_choice":"Relic","damage_taken":0,"max_hp_gain":0,"max_hp_loss":0,"event_name":"Wheel of Change","floor":8,"gold_loss":0},{"damage_healed":23,"gold_gain":0,"player_choice":"Banana","damage_taken":0,"max_hp_gain":0,"max_hp_loss":0,"event_name":"Big Fish","floor":14,"gold_loss":0},{"damage_healed":0,"gold_gain":0,"player_choice":"Opened","damage_taken":0,"relics_obtained":["Boot"],"max_hp_gain":0,"max_hp_loss":0,"event_name":"The Mausoleum","floor":19,"gold_loss":0}],"is_beta":false,"boss_relics":[{"not_picked":["Sozu","Tiny House"],"picked":"Cursed Key"}],"items_purged_floors":[],"is_endless":false,"potions_floor_spawned":[2,11,13],"killed_by":"Book of Stabbing","ascension_level":5}}