{"host":"wxz7488rqrwl2v46","time":1613471057,"event":{"mods":["BaseMod","Minty Spire (QoL Compilation)","Quick Restart","Replay The Spire","StSLib"],"gold_per_floor":[109,129,129,140,66,66,66,84,134,134,146,165,165,183,183,280,280,290,278,278,218,237,237,237,237],"floor_reached":24,"language":"ZHS","playtime":1150,"items_purged":[],"score":190,"play_id":"b7212d4a-d334-43db-9f97-d4dd8a1a86e2","local_time":"20210216182417","is_ascension_mode":false,"campfire_choices":[{"data":"Replay:Poison Smokescreen","floor":6,"key":"SMITH"},{"data":"Noxious Fumes","floor":10,"key":"SMITH"},{"data":"Deadly Poison","floor":13,"key":"SMITH"},{"data":"Bouncing Flask","floor":15,"key":"SMITH"},{"data":"Deadly Poison","floor":23,"key":"SMITH"}],"circlet_count":0,"master_deck":["Strike_G","Strike_G","Strike_G","Strike_G","Defend_G","Defend_G","Defend_G","Defend_G","Defend_G","Survivor","Neutralize","Acrobatics","Replay:Poison Smokescreen+1","Spreading Infection","Deadly Poison+1","Noxious Fumes+1","Bane","Outmaneuver","Outmaneuver","Bouncing Flask+1","Acrobatics","Blade Dance+1","Necronomicurse","Deadly Poison+1"],"relics":["Ring of the Snake","NeowsBlessing","ReplayTheSpireMod:Ring of Addiction","Ring of Peace","Toy Ornithopter","SacredBark","ReplayFunnel","Honey Jar","Necronomicon"],"acts_visited":["Exordium","TheCity"],"potions_floor_usage":[14,16,16,22],"damage_taken":[{"damage":0,"enemies":"Small Slimes","floor":1,"turns":1},{"damage":0,"enemies":"2 Louse","floor":2,"turns":1},{"damage":0,"enemies":"Jaw Worm","floor":4,"turns":1},{"damage":0,"enemies":"Blue Slaver","floor":8,"turns":4},{"damage":0,"enemies":"3 Louse","floor":11,"turns":4},{"damage":1,"enemies":"Looter","floor":12,"turns":4},{"damage":10,"enemies":"Gremlin Gang","floor":14,"turns":5},{"damage":13,"enemies":"The Guardian","floor":16,"turns":6},{"damage":0,"enemies":"Chosen","floor":18,"turns":4},{"damage":7,"enemies":"2 Thieves","floor":19,"turns":4},{"damage":0,"enemies":"Snecko","floor":22,"turns":6},{"damage":46,"enemies":"Book of Stabbing","floor":24,"turns":6}],"seed_played":"-5854872724024299675","potions_obtained":[{"floor":2,"key":"DistilledChaos"},{"floor":3,"key":"AttackPotion"},{"floor":3,"key":"Reflective Coating"},{"floor":16,"key":"EssenceOfSteel"}],"is_trial":false,"path_per_floor":["M","M","?","M","$","R","?","M","T","R","M","M","R","M","R","B",null,"M","M","?","?","M","R","E"],"character_chosen":"THE_SILENT","items_purchased":["Noxious Fumes"],"campfire_rested":0,"item_purchase_floors":[5],"current_hp_per_floor":[70,70,70,70,70,70,68,68,68,66,66,65,64,58,58,51,64,64,57,41,41,46,46,0,0],"gold":237,"neow_bonus":"THREE_ENEMY_KILL","is_daily":false,"chose_seed":false,"campfire_upgraded":5,"win_rate":0.0,"timestamp":1613471057,"path_taken":["M","M","?","M","$","R","?","M","T","R","M","M","R","M","R","BOSS","M","M","?","?","M","R","E"],"items_purchased_type":["Card"],"build_version":"2020-12-22","purchased_purges":0,"victory":false,"max_hp_per_floor":[70,70,70,70,70,70,68,68,68,66,66,66,64,64,64,64,64,64,64,62,62,62,62,62,62],"card_choices":[{"not_picked":["Dodge and Roll","Outmaneuver"],"picked":"Acrobatics","floor":1},{"not_picked":["Flying Knee","Backflip"],"picked":"Replay:Poison Smokescreen","floor":2},{"not_picked":["Quick Slash","Poisoned Stab"],"picked":"Deadly Poison","floor":4},{"not_picked":["Distraction","Quick Slash"],"picked":"Bane","floor":8},{"not_picked":["All Out Attack","ReplayTheSpireMod:Shiv Toss"],"picked":"Outmaneuver","floor":11},{"not_picked":["All Out Attack","Sucker Punch"],"picked":"Outmaneuver","floor":12},{"not_picked":["Backflip","Unload"],"picked":"Bouncing Flask","floor":14},{"not_picked":["Flying Knee+1","Sucker Punch","PiercingWail"],"picked":"Acrobatics","floor":18},{"not_picked":["Flechettes","All Out Attack","Cloak And Dagger"],"picked":"Blade Dance+1","floor":19},{"not_picked":["Heel Hook","Poisoned Stab","Deflect"],"picked":"Deadly Poison","floor":22}],"player_experience":47628,"relics_obtained":[{"floor":3,"key":"ReplayTheSpireMod:Ring of Addiction"},{"floor":3,"key":"Ring of Peace"},{"floor":3,"key":"Toy Ornithopter"},{"floor":3,"key":"SacredBark"},{"floor":9,"key":"ReplayFunnel"},{"floor":20,"key":"Necronomicon"}],"event_choices":[{"cards_removed":["Strike_G"],"damage_healed":0,"gold_gain":0,"player_choice":"Forget","damage_taken":0,"max_hp_gain":0,"max_hp_loss":0,"event_name":"Living Wall","floor":7,"gold_loss":0},{"damage_healed":0,"gold_gain":0,"player_choice":"Obtained Book","damage_taken":16,"max_hp_gain":0,"max_hp_loss":0,"event_name":"Cursed Tome","floor":20,"gold_loss":0}],"is_beta":false,"boss_relics":[{"not_picked":["Replay:Bronze Core","Fusion Hammer"],"picked":"Honey Jar"}],"items_purged_floors":[],"is_endless":false,"potions_floor_spawned":[2,12,16],"killed_by":"Book of Stabbing","ascension_level":0}}