{"host":"pm6tps78s2qrawcb","time":1613514176,"event":{"mods":["BaseMod","BetterRewards","Colored Map","Downfall","Hubris","Infinite Spire","Mimic Mod","Minty Spire (QoL Compilation)","Reliquary","Replay The Spire","Shop Mod","StSLib"],"gold_per_floor":[117,192,10,10,10,41,41,74,74,107,107,134,148,163,163,262,262,280,293,293,306,306,333,333,333,333],"floor_reached":25,"language":"ENG","playtime":1346,"items_purged":["Strike_R"],"score":391,"play_id":"ccb82dc9-17bb-434b-81cd-b9496fa0f9c7","local_time":"20210216222256","is_ascension_mode":true,"campfire_choices":[{"data":"ReplayTheSpireMod:Limb From Limb","floor":7,"key":"SMITH"},{"floor":11,"key":"REST"},{"data":"Sword Boomerang","floor":15,"key":"PURGE"},{"data":"Demonic Infusion","floor":24,"key":"SMITH"}],"circlet_count":0,"master_deck":["Strike_R","Strike_R","Strike_R","Strike_R","Defend_R","Defend_R","Defend_R","Defend_R","Bash","ReplayTheSpireMod:Limb From Limb+1","Evolve","Hemokinesis","Whirlwind","Demonic Infusion+1","SignatureMove","Double Tap"],"relics":["Burning Blood","Chemical X","Magic Flower","reliquary:FingerTrap","MerchantsRug","Membership Card","hubris:Reverence","StoneCalendar","hubris:ToyBattleship","Letter Opener","MealTicket","infinitespire:Bottled Soul","hubris:ScarierMask","Pen Nib"],"acts_visited":["Exordium","TheCity"],"potions_floor_usage":[14,16,25],"damage_taken":[{"damage":6,"enemies":"Jaw Worm","floor":1,"turns":4},{"damage":26,"enemies":"3 Sentries","floor":6,"turns":9},{"damage":0,"enemies":"Gremlin Nob","floor":8,"turns":2},{"damage":35,"enemies":"3 Sentries","floor":10,"turns":7},{"damage":6,"enemies":"Gremlin Nob","floor":12,"turns":3},{"damage":1,"enemies":"Cultist","floor":13,"turns":3},{"damage":0,"enemies":"Small Slimes","floor":14,"turns":2},{"damage":18,"enemies":"Fading Forest","floor":16,"turns":11},{"damage":3,"enemies":"3 Byrds","floor":18,"turns":3},{"damage":10,"enemies":"Chosen","floor":19,"turns":2},{"damage":15,"enemies":"Snecko","floor":21,"turns":3},{"damage":29,"enemies":"Gremlin Leader","floor":23,"turns":5},{"damage":59,"enemies":"Nightmare","floor":25,"turns":4}],"seed_played":"4213834075425118636","potions_obtained":[{"floor":8,"key":"Fruit Juice"},{"floor":13,"key":"Adrenaline Potion"},{"floor":21,"key":"Reflective Coating"}],"is_trial":false,"path_per_floor":["M","?","$","?","T","E","R","E","T","E","R","E","M","M","R_BF","B",null,"M","M","?","M","?","E","R","NM"],"character_chosen":"IRONCLAD","items_purchased":["Chemical X","reliquary:FingerTrap","MerchantsRug","Membership Card"],"campfire_rested":1,"item_purchase_floors":[0,0,0,3],"current_hp_per_floor":[51,51,51,51,51,34,34,43,43,17,41,44,52,61,61,60,85,85,84,84,78,78,58,58,0,0],"gold":333,"neow_bonus":"","is_daily":false,"chose_seed":false,"campfire_upgraded":2,"win_rate":0.0,"timestamp":1613514176,"path_taken":["M","?","$","?","?","E","R","E","T","E","R","E","M","M","R_BF","BOSS","M","?","?","M","?","E","R","NM"],"items_purchased_type":["Relic","Relic","Relic","Relic"],"build_version":"2020-12-22","purchased_purges":1,"victory":false,"max_hp_per_floor":[80,80,80,80,80,80,80,80,80,80,80,80,80,80,80,85,85,85,85,85,85,85,85,85,85,85],"card_choices":[{"not_picked":["hubris:SharpeningStone","Clothesline","ReplayTheSpireMod:Strike From Hell"],"picked":"SKIP","floor":1},{"not_picked":["Run Through","Wild Strike"],"picked":"Sword Boomerang","floor":6},{"not_picked":["Twin Strike","Massacre","Run Through"],"picked":"SKIP","floor":8},{"not_picked":["Run Through","Heavy Blade","Warcry"],"picked":"SKIP","floor":10},{"not_picked":["Burning Pact","Armaments"],"picked":"Evolve","floor":12},{"not_picked":["hubris:CleavingFinish","hubris:ReadiedAction"],"picked":"Hemokinesis","floor":13},{"not_picked":["Replay:Undeath\u0027s Touch","Abandon"],"picked":"Whirlwind","floor":14},{"not_picked":["Eclipse","Juggernaut"],"picked":"Demonic Infusion","floor":16},{"not_picked":["hubris:SharpeningStone","Cleave","Thunderclap"],"picked":"SKIP","floor":18},{"not_picked":["Clothesline","Clash","Reckless Charge"],"picked":"SKIP","floor":19},{"not_picked":["Disarm+1","Feel No Pain","Defy Death"],"picked":"SKIP","floor":21},{"not_picked":["Dark Embrace+1","Dual Wield"],"picked":"Double Tap","floor":23}],"player_experience":300131,"relics_obtained":[{"floor":5,"key":"hubris:Reverence"},{"floor":6,"key":"StoneCalendar"},{"floor":8,"key":"hubris:ToyBattleship"},{"floor":9,"key":"Letter Opener"},{"floor":10,"key":"MealTicket"},{"floor":12,"key":"infinitespire:Bottled Soul"},{"floor":23,"key":"Pen Nib"}],"event_choices":[{"damage_healed":0,"gold_gain":75,"player_choice":"Touch","damage_taken":8,"max_hp_gain":0,"max_hp_loss":0,"event_name":"FaceTrader","floor":2,"gold_loss":0},{"damage_healed":0,"gold_gain":0,"player_choice":"Ignored","damage_taken":0,"max_hp_gain":0,"max_hp_loss":0,"event_name":"Ghosts","floor":20,"gold_loss":0},{"damage_healed":0,"gold_gain":0,"player_choice":"Read","damage_taken":0,"max_hp_gain":0,"max_hp_loss":0,"event_name":"The Library","floor":22,"gold_loss":0,"cards_obtained":["SignatureMove"]}],"is_beta":false,"boss_relics":[{"not_picked":["Mark of Pain","hubris:TerracottaHorce"],"picked":"hubris:ScarierMask"}],"items_purged_floors":[3],"is_endless":false,"potions_floor_spawned":[8,13,21],"killed_by":"Nightmare","ascension_level":1}}