{"host":"utqe55yv0jihe4d6","time":1613448326,"event":{"mods":["2.2 Compatiblity","AchievementEnabler","BaseMod","Block Reminder","Colored Map","Colored Powertips","Minty Spire (QoL Compilation)","Quick Restart","Rare Cards Sparkle","Relic Stats","SuperFastMode"],"gold_per_floor":[112,112,387,11,25,52,52,52,52],"floor_reached":8,"language":"ENG","playtime":186,"items_purged":["Regret"],"score":108,"play_id":"f811a03b-77de-4d05-9dbb-7eb9488721e2","local_time":"20210215230526","is_ascension_mode":true,"campfire_choices":[],"circlet_count":0,"master_deck":["AscendersBane","Strike_R","Strike_R","Strike_R","Strike_R","Strike_R","Defend_R","Defend_R","Defend_R","Defend_R","Bash","Twin Strike","Metallicize","Pommel Strike","Clothesline"],"relics":["Runic Dome","HornCleat","Medical Kit","Turnip"],"acts_visited":["Exordium"],"potions_floor_usage":[],"damage_taken":[{"damage":2,"enemies":"2 Louse","floor":1,"turns":3},{"damage":0,"enemies":"Small Slimes","floor":5,"turns":4},{"damage":21,"enemies":"Gremlin Nob","floor":6,"turns":4},{"damage":27,"enemies":"3 Sentries","floor":8,"turns":9}],"seed_played":"2786495016511014838","potions_obtained":[],"is_trial":false,"path_per_floor":["M","?","?","$","M","E","$","E"],"character_chosen":"IRONCLAD","items_purchased":["Medical Kit","FearPotion","Metallicize"],"campfire_rested":0,"item_purchase_floors":[4,4,4],"current_hp_per_floor":[66,48,48,48,48,27,27,0,0],"gold":52,"neow_bonus":"BOSS_RELIC","is_daily":false,"chose_seed":false,"campfire_upgraded":0,"win_rate":0.0,"timestamp":1613448326,"path_taken":["M","?","?","$","?","E","?","E"],"items_purchased_type":["Relic","Potion","Card"],"build_version":"2020-12-22","purchased_purges":1,"victory":false,"max_hp_per_floor":[75,75,75,75,75,75,75,75,75],"relic_stats":{"counters":[4,20],"Turnip":[0],"Medical Kit":[0],"obtain_stats":[{"Runic Dome":0,"HornCleat":2,"Turnip":6,"Medical Kit":4,"Burning Blood":0},{"Runic Dome":0,"HornCleat":1,"Turnip":3,"Medical Kit":1,"Burning Blood":0},{"Runic Dome":0,"HornCleat":3,"Turnip":11,"Medical Kit":3,"Burning Blood":0}]},"card_choices":[{"not_picked":["Body Slam","Headbutt"],"picked":"Twin Strike","floor":1},{"not_picked":["Twin Strike","Shrug It Off"],"picked":"Pommel Strike","floor":5},{"not_picked":["Hemokinesis","Sword Boomerang"],"picked":"Clothesline","floor":6}],"player_experience":3073818,"relics_obtained":[{"floor":6,"key":"Turnip"}],"event_choices":[{"damage_healed":0,"gold_gain":0,"player_choice":"Success","damage_taken":18,"relics_obtained":["HornCleat"],"max_hp_gain":0,"max_hp_loss":0,"event_name":"Scrap Ooze","floor":2,"gold_loss":0},{"damage_healed":0,"gold_gain":275,"player_choice":"Desecrate","damage_taken":0,"max_hp_gain":0,"max_hp_loss":0,"event_name":"Golden Shrine","floor":3,"gold_loss":0,"cards_obtained":["Regret"]}],"is_beta":false,"boss_relics":[],"items_purged_floors":[4],"is_endless":false,"potions_floor_spawned":[],"killed_by":"3 Sentries","ascension_level":20}}