{"host":"ubyp1yuphwcqvn8x","time":1613509097,"event":{"mods":["BaseMod","Colored Map","Minty Spire (QoL Compilation)","Permanent Neow","Replay The Spire","StSLib","SuperFastMode","The Construct"],"gold_per_floor":[116,116,133,83,83,83,114,124,124,143,32,57,70,89,89,185,185,197,217,217,1,19,19,19,54,54,89,89,105,105,105,105,207,207,221,235,0,19,19,19,29,62,85,111,11,111,131,131,131,131,131,131,50,78,146],"floor_reached":56,"language":"ENG","playtime":2340,"items_purged":["Defend_R","Defend_R"],"score":1172,"play_id":"149f82f1-d400-46a2-b1b9-2e4db96ea595","local_time":"20210216155817","is_ascension_mode":true,"campfire_choices":[{"data":"Havoc","floor":6,"key":"SMITH"},{"data":"1","floor":15,"key":"LIFT"},{"data":"Havoc","floor":23,"key":"SMITH"},{"data":"2","floor":28,"key":"LIFT"},{"data":"3","floor":30,"key":"LIFT"},{"data":"Defend_R","floor":32,"key":"PURGE"},{"floor":40,"key":"RECALL"},{"floor":49,"key":"REST"},{"floor":52,"key":"REST"}],"circlet_count":0,"master_deck":["Strike_R","Strike_R","Strike_R","Bash","Havoc+1","Havoc","Shrug It Off+1","Clash","Replay:Undeath\u0027s Touch","Offering+1","Shockwave","Replay:Many Hands","ReplayTheSpireMod:Corrosion Curse","Reaper","Rupture","Havoc+1","ReplayTheSpireMod:Strike From Hell","Pummel","Seeing Red","Replay:Undeath\u0027s Touch","Corruption","ReplayTheSpireMod:Strike From Hell+1","Dual Wield+1","Battle Trance","Replay:Many Hands+1","Battle Trance+1","Replay:Undeath\u0027s Touch+1","ReplayTheSpireMod:Limb From Limb","Replay:Undeath\u0027s Touch+1"],"relics":["Black Blood","Girya","Magic Flower","Another Sword","Odd Mushroom","Ginger","Meat on the Bone","Question Card","Fusion Hammer","Red Mask","Singing Bowl","Toy Ornithopter","War Paint","Replay:Bandana"],"acts_visited":["Exordium","TheCity","TheBeyond","TheEnding"],"potions_floor_usage":[27,55],"damage_taken":[{"damage":8,"enemies":"Small Slimes","floor":1,"turns":4},{"damage":9,"enemies":"Jaw Worm","floor":3,"turns":4},{"damage":59,"enemies":"3 Sentries","floor":7,"turns":19},{"damage":0,"enemies":"Cultist","floor":8,"turns":3},{"damage":13,"enemies":"Blue Slaver","floor":10,"turns":3},{"damage":15,"enemies":"The Mushroom Lair","floor":12,"turns":3},{"damage":6,"enemies":"Looter","floor":13,"turns":2},{"damage":6,"enemies":"Red Slaver","floor":14,"turns":2},{"damage":6,"enemies":"Slime Boss","floor":16,"turns":4},{"damage":30,"enemies":"2 Thieves","floor":18,"turns":5},{"damage":13,"enemies":"Spheric Guardian","floor":19,"turns":3},{"damage":16,"enemies":"Snecko","floor":22,"turns":4},{"damage":32,"enemies":"Slavers","floor":25,"turns":5},{"damage":49,"enemies":"Replay:Snechameleon","floor":27,"turns":5},{"damage":22,"enemies":"Chosen and Byrds","floor":29,"turns":5},{"damage":62,"enemies":"Collector","floor":33,"turns":5},{"damage":49,"enemies":"3 Darklings","floor":35,"turns":3},{"damage":6,"enemies":"3 Shapes","floor":36,"turns":4},{"damage":21,"enemies":"Spire Growth","floor":38,"turns":3},{"damage":44,"enemies":"Jaw Worm Horde","floor":41,"turns":3},{"damage":60,"enemies":"Nemesis","floor":42,"turns":5},{"damage":19,"enemies":"R_Hoarder","floor":44,"turns":3},{"damage":6,"enemies":"Transient","floor":47,"turns":5},{"damage":38,"enemies":"Replay:Hell Engine","floor":50,"turns":4},{"damage":23,"enemies":"Shield and Spear","floor":54,"turns":3},{"damage":79,"enemies":"The Heart","floor":55,"turns":4}],"seed_played":"-1413534912530579284","potions_obtained":[{"floor":12,"key":"construct:ShiftPotion"},{"floor":13,"key":"Energy Potion"},{"floor":14,"key":"EssenceOfSteel"},{"floor":16,"key":"SpeedPotion"},{"floor":22,"key":"Regen Potion"},{"floor":27,"key":"EssenceOfSteel"},{"floor":38,"key":"PowerPotion"}],"is_trial":false,"path_per_floor":["M","?","M","?","T","R","E","M","T","M","$","?","M","M","R_BF","B",null,"M","M","?","$","M","R","$","E","T","E","R","M","R","T","R_BF","B",null,"M","M","?","M","$","R","M","E","T","E","$","?","M","?","R","B",null,"R","$","E","B",null],"character_chosen":"IRONCLAD","items_purchased":["Offering+1","Havoc","ReplayTheSpireMod:Strike From Hell","Pummel","ReplayTheSpireMod:Limb From Limb"],"campfire_rested":2,"item_purchase_floors":[11,21,21,21,53],"current_hp_per_floor":[83,83,80,80,80,80,27,36,36,32,32,26,29,32,32,35,85,85,85,85,85,85,85,85,85,85,85,85,81,81,81,81,59,85,85,85,85,85,85,85,77,57,57,74,74,74,85,85,85,65,85,85,85,80,59],"gold":146,"neow_bonus":"RANDOM_EVENT","is_daily":false,"chose_seed":false,"campfire_upgraded":2,"win_rate":0.0,"timestamp":1613509097,"path_taken":["M","?","M","?","?","R","E","M","T","M","$","?","M","M","R_BF","BOSS","M","M","?","?","M","R","$","E","T","E","R","M","R","?","R_BF","BOSS","M","M","?","M","$","R","M","E","T","E","$","?","?","?","R","BOSS","R","$","E","BOSS"],"items_purchased_type":["Card","Card","Card","Card","Card"],"build_version":"2020-12-22","purchased_purges":2,"victory":true,"max_hp_per_floor":[85,85,85,85,85,85,85,85,85,85,85,85,85,85,85,85,85,85,85,85,85,85,85,85,85,85,85,85,85,85,85,85,85,85,85,85,85,85,85,85,85,85,85,85,85,85,85,85,85,85,85,85,85,85,85],"card_choices":[{"not_picked":["Thunderclap","Warcry"],"picked":"Havoc","floor":1},{"not_picked":["Thunderclap","Rupture"],"picked":"Havoc","floor":3},{"not_picked":["Cleave","Body Slam"],"picked":"Shrug It Off","floor":7},{"not_picked":["Body Slam","Thunderclap"],"picked":"Clash","floor":8},{"not_picked":["Carnage","Sword Boomerang"],"picked":"Replay:Undeath\u0027s Touch","floor":10},{"not_picked":["Replay:Undeath\u0027s Touch","Second Wind"],"picked":"Shockwave","floor":12},{"not_picked":["Massacre","Headbutt"],"picked":"Replay:Many Hands","floor":13},{"not_picked":["Havoc","Body Slam"],"picked":"ReplayTheSpireMod:Corrosion Curse","floor":14},{"not_picked":["Berserk","Brutality"],"picked":"Reaper","floor":16},{"not_picked":["ReplayTheSpireMod:LeadingStrike","Clothesline"],"picked":"Rupture","floor":18},{"not_picked":["Sever Soul","Massacre","Uppercut"],"picked":"SKIP","floor":19},{"not_picked":["Second Wind","Wild Strike","Headbutt"],"picked":"SKIP","floor":22},{"not_picked":["Life Link","Pommel Strike"],"picked":"Seeing Red","floor":25},{"not_picked":["Twin Strike+1","Juggernaut","Entrench"],"picked":"SKIP","floor":27},{"not_picked":["Infernal Blade","Headbutt+1"],"picked":"Replay:Undeath\u0027s Touch","floor":29},{"not_picked":["Reaper","Juggernaut","Immolate"],"picked":"Corruption","floor":33},{"not_picked":["Clothesline","Whirlwind","Metallicize","Shockwave"],"picked":"SKIP","floor":35},{"not_picked":["Uppercut","Flex+1","Shrug It Off+1"],"picked":"ReplayTheSpireMod:Strike From Hell+1","floor":36},{"not_picked":["Run Through+1","True Grit","Reckless Charge"],"picked":"Dual Wield+1","floor":38},{"not_picked":["ReplayTheSpireMod:Strike From Hell+1","Sentinel","Iron Wave"],"picked":"Battle Trance","floor":41},{"not_picked":["Clash","Immolate","Battle Trance"],"picked":"Replay:Many Hands","floor":42},{"not_picked":["Rampage+1","Thunderclap","Run Through"],"picked":"Battle Trance+1","floor":44},{"not_picked":["Pummel","Perfected Strike+1","ReplayTheSpireMod:Strike From Hell+1"],"picked":"Replay:Undeath\u0027s Touch+1","floor":47},{"not_picked":["Run Through","Combust","Rampage+1"],"picked":"Replay:Undeath\u0027s Touch+1","floor":54}],"player_experience":1121779,"relics_obtained":[{"floor":5,"key":"Girya"},{"floor":7,"key":"Magic Flower"},{"floor":9,"key":"Another Sword"},{"floor":12,"key":"Odd Mushroom"},{"floor":25,"key":"Ginger"},{"floor":27,"key":"Meat on the Bone"},{"floor":31,"key":"Question Card"},{"floor":42,"key":"Singing Bowl"},{"floor":43,"key":"Toy Ornithopter"},{"floor":44,"key":"War Paint"},{"floor":54,"key":"Replay:Bandana"}],"event_choices":[{"damage_healed":0,"gold_gain":0,"player_choice":"Donut","damage_taken":0,"max_hp_gain":5,"max_hp_loss":0,"event_name":"Big Fish","floor":0,"gold_loss":0},{"cards_removed":["Defend_R"],"damage_healed":0,"gold_gain":0,"player_choice":"Card Removal","damage_taken":0,"max_hp_gain":0,"max_hp_loss":0,"event_name":"The Cleric","floor":4,"gold_loss":50},{"damage_healed":0,"gold_gain":0,"player_choice":"Fought Mushrooms","damage_taken":0,"max_hp_gain":0,"max_hp_loss":0,"event_name":"Mushrooms","floor":12,"gold_loss":0},{"cards_removed":["Strike_R"],"damage_healed":0,"gold_gain":0,"player_choice":"Purged","damage_taken":0,"max_hp_gain":0,"max_hp_loss":0,"event_name":"Purifier","floor":20,"gold_loss":0},{"damage_healed":0,"gold_gain":0,"player_choice":"Paid","damage_taken":0,"relics_obtained":["Red Mask"],"max_hp_gain":0,"max_hp_loss":0,"event_name":"Tomb of Lord Red Mask","floor":37,"gold_loss":235},{"damage_healed":0,"gold_gain":100,"player_choice":"Pray","damage_taken":0,"max_hp_gain":0,"max_hp_loss":0,"event_name":"Golden Shrine","floor":46,"gold_loss":0},{"damage_healed":0,"gold_gain":0,"player_choice":"Ignored","damage_taken":0,"max_hp_gain":0,"max_hp_loss":0,"event_name":"SecretPortal","floor":48,"gold_loss":0}],"is_beta":false,"boss_relics":[{"not_picked":["Snecko Eye","Ectoplasm"],"picked":"Black Blood"},{"not_picked":["construct:ClawGrip","ChewingGum"],"picked":"Fusion Hammer"}],"items_purged_floors":[21,45],"is_endless":false,"potions_floor_spawned":[12,13,14,16,19,22,27,33,36,38,41,47],"ascension_level":2}}