{"host":"bdah08t7zwmeo3sv","time":1613483504,"event":{"mods":["2.2 Compatiblity","Act Like it!","BaseMod","Colored Map","Colored Powertips","Minty Spire (QoL Compilation)","Quick Restart","StSLib","The Cursed","everything is the same but u backflip on backflip"],"gold_per_floor":[115,69,89,19,19,51,51,85,85,85,99,99,99,118,118,118,118],"floor_reached":16,"language":"ENG","playtime":449,"items_purged":[],"score":133,"play_id":"6e7c39b2-a68b-4bdf-b1f3-66b094bb1f91","local_time":"20210216145144","is_ascension_mode":false,"campfire_choices":[{"floor":10,"key":"RECALL"},{"data":"TheCursedMod:CircleOfFlame","floor":13,"key":"SMITH"},{"data":"TheCursedMod:CursedMace","floor":15,"key":"SMITH"}],"circlet_count":0,"master_deck":["TheCursedMod:Strike_TheCursed","TheCursedMod:Strike_TheCursed","TheCursedMod:Strike_TheCursed","TheCursedMod:Strike_TheCursed","TheCursedMod:Defend_TheCursed","TheCursedMod:Defend_TheCursed","TheCursedMod:Defend_TheCursed","TheCursedMod:Defend_TheCursed","TheCursedMod:CursedWand","TheCursedMod:CleanUpWorkshop","TheCursedMod:Dregs","TheCursedMod:VitalStrike","TheCursedMod:CircleOfFlame+1","TheCursedMod:SmokeScreen","TheCursedMod:CursedMace+1","TheCursedMod:SurpriseAttack","TheCursedMod:Wield","TheCursedMod:Torture"],"relics":["TheCursedMod:BlackMagic101","NeowsBlessing","Sundial","Anchor","Toy Ornithopter","Oddly Smooth Stone"],"acts_visited":["Exordium"],"potions_floor_usage":[8,14],"damage_taken":[{"damage":0,"enemies":"Jaw Worm","floor":1,"turns":1},{"damage":0,"enemies":"2 Louse","floor":3,"turns":1},{"damage":0,"enemies":"Gremlin Nob","floor":6,"turns":1},{"damage":8,"enemies":"Lagavulin","floor":8,"turns":5},{"damage":0,"enemies":"Cultist","floor":11,"turns":3},{"damage":0,"enemies":"Gremlin Gang","floor":14,"turns":2},{"damage":76,"enemies":"Hexaghost","floor":16,"turns":11}],"seed_played":"-8691801594651256017","potions_obtained":[{"floor":1,"key":"Explosive Potion"},{"floor":6,"key":"DuplicationPotion"}],"is_trial":false,"path_per_floor":["M","$","M","$","?","E","?","E","T","R","M","?","R","M","R","B"],"character_chosen":"THE_CURSED","items_purchased":["TheCursedMod:CircleOfFlame","TheCursedMod:CursedStaff"],"campfire_rested":0,"item_purchase_floors":[2,4],"current_hp_per_floor":[75,75,75,75,72,72,72,64,64,64,64,75,75,75,75,0,0],"gold":118,"neow_bonus":"THREE_ENEMY_KILL","is_daily":false,"chose_seed":false,"campfire_upgraded":2,"win_rate":0.0,"timestamp":1613483504,"path_taken":["M","$","M","$","?","E","?","E","T","R","M","?","R","M","R","BOSS"],"items_purchased_type":["Card","Card"],"build_version":"2020-12-22","purchased_purges":0,"victory":false,"max_hp_per_floor":[75,75,75,75,75,75,75,75,75,75,75,75,75,75,75,75,75],"card_choices":[{"not_picked":["TheCursedMod:Evocation","TheCursedMod:SoulReap"],"picked":"TheCursedMod:VitalStrike","floor":1},{"not_picked":["TheCursedMod:FleshFromBone","TheCursedMod:WearCloak"],"picked":"TheCursedMod:SmokeScreen","floor":3},{"not_picked":["TheCursedMod:DoubleShield","TheCursedMod:RapidMovement"],"picked":"TheCursedMod:CursedMace","floor":6},{"not_picked":["TheCursedMod:Torture","TheCursedMod:FleshFromBone"],"picked":"TheCursedMod:SurpriseAttack","floor":8},{"not_picked":["TheCursedMod:ShockAndAwe","TheCursedMod:SpreadPlague"],"picked":"TheCursedMod:Wield","floor":11},{"not_picked":["TheCursedMod:CursedShiv","TheCursedMod:Obscuration"],"picked":"TheCursedMod:Torture","floor":14}],"player_experience":45526,"relics_obtained":[{"floor":6,"key":"Anchor"},{"floor":8,"key":"Toy Ornithopter"},{"floor":9,"key":"Oddly Smooth Stone"}],"event_choices":[{"damage_healed":0,"gold_gain":0,"player_choice":"Success","damage_taken":3,"relics_obtained":["Sundial"],"max_hp_gain":0,"max_hp_loss":0,"event_name":"Scrap Ooze","floor":5,"gold_loss":0},{"damage_healed":0,"gold_gain":0,"player_choice":"Leave","damage_taken":0,"max_hp_gain":0,"max_hp_loss":0,"event_name":"The Cleric","floor":7,"gold_loss":0},{"cards_removed":["TheCursedMod:CursedStaff"],"damage_healed":11,"gold_gain":0,"player_choice":"Offered Uncommon","damage_taken":0,"max_hp_gain":0,"max_hp_loss":0,"event_name":"Bonfire Elementals","floor":12,"gold_loss":0}],"is_beta":false,"boss_relics":[],"items_purged_floors":[],"is_endless":false,"potions_floor_spawned":[1,6],"killed_by":"Hexaghost","ascension_level":0}}