{"host":"opdum64sdiqzxm7l","time":1613482560,"event":{"mods":["Act Like it!","Aspiration","BaseMod","Conspire","Friendly Minions","Jedi Mod","Kiyohime£®«Âºß£©","Minty Spire (QoL Compilation)","MostiFishMod","Pale of the Ancients","Reliquary","Replay The Spire","StSLib","The Marked","Waifu the Spire","Yuri Mod","°æπ¶ƒ‹Mod°øªÏ„Á÷Æª∑–ﬁ∏¥≤π∂°","°æ“≈ŒÔø®≈∆°øREMEMod"],"gold_per_floor":[115,37,49,11,26,53,53,53,107,107,33,46,78,98,98,98,98],"floor_reached":16,"language":"ZHS","playtime":582,"items_purged":["theMarked:Strike"],"score":110,"play_id":"c048f2c7-c04d-481d-932a-0b2b47b9d257","local_time":"20210216213600","is_ascension_mode":false,"campfire_choices":[{"data":"theMarked:EternalStudent","floor":8,"key":"SMITH"},{"data":"theMarked:Panic","floor":15,"key":"SMITH"}],"circlet_count":0,"master_deck":["theMarked:Strike","theMarked:Defend","theMarked:Defend+1","theMarked:Defend+1","theMarked:SoldierOfQuellstein","conspire:Purge","theMarked:Improvise","theMarked:WastefulAttack","theMarked:TunnelVision","theMarked:EternalStudent+1","theMarked:Panic+1","theMarked:Parry"],"relics":["theMarked:ArtifactOfAir","REME_ComplimentaryCards","DaveBox","NeowsBlessing","Membership Card","Juzu Bracelet","jedi:cryingmask","SynthV:C4","BrkXgEgg","Replay:WaspNest"],"acts_visited":["Exordium"],"potions_floor_usage":[13],"damage_taken":[{"damage":0,"enemies":"2 Louse","floor":1,"turns":4},{"damage":6,"enemies":"Jaw Worm","floor":3,"turns":2},{"damage":7,"enemies":"conspire:RoseBush","floor":5,"turns":1},{"damage":25,"enemies":"Replay:BlueRogue","floor":6,"turns":5},{"damage":0,"enemies":"2 Fungi Beasts","floor":12,"turns":2},{"damage":40,"enemies":"Gremlin Nob","floor":13,"turns":4},{"damage":10,"enemies":"Looter","floor":14,"turns":2},{"damage":13,"enemies":"The Guardian","floor":16,"turns":9}],"seed_played":"-3490821823588725914","potions_obtained":[{"floor":3,"key":"Strength Potion"},{"floor":6,"key":"FairyPotion"}],"is_trial":false,"path_per_floor":["M","$","M","$","M","E","?","R","T","?","$","M","E","M","R","B"],"character_chosen":"THE_DEFAULT","items_purchased":["Juzu Bracelet","BrkXgEgg"],"campfire_rested":0,"item_purchase_floors":[2,11],"current_hp_per_floor":[70,70,64,64,57,32,18,18,18,35,35,35,21,11,11,0,0],"gold":98,"neow_bonus":"THREE_ENEMY_KILL","is_daily":false,"chose_seed":false,"campfire_upgraded":2,"win_rate":0.0,"timestamp":1613482560,"path_taken":["M","$","M","$","M","E","?","R","T","?","$","M","E","M","R","BOSS"],"items_purchased_type":["Relic","Relic"],"build_version":"2020-12-22","purchased_purges":1,"victory":false,"max_hp_per_floor":[70,70,70,70,70,70,70,70,70,70,70,70,70,70,70,67,67],"card_choices":[{"not_picked":["theMarked:HeightenedSenses","theMarked:Friction"],"picked":"theMarked:Improvise","floor":1},{"not_picked":["theMarked:Parkour","theMarked:Aftermath"],"picked":"theMarked:WastefulAttack","floor":3},{"not_picked":["theMarked:HeightenedSenses","theMarked:Improvise"],"picked":"theMarked:TunnelVision","floor":5},{"not_picked":["theMarked:ChannelForce","theMarked:EmpowerWeapon"],"picked":"theMarked:EternalStudent","floor":6},{"not_picked":["theMarked:Polarize","theMarked:KeepCalmAndFight"],"picked":"theMarked:Panic","floor":12},{"not_picked":["theMarked:Parkour","theMarked:Heritage","theMarked:RogueSparks"],"picked":"SKIP","floor":13},{"not_picked":["theMarked:WastefulAttack","theMarked:ResourceFulStrike"],"picked":"theMarked:Parry","floor":14}],"player_experience":1951,"relics_obtained":[{"floor":6,"key":"jedi:cryingmask"},{"floor":9,"key":"SynthV:C4"},{"floor":13,"key":"Replay:WaspNest"}],"event_choices":[{"damage_healed":0,"gold_gain":0,"player_choice":"Entered Light","damage_taken":14,"max_hp_gain":0,"max_hp_loss":0,"event_name":"Shining Light","floor":7,"gold_loss":0,"cards_upgraded":["theMarked:Defend","theMarked:Defend"]},{"damage_healed":17,"gold_gain":0,"player_choice":"Healed and dodged fight","damage_taken":0,"max_hp_gain":0,"max_hp_loss":0,"event_name":"Mushrooms","floor":10,"gold_loss":0,"cards_obtained":["Parasite"]}],"is_beta":false,"boss_relics":[],"items_purged_floors":[4],"is_endless":false,"potions_floor_spawned":[3,6],"killed_by":"The Guardian","ascension_level":0}}