{"host":"g7sxcfouz24f0psv","time":1613492334,"event":{"mods":["BaseMod","Hermit","Minty Spire (QoL Compilation)","StSLib","The Cursed"],"gold_per_floor":[114,125,56,73,93,93,126,126,126,126,145,163,163,175,175,271,271,284,295,62,82,82,82,82],"floor_reached":23,"language":"ENG","playtime":1403,"items_purged":[],"score":195,"play_id":"d9792734-a67b-41b6-b4bb-c9434526f51b","local_time":"20210216171854","is_ascension_mode":false,"campfire_choices":[{"data":"Fusion","floor":6,"key":"SMITH"},{"floor":8,"key":"REST"},{"data":"Amplify","floor":10,"key":"SMITH"},{"data":"Hologram","floor":13,"key":"SMITH"},{"floor":15,"key":"REST"}],"circlet_count":0,"master_deck":["Strike_B","Strike_B","Strike_B","Defend_B","Defend_B","Defend_B","Defend_B","Zap","Dualcast","Redo","Double Energy","Capacitor","Fusion+1","Ball Lightning","Ball Lightning","Amplify+1","Hologram+1","Redo","Beam Cell","Electrodynamics","Hologram+1","Genetic Algorithm","Conserve Battery","Barrage","Shame"],"relics":["Cracked Core","Bag of Marbles","Bottled Lightning","Nuclear Battery","Bronze Scales","Bird Faced Urn"],"acts_visited":["Exordium","TheCity"],"potions_floor_usage":[5,12,16,16],"damage_taken":[{"damage":8,"enemies":"Small Slimes","floor":1,"turns":3},{"damage":0,"enemies":"Cultist","floor":2,"turns":2},{"damage":2,"enemies":"2 Louse","floor":4,"turns":4},{"damage":9,"enemies":"Blue Slaver","floor":5,"turns":5},{"damage":25,"enemies":"3 Sentries","floor":7,"turns":6},{"damage":8,"enemies":"Red Slaver","floor":11,"turns":3},{"damage":8,"enemies":"Lots of Slimes","floor":12,"turns":3},{"damage":6,"enemies":"Large Slime","floor":14,"turns":4},{"damage":49,"enemies":"The Guardian","floor":16,"turns":10},{"damage":33,"enemies":"Shell Parasite","floor":18,"turns":6},{"damage":5,"enemies":"Chosen","floor":19,"turns":4},{"damage":32,"enemies":"Snake Plant","floor":21,"turns":4},{"damage":9,"enemies":"Slavers","floor":23,"turns":1}],"seed_played":"8511352253577313916","potions_obtained":[{"floor":2,"key":"Weak Potion"},{"floor":4,"key":"SneckoOil"},{"floor":7,"key":"LiquidBronze"},{"floor":11,"key":"SteroidPotion"},{"floor":21,"key":"SkillPotion"}],"is_trial":false,"path_per_floor":["M","M","$","M","M","R","E","R","T","R","M","M","R","M","R","B",null,"M","M","$","M","?","E"],"character_chosen":"DEFECT","items_purchased":["Fusion","Bronze Scales","Genetic Algorithm","Conserve Battery"],"campfire_rested":2,"item_purchase_floors":[3,20,20,20],"current_hp_per_floor":[67,67,67,65,56,56,31,53,53,53,45,37,37,31,53,4,75,42,37,37,5,5,0,0],"gold":82,"neow_bonus":"TRANSFORM_CARD","is_daily":false,"chose_seed":false,"campfire_upgraded":3,"win_rate":0.0,"timestamp":1613492334,"path_taken":["M","M","$","M","M","R","E","R","T","R","M","M","R","M","R","BOSS","M","M","$","M","?","E"],"items_purchased_type":["Card","Relic","Card","Card"],"build_version":"2020-12-22","purchased_purges":0,"victory":false,"max_hp_per_floor":[75,75,75,75,75,75,75,75,75,75,75,75,75,75,75,75,75,75,75,75,75,75,75,75],"card_choices":[{"not_picked":["Coolheaded","Beam Cell"],"picked":"Double Energy","floor":1},{"not_picked":["Gash","Rebound"],"picked":"Capacitor","floor":2},{"not_picked":["Go for the Eyes","Stack"],"picked":"Ball Lightning","floor":4},{"not_picked":["Compile Driver","Undo"],"picked":"Ball Lightning","floor":5},{"not_picked":["Sweeping Beam","Self Repair"],"picked":"Amplify","floor":7},{"not_picked":["Stack","Beam Cell"],"picked":"Hologram","floor":11},{"not_picked":["Hologram","Leap"],"picked":"Redo","floor":12},{"not_picked":["Undo","Force Field"],"picked":"Beam Cell","floor":14},{"not_picked":["Reboot","Echo Form"],"picked":"Electrodynamics","floor":16},{"not_picked":["Cold Snap","Auto Shields","Streamline"],"picked":"SKIP","floor":18},{"not_picked":["Sweeping Beam+1","Amplify"],"picked":"Hologram+1","floor":19},{"not_picked":["Stack","Redo"],"picked":"Barrage","floor":21}],"player_experience":65269,"relics_obtained":[{"floor":7,"key":"Bag of Marbles"},{"floor":9,"key":"Bottled Lightning"}],"event_choices":[{"damage_healed":0,"gold_gain":0,"player_choice":"Stole Relic","damage_taken":0,"relics_obtained":["Bird Faced Urn"],"max_hp_gain":0,"max_hp_loss":0,"event_name":"Addict","floor":22,"gold_loss":0,"cards_obtained":["Shame"]}],"is_beta":false,"boss_relics":[{"not_picked":["FrozenCore","Black Star"],"picked":"Nuclear Battery"}],"items_purged_floors":[],"is_endless":false,"potions_floor_spawned":[2,4,7,11,21],"killed_by":"Slavers","ascension_level":0}}