{"host":"dfmye4k1m09gk7de","time":1613511558,"event":{"mods":["AchievementEnabler","AlwaysNeverKeys","BaseMod","Bestiary","Better Altar","Better Match","Better Note","Better Sensory Stone","Better Skull","Better Third Choice","Better Vampires","Block Reminder","Colored Map","Colored Powertips","Highlight Path","Minty Spire (QoL Compilation)","Permanent Neow","Quick Restart","Rare Cards Sparkle","Relic Sorter","StSLib","Synergy Search"],"gold_per_floor":[18,30,0,0,19,19,83,99,123,148,73,73,95,107,107,208,208,223,85,103,103,123,133,183,183,183,183,196,196,214,226,226,327,327,339,358,377,377,427,427,83,83,83,101,101,101,119,167,167,167,167,167,22,49,49],"floor_reached":56,"language":"ENG","playtime":3260,"items_purged":["Defend_P","Defend_P"],"score":1274,"play_id":"4784cf84-be04-4b77-897c-8548755fc79b","local_time":"20210216193918","is_ascension_mode":false,"campfire_choices":[{"data":"Eruption","floor":6.0,"key":"SMITH"},{"data":"ClearTheMind","floor":15.0,"key":"SMITH"},{"data":"Halt","floor":27.0,"key":"SMITH"},{"data":"Perseverance","floor":29.0,"key":"SMITH"},{"floor":32.0,"key":"REST"},{"data":"BattleHymn","floor":40.0,"key":"SMITH"},{"data":"Consecrate","floor":42.0,"key":"SMITH"},{"data":"EmptyFist","floor":46.0,"key":"SMITH"},{"floor":49.0,"key":"REST"},{"floor":52.0,"key":"REST"}],"circlet_count":0,"master_deck":["Strike_P+1","Strike_P+1","Eruption+1","Vigilance+1","SignatureMove+1","SpiritShield+1","Perseverance+1","EmptyBody+1","Enlightenment+1","Consecrate+1","Halt+1","FlurryOfBlows+1","MentalFortress+1","ClearTheMind+1","LessonLearned+1","Tantrum+1","BattleHymn+1","DeceiveReality+1","FollowUp+1","ConjureBlade+1","Crescendo+1","EmptyFist+1","Sanctity+1","Evaluate+1","Secret Technique+1","Vault+1"],"relics":["PureWater","Lantern","Anchor","Question Card","Odd Mushroom","Empty Cage","Toxic Egg 2","Kunai","Busted Crown","Torii","Bronze Scales","Pear","Prayer Wheel","Oddly Smooth Stone","Bottled Flame"],"acts_visited":["Exordium","TheCity","TheBeyond","TheEnding"],"potions_floor_usage":[55,55],"damage_taken":[{"damage":0.0,"enemies":"Small Slimes","floor":1.0,"turns":2.0},{"damage":0.0,"enemies":"2 Louse","floor":2.0,"turns":2.0},{"damage":4.0,"enemies":"Jaw Worm","floor":5.0,"turns":4.0},{"damage":1.0,"enemies":"Lagavulin Event","floor":7.0,"turns":5.0},{"damage":5.0,"enemies":"Exordium Thugs","floor":8.0,"turns":3.0},{"damage":0.0,"enemies":"3 Sentries","floor":10.0,"turns":8.0},{"damage":7.0,"enemies":"The Mushroom Lair","floor":13.0,"turns":5.0},{"damage":0.0,"enemies":"2 Fungi Beasts","floor":14.0,"turns":3.0},{"damage":24.0,"enemies":"Hexaghost","floor":16.0,"turns":9.0},{"damage":0.0,"enemies":"Chosen","floor":18.0,"turns":3.0},{"damage":0.0,"enemies":"2 Thieves","floor":20.0,"turns":3.0},{"damage":10.0,"enemies":"Centurion and Healer","floor":22.0,"turns":5.0},{"damage":3.0,"enemies":"Snecko","floor":23.0,"turns":7.0},{"damage":5.0,"enemies":"Shelled Parasite and Fungi","floor":28.0,"turns":5.0},{"damage":11.0,"enemies":"Snake Plant","floor":30.0,"turns":6.0},{"damage":25.0,"enemies":"Centurion and Healer","floor":31.0,"turns":4.0},{"damage":27.0,"enemies":"Automaton","floor":33.0,"turns":6.0},{"damage":0.0,"enemies":"3 Darklings","floor":35.0,"turns":4.0},{"damage":0.0,"enemies":"Orb Walker","floor":36.0,"turns":3.0},{"damage":1.0,"enemies":"Maw","floor":37.0,"turns":8.0},{"damage":28.0,"enemies":"Mind Bloom Boss Battle","floor":39.0,"turns":6.0},{"damage":11.0,"enemies":"Jaw Worm Horde","floor":44.0,"turns":3.0},{"damage":0.0,"enemies":"Transient","floor":47.0,"turns":5.0},{"damage":19.0,"enemies":"2 Orb Walkers","floor":48.0,"turns":4.0},{"damage":75.0,"enemies":"Time Eater","floor":50.0,"turns":11.0},{"damage":16.0,"enemies":"Shield and Spear","floor":54.0,"turns":9.0},{"damage":68,"enemies":"The Heart","floor":55,"turns":10}],"seed_played":"-4909324964149458240","potions_obtained":[{"floor":2.0,"key":"FearPotion"},{"floor":7.0,"key":"Weak Potion"},{"floor":16.0,"key":"Energy Potion"},{"floor":20.0,"key":"SpeedPotion"},{"floor":21.0,"key":"FairyPotion"},{"floor":21.0,"key":"Fire Potion"},{"floor":37.0,"key":"Strength Potion"},{"floor":39.0,"key":"PowerPotion"}],"is_trial":false,"path_per_floor":["M","M","?","?","M","R","?","M","T","E","$","?","?","M","R","B",null,"M","$","M","?","M","M","?","T","T","R","M","R","M","M","R","B",null,"M","M","M","?","?","R","$","R","T","M","$","R","M","?","R","B",null,"R","$","E","B",null],"character_chosen":"WATCHER","items_purchased":["BattleHymn","Bronze Scales","Secret Technique+1","Oddly Smooth Stone"],"campfire_rested":3,"item_purchase_floors":[19,41,41,53],"current_hp_per_floor":[72,72,78,62,58,58,57,52,52,52,52,52,45,45,45,21,78,78,78,78,78,68,65,65,65,65,65,60,60,49,24,47,20,78,78,78,77,77,49,49,49,49,59,48,48,48,48,29,55,20,88,88,88,72,4],"gold":49,"neow_bonus":"TRANSFORM_TWO_CARDS","is_daily":false,"chose_seed":false,"campfire_upgraded":7,"win_rate":0.0,"timestamp":1613511558,"path_taken":["M","M","?","?","M","R","?","?","T","E","$","?","?","M","R","BOSS","M","$","M","?","?","M","?","?","T","R","M","R","M","M","R","BOSS","M","M","M","?","?","R","?","R","T","M","?","R","?","?","R","BOSS","R","$","E","BOSS"],"items_purchased_type":["Card","Relic","Card","Relic"],"build_version":"2020-12-22","purchased_purges":2,"victory":true,"max_hp_per_floor":[72,72,78,78,78,78,78,78,78,78,78,78,78,78,78,78,78,78,78,78,78,78,78,78,78,78,78,78,78,78,78,78,78,78,78,78,78,78,78,78,78,78,88,88,88,88,88,88,88,88,88,88,88,88,88],"card_choices":[{"not_picked":["Protect","ClearTheMind"],"picked":"Perseverance","floor":1.0},{"not_picked":["FlurryOfBlows","ClearTheMind"],"picked":"EmptyBody","floor":2.0},{"not_picked":["CrushJoints","PathToVictory"],"picked":"Consecrate","floor":5.0},{"not_picked":["SandsOfTime","Study"],"picked":"Halt","floor":8.0},{"not_picked":["Prostrate","FollowUp"],"picked":"FlurryOfBlows","floor":10.0},{"not_picked":["Study","Indignation","WindmillStrike"],"picked":"MentalFortress","floor":13.0},{"not_picked":["SignatureMove","ReachHeaven","Pray"],"picked":"ClearTheMind","floor":14.0},{"not_picked":["Establishment","Devotion","DeusExMachina"],"picked":"LessonLearned","floor":16.0},{"not_picked":["ThirdEye","Halt","BattleHymn"],"picked":"Tantrum+1","floor":18.0},{"not_picked":["CrushJoints","CutThroughFate","WreathOfFlame"],"picked":"DeceiveReality+1","floor":20.0},{"not_picked":["CutThroughFate","Adaptation","JustLucky"],"picked":"FollowUp+1","floor":22.0},{"not_picked":["WreathOfFlame","Halt","CrushJoints","EmptyBody"],"picked":"SKIP","floor":23.0},{"not_picked":["WindmillStrike","FlurryOfBlows","CutThroughFate"],"picked":"ConjureBlade+1","floor":28.0},{"not_picked":["CrushJoints","ThirdEye+1","Consecrate"],"picked":"Crescendo+1","floor":30.0},{"not_picked":["Protect+1","Sanctity+1","CutThroughFate","PathToVictory+1"],"picked":"SKIP","floor":31.0},{"not_picked":["Worship+1"],"picked":"EmptyFist","floor":35.0},{"not_picked":["CrushJoints"],"picked":"Sanctity+1","floor":36.0},{"not_picked":["ThirdEye+1","Wireheading+1"],"picked":"SKIP","floor":37.0},{"not_picked":["Crescendo+1"],"picked":"Evaluate+1","floor":39.0},{"not_picked":["Vengeance+1","ThirdEye+1"],"picked":"SKIP","floor":44.0},{"not_picked":["ClearTheMind+1","Conclude"],"picked":"SKIP","floor":47.0},{"not_picked":["Swivel+1"],"picked":"Vault+1","floor":48.0},{"not_picked":["Consecrate+1","FollowUp"],"picked":"SKIP","floor":54.0}],"player_experience":106868,"relics_obtained":[{"floor":7.0,"key":"Lantern"},{"floor":9.0,"key":"Anchor"},{"floor":10.0,"key":"Question Card"},{"floor":13.0,"key":"Odd Mushroom"},{"floor":25.0,"key":"Toxic Egg 2"},{"floor":26.0,"key":"Kunai"},{"floor":39.0,"key":"Torii"},{"floor":43.0,"key":"Pear"},{"floor":48.0,"key":"Prayer Wheel"},{"floor":54.0,"key":"Bottled Flame"}],"event_choices":[{"damage_healed":0.0,"max_hp_gain":0.0,"max_hp_loss":0.0,"gold_gain":0.0,"event_name":"betterThird:BetterSerpent","player_choice":"RENOUNCE","floor":3.0,"gold_loss":30.0,"damage_taken":30.0,"cards_obtained":["Enlightenment"]},{"damage_healed":78.0,"max_hp_gain":0.0,"max_hp_loss":78.0,"gold_gain":0.0,"event_name":"betterThird:BetterShining","player_choice":"Upgrade","floor":4.0,"gold_loss":0.0,"damage_taken":16.0,"cards_upgraded":["Enlightenment","Strike_P"]},{"damage_healed":0.0,"max_hp_gain":0.0,"max_hp_loss":0.0,"gold_gain":30.0,"event_name":"Dead Adventurer","player_choice":"Searched \u00272\u0027 times","floor":7.0,"gold_loss":0.0,"damage_taken":0.0},{"damage_healed":0.0,"max_hp_gain":0.0,"max_hp_loss":0.0,"gold_gain":0.0,"event_name":"Living Wall","player_choice":"Grow","floor":12.0,"gold_loss":0.0,"damage_taken":0.0,"cards_upgraded":["Vigilance"]},{"damage_healed":0.0,"max_hp_gain":0.0,"max_hp_loss":0.0,"gold_gain":0.0,"event_name":"Mushrooms","player_choice":"Fought Mushrooms","floor":13.0,"gold_loss":0.0,"damage_taken":0.0},{"damage_healed":0.0,"max_hp_gain":0.0,"max_hp_loss":0.0,"gold_gain":0.0,"event_name":"Lab","player_choice":"Got Potions","floor":21.0,"gold_loss":0.0,"damage_taken":0.0},{"damage_healed":0.0,"max_hp_gain":0.0,"max_hp_loss":0.0,"gold_gain":100.0,"event_name":"The Joust","player_choice":"Bet on Murderer","floor":24.0,"gold_loss":50.0,"damage_taken":0.0},{"damage_healed":0.0,"max_hp_gain":0.0,"max_hp_loss":0.0,"gold_gain":3.0,"event_name":"betterStone:BetterStone","player_choice":"1","floor":38.0,"gold_loss":0.0,"damage_taken":0.0},{"damage_healed":0.0,"max_hp_gain":0.0,"max_hp_loss":0.0,"gold_gain":0.0,"event_name":"MindBloom","player_choice":"Fight","floor":39.0,"gold_loss":0.0,"damage_taken":0.0},{"damage_healed":0.0,"max_hp_gain":0.0,"max_hp_loss":0.0,"gold_gain":0.0,"event_name":"Mysterious Sphere","player_choice":"Fight","floor":48.0,"gold_loss":0.0,"damage_taken":0.0}],"is_beta":false,"boss_relics":[{"not_picked":["HolyWater","Velvet Choker"],"picked":"Empty Cage"},{"not_picked":["Coffee Dripper","Black Star"],"picked":"Busted Crown"}],"items_purged_floors":[11,19],"is_endless":false,"potions_floor_spawned":[2,7,16,20,30,35,37,39,47],"ascension_level":0}}