{"host":"hlz9nytggqnehs39","time":1613471023,"event":{"mods":["BaseMod","Highlight Path","Minty Spire (QoL Compilation)","Relic Stats"],"gold_per_floor":[10,10,27,46,58,58,83,83,83,53,53,53,66,79,79,79,79],"floor_reached":16,"language":"ENG","playtime":830,"items_purged":[],"score":207,"play_id":"d8d0fd91-686a-45ab-ba96-804a163b7e4f","local_time":"20210216112343","is_ascension_mode":true,"campfire_choices":[{"floor":6,"key":"REST"},{"data":"Finisher","floor":8,"key":"SMITH"},{"floor":15,"key":"REST"}],"circlet_count":0,"master_deck":["AscendersBane","Strike_G","Strike_G","Strike_G","Strike_G","Strike_G","Defend_G","Defend_G","Defend_G","Defend_G","Defend_G","Survivor+1","Neutralize+1","Leg Sweep+1","Finisher+1","Cloak And Dagger","Dagger Spray"],"relics":["Ring of the Snake","Tiny Chest","War Paint"],"acts_visited":["Exordium"],"potions_floor_usage":[7,7,11,11,16],"damage_taken":[{"damage":3,"enemies":"Cultist","floor":1,"turns":4},{"damage":7,"enemies":"Small Slimes","floor":3,"turns":7},{"damage":1,"enemies":"Jaw Worm","floor":4,"turns":5},{"damage":36,"enemies":"Exordium Wildlife","floor":5,"turns":9},{"damage":2,"enemies":"3 Sentries","floor":7,"turns":13},{"damage":32,"enemies":"Gremlin Nob","floor":11,"turns":6},{"damage":0,"enemies":"Looter","floor":13,"turns":4},{"damage":0,"enemies":"2 Fungi Beasts","floor":14,"turns":3},{"damage":36,"enemies":"Hexaghost","floor":16,"turns":14}],"seed_played":"189686766608354857","potions_obtained":[{"floor":3,"key":"Poison Potion"},{"floor":4,"key":"PowerPotion"},{"floor":10,"key":"SneckoOil"},{"floor":10,"key":"SmokeBomb"},{"floor":13,"key":"LiquidMemories"}],"is_trial":false,"path_per_floor":["M","?","M","M","M","R","E","R","T","?","E","$","M","M","R","B"],"character_chosen":"THE_SILENT","items_purchased":[],"campfire_rested":2,"item_purchase_floors":[],"current_hp_per_floor":[68,68,61,60,24,47,45,45,45,45,13,13,13,13,36,0,0],"gold":79,"neow_bonus":"TWENTY_PERCENT_HP_BONUS","is_daily":false,"chose_seed":false,"campfire_upgraded":1,"win_rate":0.0,"timestamp":1613471023,"path_taken":["M","?","M","M","M","R","E","R","T","?","E","$","M","M","R","BOSS"],"items_purchased_type":[],"build_version":"2020-12-22","purchased_purges":0,"victory":false,"max_hp_per_floor":[78,78,78,78,78,78,78,78,78,78,78,78,78,78,78,78,78],"relic_stats":{"counters":[9,65],"Tiny Chest":0,"War Paint":["Survivor","Leg Sweep"],"obtain_stats":[{"Tiny Chest":7,"War Paint":9,"Ring of the Snake":0},{"Tiny Chest":5,"War Paint":5,"Ring of the Snake":0},{"Tiny Chest":38,"War Paint":38,"Ring of the Snake":0}],"Ring of the Snake":[18]},"card_choices":[{"not_picked":["Dagger Throw","Catalyst"],"picked":"Leg Sweep","floor":1},{"not_picked":["Acrobatics","Cloak And Dagger"],"picked":"Finisher","floor":3},{"not_picked":["Slice","Quick Slash","Eviscerate"],"picked":"SKIP","floor":4},{"not_picked":["Acrobatics","Outmaneuver"],"picked":"Cloak And Dagger","floor":5},{"not_picked":["Poisoned Stab","Phantasmal Killer"],"picked":"Dagger Spray","floor":7},{"not_picked":["Flechettes","Dagger Throw","Bane"],"picked":"SKIP","floor":13},{"not_picked":["Quick Slash","A Thousand Cuts","Outmaneuver"],"picked":"SKIP","floor":14}],"player_experience":462928,"relics_obtained":[{"floor":7,"key":"Tiny Chest"},{"floor":9,"key":"War Paint"}],"event_choices":[{"damage_healed":0,"gold_gain":0,"player_choice":"Grow","damage_taken":0,"max_hp_gain":0,"max_hp_loss":0,"event_name":"Living Wall","floor":2,"gold_loss":0,"cards_upgraded":["Neutralize"]},{"damage_healed":0,"gold_gain":0,"player_choice":"Bought 2 Potions","damage_taken":0,"max_hp_gain":0,"max_hp_loss":0,"event_name":"The Woman in Blue","floor":10,"gold_loss":0}],"is_beta":false,"boss_relics":[],"items_purged_floors":[],"is_endless":false,"potions_floor_spawned":[3,4,11,13],"killed_by":"Hexaghost","ascension_level":17}}