{"host":"za1qviwhp34x909e","time":1613463091,"event":{"mods":["Act Like it!","BaseMod","Colored Map","Colored Powertips","Downfall","Highlight Path","Hubris","Koishi","Marisa????????","Minty Spire (QoL Compilation)","Quick Restart","Reimu??????","Replay The Spire","StSLib","The Servant 0.9.4"],"gold_per_floor":[109,126,138,152,152,152,178,178,178,178,178],"floor_reached":10,"language":"ENG","playtime":234,"items_purged":[],"score":75,"play_id":"39f3d068-cf6e-4a56-8493-7d9e60c91a47","local_time":"20210216021131","is_ascension_mode":true,"campfire_choices":[{"floor":6,"key":"REST"},{"floor":8,"key":"REST"}],"circlet_count":0,"master_deck":["Strike_S","Strike_S","Strike_S","Strike_S","Defend_S","Defend_S","Defend_S","Defend_S","KidneyShot","Exchange","ReturningBlade","GearUp","Deadline","ReturningBlade","Spin"],"relics":["Uniform","NeowsBlessing","Boot","Dream Catcher"],"acts_visited":["Exordium"],"potions_floor_usage":[4,7],"damage_taken":[{"damage":0,"enemies":"Jaw Worm","floor":1,"turns":1},{"damage":0,"enemies":"Small Slimes","floor":2,"turns":1},{"damage":0,"enemies":"Cultist","floor":3,"turns":2},{"damage":27,"enemies":"Lots of Slimes","floor":4,"turns":4},{"damage":23,"enemies":"Gremlin Nob","floor":7,"turns":4},{"damage":16,"enemies":"3 Sentries","floor":10,"turns":4}],"seed_played":"779605787570163039","potions_obtained":[{"floor":1,"key":"CultistPotion"},{"floor":2,"key":"LiquidBronze"},{"floor":3,"key":"Strength Potion"}],"is_trial":false,"path_per_floor":["M","M","M","M","?","R","E","R","T","E"],"character_chosen":"THE_SERVANT","items_purchased":[],"campfire_rested":2,"item_purchase_floors":[],"current_hp_per_floor":[65,65,65,38,5,24,1,20,20,4,4],"gold":178,"neow_bonus":"THREE_ENEMY_KILL","is_daily":false,"chose_seed":false,"campfire_upgraded":0,"win_rate":0.0,"timestamp":1613463091,"path_taken":["M","M","M","M","?","R","E","R","T","E"],"items_purchased_type":[],"build_version":"2020-12-22","purchased_purges":0,"victory":false,"max_hp_per_floor":[65,65,65,65,65,65,65,65,65,65,65],"card_choices":[{"not_picked":["Hightail","Starlight"],"picked":"ReturningBlade","floor":1},{"not_picked":["Replace","Rearm"],"picked":"GearUp","floor":2},{"not_picked":["DoubleEdge","ShatteredReality"],"picked":"Deadline","floor":3},{"not_picked":["LightFlow","Rearm"],"picked":"ReturningBlade","floor":4},{"not_picked":["DoubleEdge","ReturningBlade"],"picked":"Spin","floor":7}],"player_experience":746547,"relics_obtained":[{"floor":7,"key":"Boot"},{"floor":9,"key":"Dream Catcher"}],"event_choices":[{"damage_healed":0,"gold_gain":0,"player_choice":"Fled","damage_taken":33,"max_hp_gain":0,"max_hp_loss":0,"event_name":"Scrap Ooze","floor":5,"gold_loss":0}],"is_beta":false,"boss_relics":[],"items_purged_floors":[],"is_endless":false,"potions_floor_spawned":[1,2,3],"killed_by":"3 Sentries","ascension_level":2}}