{"host":"ox77rn1xcurm2t5a","time":1613434762,"event":{"mods":["2.2 Compatiblity","AchievementEnabler","Act Like it!","Aspiration","BaseMod","Best Route Mod","Better Match","Better Note","Better Sensory Stone","Block Reminder","Colored Map","Colored Powertips","Conjunction","Conspire","Custom Start","Energized Spire","GifTheSpireLib","Gold Saver","Gremlin Skip","Halation","Highlight Path","Hubris","Infinite Spire","Minty Spire (QoL Compilation)","Pale of the Ancients","Quick Restart","Replay The Spire","Reworked Bosses","ShortenTheSpire","Spire Exporter","StSLib","Stuff the Spire","Wandering Minibosses"],"gold_per_floor":[403,82,82,7,26,55,55,89,136,150,196,196,227,239,239,337,337,354,354,374,12,15,15,817,817,841,857,857,857,887,887,887,986,986,1000,1000,1000,696,796,796,796],"floor_reached":40,"language":"ENG","playtime":3852,"items_purged":["Defend_R","Defend_R","Defend_R"],"score":589,"play_id":"844c56e0-be6d-4db2-b248-d2547c19acfb","local_time":"20210216021922","is_ascension_mode":true,"campfire_choices":[{"data":"Demon Form","floor":7.0,"key":"SMITH"},{"floor":12.0,"key":"RECALL"},{"data":"Cleave","floor":23.0,"key":"SMITH"},{"floor":25.0,"key":"REST"},{"data":"Offering","floor":29.0,"key":"SMITH"},{"floor":32.0,"key":"REST"}],"circlet_count":0,"master_deck":["Strike_R","Strike_R","Strike_R","Strike_R","Strike_R","Defend_R","Bash+1","Cleave+1","Thunderclap+1","Deep Breath+1","Demon Form+1","Spot Weakness+1","Offering+1","conspire:ExplosiveBarrier+1","Infernal Blade+1","Clothesline+1","Inflame+1","Clash","Flame Barrier+1","Feed","Perfected Strike+1"],"relics":["Burning Blood","Ornamental Fan","Mercury Hourglass","Ice Cream","StuffTheSpire:Gunfinga","Red Skull","Toxic Egg 2","Pear","wanderingMiniBosses:MasterThiefsPresence","Nunchaku","hubris:TinFlute","Black Star","Golden Egg","Toy Ornithopter","Boot","Blue Doll"],"acts_visited":["Exordium","TheCity","TheBeyond"],"potions_floor_usage":[],"damage_taken":[{"damage":4.0,"enemies":"2 Louse","floor":1.0,"turns":3.0},{"damage":0.0,"enemies":"Cultist","floor":5.0,"turns":2.0},{"damage":15.0,"enemies":"Gremlin Nob","floor":6.0,"turns":4.0},{"damage":30.0,"enemies":"Lagavulin","floor":8.0,"turns":5.0},{"damage":7.0,"enemies":"Jaw Worm","floor":10.0,"turns":3.0},{"damage":29.0,"enemies":"Gremlin Nob","floor":13.0,"turns":4.0},{"damage":3.0,"enemies":"Blue Slaver","floor":14.0,"turns":2.0},{"damage":0.0,"enemies":"Slime Boss","floor":16.0,"turns":5.0},{"damage":13.0,"enemies":"Chosen","floor":18.0,"turns":5.0},{"damage":17.0,"enemies":"Spheric Guardian","floor":20.0,"turns":3.0},{"damage":29.0,"enemies":"Snake Plant","floor":22.0,"turns":6.0},{"damage":32.0,"enemies":"Shelled Parasite and Fungi","floor":24.0,"turns":5.0},{"damage":6.0,"enemies":"Cultist and Chosen","floor":27.0,"turns":4.0},{"damage":19.0,"enemies":"Gremlin Leader","floor":30.0,"turns":4.0},{"damage":25.0,"enemies":"hubris:MusketHawk","floor":33.0,"turns":6.0},{"damage":16.0,"enemies":"3 Darklings","floor":35.0,"turns":2.0},{"damage":90,"enemies":"Nemesis","floor":40,"turns":6}],"seed_played":"4287121768336006698","potions_obtained":[{"floor":6.0,"key":"Elixir"},{"floor":13.0,"key":"ColorlessPotion"},{"floor":14.0,"key":"AttackPotion"},{"floor":16.0,"key":"Block Potion"},{"floor":22.0,"key":"Swift Potion"},{"floor":24.0,"key":"BlessingOfTheForge"},{"floor":33.0,"key":"Elixir"}],"is_trial":false,"path_per_floor":["M","$","?","?","M","E","R","E","T","M","T","R","E","M","R_BF","B",null,"M","AVR","M","$","M","R","M","R","T","M","?","R","E","?","R","B",null,"M","AVR","T","$","?","E"],"character_chosen":"IRONCLAD","items_purchased":["Ornamental Fan","Pear","conspire:ExplosiveBarrier+1","Infernal Blade+1","Boot","Blue Doll"],"campfire_rested":2,"item_purchase_floors":[2,21,21,21,38,38],"current_hp_per_floor":[80,80,80,80,80,71,71,47,47,46,46,46,23,26,50,56,80,73,73,62,72,49,49,23,50,50,50,50,50,37,31,58,39,90,80,80,80,80,80,0,0],"gold":796,"neow_bonus":"UPGRADE_CARD","is_daily":false,"chose_seed":false,"campfire_upgraded":3,"win_rate":0.0,"timestamp":1613434762,"path_taken":["M","$","?","?","?","E","R","E","T","M","?","R","E","M","R_BF","BOSS","M","AVR","M","$","M","R","M","R","T","M","?","R","E","?","R","BOSS","M","AVR","?","$","?","E"],"items_purchased_type":["Relic","Relic","Card","Card","Relic","Relic"],"build_version":"2020-12-22","purchased_purges":3,"victory":false,"max_hp_per_floor":[80,80,80,80,80,80,80,80,80,80,80,80,80,80,80,80,80,80,80,80,90,90,90,90,90,90,90,90,90,90,90,90,90,90,90,90,90,90,90,90,90],"card_choices":[{"not_picked":["Body Slam","Wild Strike"],"picked":"Cleave","floor":1.0},{"not_picked":["Iron Wave+1","Headbutt+1"],"picked":"Thunderclap+1","floor":4.0},{"not_picked":["Replay:Parry+1","hubris:Insight+1"],"picked":"Deep Breath+1","floor":4.0},{"not_picked":["Intimidate","StuffTheSpire:Incineration","ReplayTheSpireMod:Stacked"],"picked":"SKIP","floor":5.0},{"not_picked":["Heavy Blade","Cleave"],"picked":"Demon Form","floor":6.0},{"not_picked":["Feel No Pain","StuffTheSpire:Slingshot","Disarm"],"picked":"SKIP","floor":8.0},{"not_picked":["Twin Strike","Shockwave"],"picked":"Spot Weakness","floor":10.0},{"not_picked":["Flex","Massacre","Demonic Infusion"],"picked":"SKIP","floor":13.0},{"not_picked":["Warcry","hubris:ReadiedAction","Run Through"],"picked":"SKIP","floor":14.0},{"not_picked":["StuffTheSpire:TitanForm","Double Tap"],"picked":"Offering","floor":16.0},{"not_picked":["ReplayTheSpireMod:LeadingStrike","ReplayTheSpireMod:Strike From Hell+1","StuffTheSpire:Incineration+1"],"picked":"SKIP","floor":18.0},{"not_picked":["Defy Death+1","Havoc+1","hubris:ReadiedAction+1"],"picked":"SKIP","floor":20.0},{"not_picked":["Body Slam","Hemokinesis"],"picked":"Clothesline+1","floor":22.0},{"not_picked":["Shockwave+1","Double Tap+1"],"picked":"Inflame+1","floor":24.0},{"not_picked":["True Grit+1","Cleave"],"picked":"Clash","floor":27.0},{"not_picked":["Heavy Blade","StuffTheSpire:Slingshot+1"],"picked":"Flame Barrier+1","floor":30.0},{"not_picked":["Bludgeon","Replay:Many Hands+1"],"picked":"Feed","floor":33.0},{"not_picked":["Rampage","ReplayTheSpireMod:Muscle Training+1"],"picked":"Perfected Strike+1","floor":35.0}],"player_experience":3106248,"relics_obtained":[{"floor":6.0,"key":"Mercury Hourglass"},{"floor":8.0,"key":"Ice Cream"},{"floor":11.0,"key":"StuffTheSpire:Gunfinga"},{"floor":13.0,"key":"Red Skull"},{"floor":24.0,"key":"wanderingMiniBosses:MasterThiefsPresence"},{"floor":26.0,"key":"Nunchaku"},{"floor":30.0,"key":"hubris:TinFlute"},{"floor":37.0,"key":"Toy Ornithopter"}],"event_choices":[{"damage_healed":0.0,"max_hp_gain":0.0,"max_hp_loss":0.0,"gold_gain":0.0,"event_name":"betterMatch:BetterMatch","player_choice":"2","floor":4.0,"gold_loss":0.0,"damage_taken":0.0,"cards_obtained":["betterMatch:CommonCard","betterMatch:ColorlessUncommonCard"]},{"damage_healed":0.0,"max_hp_gain":0.0,"max_hp_loss":0.0,"gold_gain":0.0,"event_name":"betterNote:BetterNote","player_choice":"Ignored","floor":28.0,"gold_loss":0.0,"damage_taken":0.0,"cards_obtained":["Strike_P"]},{"damage_healed":0.0,"max_hp_gain":0.0,"max_hp_loss":0.0,"gold_gain":0.0,"event_name":"Knowing Skull","player_choice":"","floor":31.0,"potions_obtained":[],"gold_loss":0.0,"damage_taken":6.0,"cards_obtained":[]},{"damage_healed":0.0,"max_hp_gain":0.0,"max_hp_loss":0.0,"gold_gain":100.0,"event_name":"Golden Shrine","player_choice":"Pray","floor":39.0,"gold_loss":0.0,"damage_taken":0.0}],"is_beta":false,"boss_relics":[{"not_picked":["Fusion Hammer","Runic Cube","Runic Pyramid"]},{"not_picked":["energizedSpire:TabascoSauce","Electric Blood"],"picked":"Black Star"}],"items_purged_floors":[2,19,36],"is_endless":false,"potions_floor_spawned":[6,13,14,16,22,24,33],"killed_by":"Nemesis","ascension_level":4}}