{"host":"en4narc5947t7k9n","time":1613474626,"event":{"mods":["AchievementEnabler","BaseMod","Colored Map","Minty Spire (QoL Compilation)","SuperFastMode"],"gold_per_floor":[116,23,39,114,114,114,144,144,171,201,201,220,254,53,53,53,53],"floor_reached":16,"language":"KOR","playtime":646,"items_purged":["Strike_R"],"score":131,"play_id":"1779aa36-d7e2-4302-9456-92c0a4a62eb4","local_time":"20210216202346","is_ascension_mode":false,"campfire_choices":[{"data":"Shockwave","floor":6,"key":"SMITH"},{"data":"Rampage","floor":15,"key":"SMITH"}],"circlet_count":0,"master_deck":["Strike_R","Strike_R","Strike_R","Defend_R","Defend_R","Defend_R","Defend_R","Bash","Thunderclap","Dramatic Entrance+1","Shockwave+1","Armaments","Ghostly Armor","Warcry","Trip","Rampage+1"],"relics":["Burning Blood","NeowsBlessing","Regal Pillow","Oddly Smooth Stone","MealTicket","Bird Faced Urn"],"acts_visited":["Exordium"],"potions_floor_usage":[13],"damage_taken":[{"damage":0,"enemies":"Jaw Worm","floor":1,"turns":1},{"damage":0,"enemies":"Small Slimes","floor":3,"turns":1},{"damage":0,"enemies":"3 Sentries","floor":10,"turns":1},{"damage":0,"enemies":"2 Louse","floor":12,"turns":1},{"damage":20,"enemies":"Gremlin Nob","floor":13,"turns":5},{"damage":76,"enemies":"Slime Boss","floor":16,"turns":13}],"seed_played":"5629286980536936687","potions_obtained":[{"floor":10,"key":"EssenceOfSteel"}],"is_trial":false,"path_per_floor":["M","$","M","?","?","R","?","?","T","E","?","M","E","$","R","B"],"character_chosen":"IRONCLAD","items_purchased":["Dramatic Entrance","Trip","Rampage"],"campfire_rested":0,"item_purchase_floors":[2,14,14],"current_hp_per_floor":[80,80,80,69,69,69,69,69,69,75,68,74,60,75,75,0,0],"gold":53,"neow_bonus":"THREE_ENEMY_KILL","is_daily":false,"chose_seed":false,"campfire_upgraded":2,"win_rate":0.0,"timestamp":1613474626,"path_taken":["M","$","M","?","?","R","?","?","T","E","?","M","E","?","R","BOSS"],"items_purchased_type":["Card","Card","Card"],"build_version":"2020-12-22","purchased_purges":1,"victory":false,"max_hp_per_floor":[80,80,80,80,80,80,80,80,80,80,80,80,80,80,80,80,80],"card_choices":[{"not_picked":["Clothesline","Rampage"],"picked":"Thunderclap","floor":1},{"not_picked":["Ghostly Armor","Thunderclap"],"picked":"Shockwave","floor":3},{"not_picked":["Reckless Charge","Spot Weakness"],"picked":"Armaments","floor":10},{"not_picked":["Body Slam","Dropkick"],"picked":"Ghostly Armor","floor":12},{"not_picked":["Heavy Blade","Shrug It Off"],"picked":"Warcry","floor":13}],"player_experience":2615,"relics_obtained":[{"floor":9,"key":"Oddly Smooth Stone"},{"floor":10,"key":"MealTicket"},{"floor":13,"key":"Bird Faced Urn"}],"event_choices":[{"damage_healed":0,"gold_gain":75,"player_choice":"Gather Gold","damage_taken":11,"max_hp_gain":0,"max_hp_loss":0,"event_name":"World of Goop","floor":4,"gold_loss":0},{"damage_healed":0,"gold_gain":0,"player_choice":"Grow","damage_taken":0,"max_hp_gain":0,"max_hp_loss":0,"event_name":"Living Wall","floor":5,"gold_loss":0,"cards_upgraded":["Dramatic Entrance"]},{"damage_healed":0,"gold_gain":30,"player_choice":"Searched \u00272\u0027 times","damage_taken":0,"relics_obtained":["Regal Pillow"],"max_hp_gain":0,"max_hp_loss":0,"event_name":"Dead Adventurer","floor":7,"gold_loss":0},{"damage_healed":0,"gold_gain":0,"player_choice":"Ignored","damage_taken":0,"max_hp_gain":0,"max_hp_loss":0,"event_name":"Liars Game","floor":8,"gold_loss":0},{"cards_removed":["Strike_R"],"damage_healed":0,"gold_gain":0,"player_choice":"Card Removal","damage_taken":7,"max_hp_gain":0,"max_hp_loss":0,"event_name":"Golden Wing","floor":11,"gold_loss":0}],"is_beta":false,"boss_relics":[],"items_purged_floors":[14],"is_endless":false,"potions_floor_spawned":[10],"killed_by":"Slime Boss","ascension_level":0}}