{"host":"t9zjxed0utvsfjwc","time":1613453993,"event":{"mods":["2.2 Compatiblity","Act Like it!","Aspiration","BaseMod","Better Altar","Better Match","Better Note","Better Sensory Stone","Better Skull","Better Third Choice","Block Reminder","Colored Map","Colored Powertips","Conspire","Defuse TimeMaze Blight","Energized Spire","Gensokyo","GifTheSpireLib","Hermit","Highlight Path","Hubris","Infinite Spire","Marked Mod","Minty Spire (QoL Compilation)","Quick Restart","Rare Cards Sparkle","Relic Sorter","Relic Stats","Reliquary","Replay The Spire","Ruina","StSLib","Stuff the Spire","The Blue Laboratory","The Jungle","The Marked","Unceasing Turn Reminder","Wandering Minibosses","everything is the same but u backflip on backflip"],"gold_per_floor":[118,137,0,0,0,0,26,26,26,26,26,26,26,337,337,636,636,653,653,670,683,695,695,729,729,753,773,773,974,1002,1002,1002],"floor_reached":31,"language":"ENG","playtime":1273,"items_purged":["Strike_R"],"score":307,"play_id":"b1ac33fa-628b-4513-840b-85f504c64c22","local_time":"20210216053953","is_ascension_mode":true,"campfire_choices":[{"data":"Searing Blow+1","floor":6,"key":"SMITH"},{"data":"Searing Blow+2","floor":8,"key":"SMITH"},{"data":"Searing Blow+3","floor":10,"key":"SMITH"},{"data":"Searing Blow+4","floor":13,"key":"SMITH"},{"data":"Searing Blow+5","floor":15,"key":"SMITH"},{"floor":23,"key":"REST"},{"floor":25,"key":"REST"}],"circlet_count":0,"master_deck":["Defend_R","Defend_R","Defend_R","Defend_R","Bash+1","Searing Blow+6","StuffTheSpire:Slingshot","ReplayTheSpireMod:Strike From Hell+1","StuffTheSpire:TitanForm","Overencumbered","Overencumbered","Shrug It Off","Pommel Strike","Headbutt+1"],"relics":["Burning Blood","NeowsBlessing","StuffTheSpire:Nightcore","Singing Bowl","energizedSpire:MagnifyingGlass","Toolbox","Kintsugi","Counterbalance","infinitespire:PuzzleCube","Whetstone","Gensokyo:SongOfSouls","reliquary:PartyBalloon"],"acts_visited":["Exordium","Gensokyo:Gensokyo"],"potions_floor_usage":[16,30,31],"damage_taken":[{"damage":0,"enemies":"Gensokyo:2_Kodama","floor":1,"turns":1},{"damage":0,"enemies":"Gensokyo:Python","floor":2,"turns":1},{"damage":2,"enemies":"Gensokyo:Cirno","floor":7,"turns":2},{"damage":26,"enemies":"Gensokyo:3_Fairies","floor":14,"turns":5},{"damage":57,"enemies":"Gensokyo:Reimu","floor":16,"turns":10},{"damage":6,"enemies":"Gensokyo:CosmicMonolith","floor":18,"turns":2},{"damage":19,"enemies":"Gensokyo:2_Gloops","floor":20,"turns":4},{"damage":32,"enemies":"Gensokyo:Slime_Group","floor":21,"turns":4},{"damage":22,"enemies":"Gensokyo:Monolith_and_Dog","floor":22,"turns":4},{"damage":29,"enemies":"Gensokyo:Reisen","floor":24,"turns":3},{"damage":3,"enemies":"Gensokyo:3_Gloops","floor":27,"turns":3},{"damage":30,"enemies":"Gensokyo:Tenshi","floor":30,"turns":3},{"damage":24,"enemies":"Gensokyo:Wraith","floor":31,"turns":2}],"seed_played":"-5107701395795678388","potions_obtained":[{"floor":1,"key":"blueLaboratory:LouseDecoction"},{"floor":16,"key":"blueLaboratory:StoneskinPotion"},{"floor":30,"key":"ColorlessPotion"}],"is_trial":false,"path_per_floor":["M","M","COS","?","$","R","E","R","T","R","?","?","R","M","R","B",null,"M","AVR","M","M","M","R","E","R","T","M","?","?","E","M"],"character_chosen":"IRONCLAD","items_purchased":[],"campfire_rested":2,"item_purchase_floors":[],"current_hp_per_floor":[80,80,80,80,80,80,80,80,80,80,80,80,80,60,60,9,80,82,82,69,45,29,54,33,58,58,63,63,41,19,0,0],"gold":1002,"neow_bonus":"THREE_ENEMY_KILL","is_daily":false,"chose_seed":false,"campfire_upgraded":5,"win_rate":0.0,"timestamp":1613453993,"path_taken":["M","M","COS","?","$","R","E","R","T","R","?","?","R","M","R","BOSS","M","AVR","M","M","M","R","E","R","T","M","?","?","E","?"],"items_purchased_type":[],"build_version":"2020-12-22","purchased_purges":1,"victory":false,"max_hp_per_floor":[80,80,80,80,80,80,80,80,80,80,80,80,80,80,80,80,80,82,82,82,84,84,84,86,86,86,88,88,88,90,90,90],"relic_stats":{"Singing Bowl":10,"counters":[13,43],"Whetstone":["ReplayTheSpireMod:Strike From Hell","Bash"],"obtain_stats":[{"NeowsBlessing":0,"Singing Bowl":9,"reliquary:PartyBalloon":30,"Counterbalance":20,"Toolbox":19,"energizedSpire:MagnifyingGlass":17,"StuffTheSpire:Nightcore":7,"Whetstone":26,"Kintsugi":19,"Burning Blood":0,"infinitespire:PuzzleCube":24,"Gensokyo:SongOfSouls":28},{"NeowsBlessing":0,"Singing Bowl":3,"reliquary:PartyBalloon":12,"Counterbalance":7,"Toolbox":6,"energizedSpire:MagnifyingGlass":5,"StuffTheSpire:Nightcore":3,"Whetstone":10,"Kintsugi":6,"Burning Blood":0,"infinitespire:PuzzleCube":10,"Gensokyo:SongOfSouls":11},{"NeowsBlessing":0,"Singing Bowl":4,"reliquary:PartyBalloon":41,"Counterbalance":22,"Toolbox":21,"energizedSpire:MagnifyingGlass":19,"StuffTheSpire:Nightcore":4,"Whetstone":35,"Kintsugi":21,"Burning Blood":0,"infinitespire:PuzzleCube":35,"Gensokyo:SongOfSouls":38}],"Burning Blood":56},"card_choices":[{"not_picked":["Havoc","Feel No Pain"],"picked":"Searing Blow","floor":1},{"not_picked":["Headbutt","Replay:Undeath\u0027s Touch"],"picked":"Twin Strike","floor":2},{"not_picked":["Power Through","Rupture"],"picked":"StuffTheSpire:Slingshot","floor":7},{"not_picked":["Pummel","Cleave"],"picked":"ReplayTheSpireMod:Strike From Hell","floor":14},{"not_picked":["Fiend Fire","Offering"],"picked":"StuffTheSpire:TitanForm","floor":16},{"not_picked":["Warcry+1","StuffTheSpire:Slingshot","Anger"],"picked":"Singing Bowl","floor":18},{"not_picked":["Headbutt","Sword Boomerang+1"],"picked":"Shrug It Off","floor":20},{"not_picked":["Anger","Run Through","Seeing Red+1"],"picked":"Singing Bowl","floor":21},{"not_picked":["Body Slam+1","ReplayTheSpireMod:Strike From Hell"],"picked":"Pommel Strike","floor":22},{"not_picked":["Havoc","Metallicize","Wild Strike"],"picked":"Singing Bowl","floor":24},{"not_picked":["Headbutt","Hemokinesis","Carnage"],"picked":"Singing Bowl","floor":27},{"not_picked":["Run Through","Battle Trance"],"picked":"Headbutt+1","floor":29},{"not_picked":["Ghostly Armor+1","Corruption","Metallicize+1"],"picked":"Singing Bowl","floor":30}],"player_experience":470162,"relics_obtained":[{"floor":7,"key":"StuffTheSpire:Nightcore"},{"floor":9,"key":"Singing Bowl"},{"floor":24,"key":"infinitespire:PuzzleCube"},{"floor":26,"key":"Whetstone"},{"floor":30,"key":"reliquary:PartyBalloon"}],"event_choices":[],"is_beta":false,"boss_relics":[{"not_picked":["Mark of Pain","Cursed Key"],"picked":"energizedSpire:MagnifyingGlass"}],"items_purged_floors":[19],"is_endless":false,"potions_floor_spawned":[1,16,21,30],"killed_by":"Gensokyo:Wraith","ascension_level":1}}