{"host":"97k3n5kp0psabqmo","time":1613497921,"event":{"mods":["BaseMod","Colored Powertips","Hubris","Minty Spire (QoL Compilation)","Replay The Spire","StSLib"],"gold_per_floor":[117,117,135,135,34,34,46,46,46,46,73,91,206,223,223,324,324,338,338,356,471,471,503,520,520,520],"floor_reached":25,"language":"ENG","playtime":1545,"items_purged":["Defend_B"],"score":250,"play_id":"e9a22b15-581d-4647-877e-33cc86fcca78","local_time":"20210216125201","is_ascension_mode":false,"campfire_choices":[{"data":"Go for the Eyes","floor":6,"key":"SMITH"},{"data":"Panic Button","floor":8,"key":"SMITH"},{"data":"Lockon","floor":15,"key":"SMITH"}],"circlet_count":0,"master_deck":["Strike_B","Strike_B","Strike_B","Strike_B","Defend_B","Defend_B","Defend_B","Zap","Dualcast","Leap+1","Sweeping Beam","Go for the Eyes+1","Panic Button+1","Lockon+1","Heatsinks","Storm","Coolheaded","Static Discharge+1","Leap+1","Doubt","Leap","Redo"],"relics":["Cracked Core","hubris:Icosahedron","Garlic","Singing Bowl","Fusion Hammer","Ring of Shattering","Ring of Hypnosis","Darkstone Periapt"],"acts_visited":["Exordium","TheCity"],"potions_floor_usage":[11,21,24],"damage_taken":[{"damage":3,"enemies":"2 Louse","floor":1,"turns":3},{"damage":10,"enemies":"Small Slimes","floor":3,"turns":3},{"damage":3,"enemies":"Jaw Worm","floor":7,"turns":4},{"damage":14,"enemies":"Replay:BlueRogue","floor":11,"turns":5},{"damage":1,"enemies":"Blue Slaver","floor":12,"turns":3},{"damage":0,"enemies":"3 Louse","floor":13,"turns":3},{"damage":2,"enemies":"Red Slaver","floor":14,"turns":3},{"damage":55,"enemies":"Fading Forest","floor":16,"turns":11},{"damage":14,"enemies":"3 Byrds","floor":18,"turns":5},{"damage":1,"enemies":"Shell Parasite","floor":20,"turns":6},{"damage":2,"enemies":"Chosen and Byrds","floor":21,"turns":5},{"damage":67,"enemies":"Gremlin Leader","floor":23,"turns":9},{"damage":10,"enemies":"Snecko","floor":24,"turns":4},{"damage":15,"enemies":"Centurion and Healer","floor":25,"turns":1}],"seed_played":"-3344397798270623364","potions_obtained":[{"floor":1,"key":"Elixir"},{"floor":3,"key":"PowerPotion"},{"floor":14,"key":"BlessingOfTheForge"},{"floor":23,"key":"Dexterity Potion"}],"is_trial":false,"path_per_floor":["M","?","M","?","$","R","M","R","T","$","E","M","M","M","R","B",null,"M","?","M","M","?","E","M","M"],"character_chosen":"DEFECT","items_purchased":["Go for the Eyes"],"campfire_rested":0,"item_purchase_floors":[5],"current_hp_per_floor":[79,79,69,69,69,69,66,66,66,66,52,53,53,51,51,16,84,70,94,93,91,91,24,14,0,0],"gold":520,"neow_bonus":"TEN_PERCENT_HP_BONUS","is_daily":false,"chose_seed":false,"campfire_upgraded":3,"win_rate":0.0,"timestamp":1613497921,"path_taken":["M","?","M","?","?","R","M","R","T","$","E","M","M","M","R","BOSS","M","?","M","?","?","E","M","M"],"items_purchased_type":["Card"],"build_version":"2020-12-22","purchased_purges":1,"victory":false,"max_hp_per_floor":[82,82,82,82,82,82,82,82,82,82,82,84,84,84,84,84,84,84,94,94,94,94,94,94,94,94],"card_choices":[{"not_picked":["Gash","Sweeping Beam"],"picked":"Leap","floor":1},{"not_picked":["Conserve Battery","Static Discharge"],"picked":"Sweeping Beam","floor":3},{"not_picked":["Steam Power","Multi-Cast"],"picked":"Panic Button","floor":7},{"not_picked":["Panic Button","Beam Cell"],"picked":"Lockon","floor":11},{"not_picked":["Go for the Eyes","Hologram","BasicCrystalCard"],"picked":"Singing Bowl","floor":12},{"not_picked":["Turbo","Rebound"],"picked":"Heatsinks","floor":13},{"not_picked":["Skim","FTL"],"picked":"Storm","floor":14},{"not_picked":["Biased Cognition","hubris:SpecializedCircuitry"],"picked":"ReplayRNGCard","floor":16},{"not_picked":["Rip and Tear","Conserve Battery"],"picked":"Coolheaded","floor":18},{"not_picked":["Go for the Eyes","Steam+1"],"picked":"Static Discharge+1","floor":20},{"not_picked":["Streamline+1","Skim"],"picked":"Leap+1","floor":21},{"not_picked":["BasicCrystalCard","hubris:PowerSurge"],"picked":"Leap","floor":23},{"not_picked":["Darkness","Stack"],"picked":"Redo","floor":24}],"player_experience":79700,"relics_obtained":[{"floor":9,"key":"Garlic"},{"floor":11,"key":"Singing Bowl"},{"floor":22,"key":"Ring of Shattering"},{"floor":22,"key":"Ring of Hypnosis"},{"floor":23,"key":"Darkstone Periapt"}],"event_choices":[{"cards_removed":["ReplayRNGCard"],"damage_healed":14,"gold_gain":0,"player_choice":"Offered Rare","damage_taken":0,"max_hp_gain":10,"max_hp_loss":0,"event_name":"Bonfire Elementals","floor":19,"gold_loss":0}],"is_beta":false,"boss_relics":[{"not_picked":["hubris:HollowSoul","Snecko Eye"],"picked":"Fusion Hammer"}],"items_purged_floors":[5],"is_endless":false,"potions_floor_spawned":[1,3,14,23],"killed_by":"Centurion and Healer","ascension_level":0}}