{"host":"kpcx2wrn7eq3nf7c","time":1613452861,"event":{"mods":["Act Like it!","BaseMod","CapriCore","Friendly Minions","Gensokyo","Hermit","Koishi","Marisa（霧雨　魔理沙）","Minty Spire (QoL Compilation)","StSLib","The Animator","The Immortal","The Servant 0.9.4","Waifu the Spire","Youmu（魂魄妖梦）"],"gold_per_floor":[110,122,122,122,134,134,152,181,181,0,0,27,27,27,27,27,27],"floor_reached":16,"language":"ZHS","playtime":732,"items_purged":["Koishi:BasicStrike"],"score":119,"play_id":"d15d89d3-c128-4f57-8d50-87c14639f1fc","local_time":"20210216132101","is_ascension_mode":true,"campfire_choices":[{"data":"Koishi:HauntingSlash","floor":6,"key":"SMITH"},{"data":"Koishi:DNAsFlaw","floor":13,"key":"SMITH"},{"data":"Koishi:RacingHeart","floor":15,"key":"SMITH"}],"circlet_count":0,"master_deck":["Koishi:BasicStrike","Koishi:BasicStrike","Koishi:BasicDefend","Koishi:BasicDefend","Koishi:BasicDefend","Koishi:BasicDefend","Koishi:Provoke","Koishi:HauntingSlash+1","Koishi:FleetingPhantom","Koishi:RacingHeart+1","Koishi:DreadfulBlow","Koishi:DNAsFlaw+1","Koishi:JumpScare","Koishi:UnconsciousUrges"],"relics":["Koishi:ImaginaryFriend","Gremlin Horn","The Courier","Eternal Feather","Bottled Flame","Orichalcum"],"acts_visited":["Exordium"],"potions_floor_usage":[8,16,16],"damage_taken":[{"damage":2,"enemies":"Cultist","floor":1,"turns":4},{"damage":6,"enemies":"2 Louse","floor":2,"turns":3},{"damage":2,"enemies":"Jaw Worm","floor":5,"turns":5},{"damage":13,"enemies":"Exordium Thugs","floor":7,"turns":6},{"damage":17,"enemies":"Lagavulin","floor":8,"turns":7},{"damage":17,"enemies":"Gremlin Nob","floor":12,"turns":6},{"damage":61,"enemies":"Hexaghost","floor":16,"turns":16}],"seed_played":"-4975106390978062724","potions_obtained":[{"floor":2,"key":"BlessingOfTheForge"},{"floor":5,"key":"GamblersBrew"},{"floor":12,"key":"FearPotion"}],"is_trial":false,"path_per_floor":["M","M","?","?","M","R","M","E","T","$","?","E","R","?","R","B"],"character_chosen":"KOISHI","items_purchased":["Koishi:UnconsciousUrges","Regen Potion"],"campfire_rested":0,"item_purchase_floors":[10,10],"current_hp_per_floor":[66,61,54,54,58,58,55,56,56,56,56,53,59,52,58,0,0],"gold":27,"neow_bonus":"TEN_PERCENT_HP_BONUS","is_daily":false,"chose_seed":false,"campfire_upgraded":3,"win_rate":0.0,"timestamp":1613452861,"path_taken":["M","M","?","?","?","R","M","E","T","?","?","E","R","?","R","BOSS"],"items_purchased_type":["Card","Potion"],"build_version":"2020-12-22","purchased_purges":1,"victory":false,"max_hp_per_floor":[66,66,66,66,66,66,66,66,66,66,66,66,66,66,66,66,66],"card_choices":[{"not_picked":["Koishi:BloodcurdlingScream","Koishi:Prune"],"picked":"Koishi:FleetingPhantom","floor":1},{"not_picked":["Koishi:FleetingPhantom","Koishi:SpiritedAway"],"picked":"Koishi:RacingHeart","floor":2},{"not_picked":["Koishi:FleetingPhantom","Koishi:DanmakuParanoia"],"picked":"Koishi:DreadfulBlow","floor":5},{"not_picked":["Koishi:VengefulSpirit","Koishi:UnansweredLove"],"picked":"Koishi:DNAsFlaw","floor":7},{"not_picked":["Koishi:UnansweredLove","Koishi:HeartfeltFancy"],"picked":"Koishi:JumpScare","floor":8},{"not_picked":["Koishi:BramblyRoseGarden","Koishi:Heartbroken","Koishi:RorschachInDanmaku"],"picked":"SKIP","floor":12}],"player_experience":1247573,"relics_obtained":[{"floor":8,"key":"Gremlin Horn"},{"floor":9,"key":"The Courier"},{"floor":12,"key":"Bottled Flame"}],"event_choices":[{"cards_removed":["Koishi:BasicStrike"],"damage_healed":0,"gold_gain":0,"player_choice":"Card Removal","damage_taken":7,"max_hp_gain":0,"max_hp_loss":0,"event_name":"Golden Wing","floor":3,"gold_loss":0},{"damage_healed":0,"gold_gain":0,"player_choice":"Ignored","damage_taken":0,"max_hp_gain":0,"max_hp_loss":0,"event_name":"Liars Game","floor":4,"gold_loss":0},{"damage_healed":0,"gold_gain":0,"player_choice":"Searched \u00272\u0027 times","damage_taken":0,"relics_obtained":["Eternal Feather"],"max_hp_gain":0,"max_hp_loss":0,"event_name":"Dead Adventurer","floor":11,"gold_loss":0},{"damage_healed":0,"gold_gain":0,"player_choice":"Success","damage_taken":7,"relics_obtained":["Orichalcum"],"max_hp_gain":0,"max_hp_loss":0,"event_name":"Scrap Ooze","floor":14,"gold_loss":0}],"is_beta":false,"boss_relics":[],"items_purged_floors":[10],"is_endless":false,"potions_floor_spawned":[2,5,12],"killed_by":"Hexaghost","ascension_level":2}}