{"host":"og6lam4kt3nibbw0","time":1613495909,"event":{"mods":["AchievementEnabler","BaseMod","Colored Map","DeckTracker","Highlight Path","Keyboard Shortcuts","Minty Spire (QoL Compilation)","Permanent Neow","Quick Restart","StSLib","SuperFastMode"],"gold_per_floor":[360,285,295,314,325,325,343,343,343,371,371,401,401,417,417,494,494,510,510,524,542,242,242,242,242],"floor_reached":24,"language":"KOR","playtime":981,"items_purged":["Defend_B"],"score":416,"play_id":"728b38a2-3d77-4b0c-adcc-8753d7d137df","local_time":"20210217021829","is_ascension_mode":true,"campfire_choices":[{"data":"Ball Lightning","floor":6.0,"key":"SMITH"},{"data":"Sunder","floor":8.0,"key":"SMITH"},{"data":"Glacier","floor":11.0,"key":"SMITH"},{"floor":15.0,"key":"REST"},{"data":"Defragment","floor":23.0,"key":"SMITH"}],"circlet_count":0,"master_deck":["AscendersBane","Strike_B","Strike_B","Strike_B","Defend_B","Defend_B","Defend_B","Zap","Dualcast","Sunder+1","Coolheaded","Compile Driver","Ball Lightning+1","Glacier+1","Echo Form","Capacitor","Reboot","Leap+1","Blizzard","Writhe","Core Surge","Defragment+1","Barrage","Glacier"],"relics":["Cracked Core","Thread and Needle","Sundial","Prayer Wheel","Inserter","Tiny Chest"],"acts_visited":["Exordium","TheCity"],"potions_floor_usage":[24],"damage_taken":[{"damage":2.0,"enemies":"Jaw Worm","floor":1.0,"turns":3.0},{"damage":0.0,"enemies":"2 Louse","floor":3.0,"turns":2.0},{"damage":3.0,"enemies":"Small Slimes","floor":4.0,"turns":3.0},{"damage":16.0,"enemies":"Blue Slaver","floor":5.0,"turns":3.0},{"damage":11.0,"enemies":"Gremlin Gang","floor":7.0,"turns":3.0},{"damage":7.0,"enemies":"Gremlin Nob","floor":10.0,"turns":3.0},{"damage":9.0,"enemies":"Lagavulin","floor":12.0,"turns":7.0},{"damage":0.0,"enemies":"Lots of Slimes","floor":14.0,"turns":2.0},{"damage":28.0,"enemies":"Hexaghost","floor":16.0,"turns":10.0},{"damage":22.0,"enemies":"2 Thieves","floor":18.0,"turns":4.0},{"damage":4.0,"enemies":"Chosen","floor":20.0,"turns":8.0},{"damage":12.0,"enemies":"Snake Plant","floor":21.0,"turns":6.0},{"damage":41,"enemies":"Gremlin Leader","floor":24,"turns":5}],"seed_played":"1586354723105893228","potions_obtained":[{"floor":4.0,"key":"Fire Potion"},{"floor":7.0,"key":"Explosive Potion"},{"floor":16.0,"key":"CultistPotion"},{"floor":20.0,"key":"Explosive Potion"}],"is_trial":false,"path_per_floor":["M","?","M","M","M","R","M","R","T","E","R","E","?","M","R","B",null,"M","?","M","M","$","R","E"],"character_chosen":"DEFECT","items_purchased":["Barrage","Glacier","FairyPotion"],"campfire_rested":1,"item_purchase_floors":[22,22,22],"current_hp_per_floor":[62,62,62,59,43,43,32,32,32,25,25,16,21,21,41,13,55,33,33,29,17,17,17,0,0],"gold":242,"neow_bonus":"TWO_FIFTY_GOLD","is_daily":false,"chose_seed":false,"campfire_upgraded":4,"win_rate":0.0,"timestamp":1613495909,"path_taken":["M","?","M","M","M","R","M","R","T","E","R","E","?","M","R","BOSS","M","?","M","M","$","R","E"],"items_purchased_type":["Card","Card","Potion"],"build_version":"2020-12-22","purchased_purges":1,"victory":false,"max_hp_per_floor":[64,64,64,64,64,64,64,64,64,64,64,64,69,69,69,69,69,69,69,69,69,69,69,69,69],"card_choices":[{"not_picked":["Turbo","Loop"],"picked":"Sunder","floor":1.0},{"not_picked":["Sweeping Beam","Double Energy"],"picked":"Coolheaded","floor":3.0},{"not_picked":["White Noise","Redo"],"picked":"Compile Driver","floor":4.0},{"not_picked":["Skim","Redo"],"picked":"Ball Lightning","floor":5.0},{"not_picked":["Ball Lightning","Gash"],"picked":"Glacier","floor":7.0},{"not_picked":["Beam Cell","Compile Driver","Chaos"],"picked":"SKIP","floor":10.0},{"not_picked":["Leap","Conserve Battery"],"picked":"Echo Form","floor":12.0},{"not_picked":["Hologram","Rebound"],"picked":"Capacitor","floor":14.0},{"not_picked":["Melter","Gash","Cold Snap"],"picked":"SKIP","floor":14.0},{"not_picked":["All For One","Buffer"],"picked":"Reboot","floor":16.0},{"not_picked":["Compile Driver","Redo"],"picked":"Leap+1","floor":18.0},{"not_picked":["Cold Snap+1","Conserve Battery"],"picked":"Blizzard","floor":18.0},{"not_picked":["Steam Power","Rip and Tear","Go for the Eyes"],"picked":"SKIP","floor":20.0},{"not_picked":["Leap","Aggregate","Hologram"],"picked":"SKIP","floor":20.0},{"not_picked":["Compile Driver","Cold Snap+1"],"picked":"Core Surge","floor":21.0},{"not_picked":["Doom and Gloom","Auto Shields"],"picked":"Defragment","floor":21.0}],"player_experience":965275,"relics_obtained":[{"floor":9.0,"key":"Thread and Needle"},{"floor":10.0,"key":"Sundial"},{"floor":12.0,"key":"Prayer Wheel"}],"event_choices":[{"cards_removed":["Strike_B"],"damage_healed":0.0,"max_hp_gain":0.0,"max_hp_loss":0.0,"gold_gain":0.0,"event_name":"The Cleric","player_choice":"Card Removal","floor":2.0,"gold_loss":75.0,"damage_taken":0.0},{"damage_healed":0.0,"max_hp_gain":5.0,"max_hp_loss":0.0,"gold_gain":0.0,"event_name":"Big Fish","player_choice":"Donut","floor":13.0,"gold_loss":0.0,"damage_taken":0.0},{"damage_healed":0.0,"max_hp_gain":0.0,"max_hp_loss":0.0,"gold_gain":0.0,"event_name":"The Mausoleum","player_choice":"Opened","floor":19.0,"gold_loss":0.0,"damage_taken":0.0,"relics_obtained":["Tiny Chest"],"cards_obtained":["Writhe"]}],"is_beta":false,"boss_relics":[{"not_picked":["Nuclear Battery","Astrolabe"],"picked":"Inserter"}],"items_purged_floors":[22],"is_endless":false,"potions_floor_spawned":[4,7,12,16,20],"killed_by":"Gremlin Leader","ascension_level":20}}