{"host":"clf2hd4adhiiw0zf","time":1613461440,"event":{"mods":["AchievementEnabler","BaseMod","Beaked The Cultist","Bestiary","Dark Map","Downfall","Gremlin Mod","Hermit","Jorbs\u0027s Wanderer Trilogy","Marisa????????","Minty Spire (QoL Compilation)","Shop Mod","StSLib","The Cursed","Wide Potions"],"gold_per_floor":[99,154,110,129,129,129,129,129],"floor_reached":6,"language":"ENG","playtime":240,"items_purged":[],"score":64,"play_id":"f59e5683-7a34-4e97-8409-ac3f13f6bae2","local_time":"20210216004400","is_ascension_mode":true,"campfire_choices":[{"data":"champ:Execute","floor":1,"key":"SMITH"}],"circlet_count":0,"master_deck":["AscendersBane","champ:Strike","champ:Strike","champ:Strike","champ:Strike","champ:Defend","champ:Defend","champ:Defend","champ:Defend","champ:Execute+1","champ:Taunt","champ:BringItOn","champ:DancingMaster","champ:FlashCut","champ:DefensiveStyle"],"relics":["bronze:MakeshiftBattery","Potion Belt","Bird Faced Urn"],"acts_visited":["Exordium"],"potions_floor_usage":[6],"damage_taken":[{"damage":62,"enemies":"3 Sentries","floor":2,"turns":9},{"damage":10,"enemies":"downfall:FleeingMerchant","floor":3,"turns":4},{"damage":10,"enemies":"Jaw Worm","floor":4,"turns":5},{"damage":61,"enemies":"Gremlin Nob","floor":6,"turns":5}],"seed_played":"-5702497046856788953","potions_obtained":[{"floor":2,"key":"Regen Potion"},{"floor":4,"key":"SkillPotion"}],"is_trial":false,"path_per_floor":["R","?","$","M","T","E"],"character_chosen":"THE_CHAMP","items_purchased":["champ:FlashCut"],"campfire_rested":0,"item_purchase_floors":[3],"current_hp_per_floor":[73,41,41,41,41,0,0,0],"gold":129,"neow_bonus":"BOSS_RELIC","is_daily":false,"chose_seed":false,"campfire_upgraded":1,"win_rate":0.0,"timestamp":1613461440,"path_taken":["R","?","?","M","?","E"],"items_purchased_type":["Card"],"build_version":"2020-12-22","purchased_purges":0,"victory":false,"max_hp_per_floor":[81,81,81,81,81,81,81,81],"card_choices":[{"not_picked":["champ:CrownThrow","champ:RapidStrikes"],"picked":"champ:BringItOn","floor":2},{"not_picked":["champ:StanceDance","champ:EnragedBash"],"picked":"champ:DancingMaster","floor":3},{"not_picked":["champ:ShieldSlam","champ:CalledShot"],"picked":"champ:DefensiveStyle","floor":4}],"player_experience":334787,"relics_obtained":[{"floor":2,"key":"Potion Belt"},{"floor":5,"key":"Bird Faced Urn"}],"event_choices":[],"is_beta":false,"boss_relics":[],"items_purged_floors":[],"is_endless":false,"potions_floor_spawned":[2,4],"killed_by":"Gremlin Nob","ascension_level":20}}