{"host":"s509oin3ptw7n5v1","time":1613447778,"event":{"mods":["2.2 Compatiblity","AchievementEnabler","BaseMod","Colored Map","Colored Powertips","Highlight Path","Minty Spire (QoL Compilation)","Rare Cards Sparkle","Relic Stats","Spicy Shops","StSLib"],"gold_per_floor":[219,229,12,57,12,12,39,52,52,52,52],"floor_reached":10,"language":"ENG","playtime":693,"items_purged":[],"score":109,"play_id":"c5056e3e-7b1d-45cf-b6af-0fbcada15103","local_time":"20210215225618","is_ascension_mode":true,"campfire_choices":[{"floor":6,"key":"REST"}],"circlet_count":0,"master_deck":["AscendersBane","Strike_B","Strike_B","Strike_B","Strike_B","Defend_B","Defend_B","Defend_B","Defend_B","Zap","Dualcast","Hello World","Stack","Ball Lightning","Loop","Hologram","Creative AI","Darkness"],"relics":["Cracked Core","Runic Capacitor","Potion Belt","Ice Cream","Matryoshka"],"acts_visited":["Exordium"],"potions_floor_usage":[10],"damage_taken":[{"damage":1,"enemies":"Cultist","floor":1,"turns":3},{"damage":16,"enemies":"2 Louse","floor":2,"turns":3},{"damage":34,"enemies":"Gremlin Nob","floor":7,"turns":4},{"damage":2,"enemies":"Jaw Worm","floor":8,"turns":3},{"damage":43,"enemies":"3 Sentries","floor":10,"turns":4}],"seed_played":"-7926212930239672749","potions_obtained":[{"floor":7,"key":"Strength Potion"}],"is_trial":false,"path_per_floor":["M","M","$","T","$","R","E","M","T","E"],"character_chosen":"DEFECT","items_purchased":["Ball Lightning","Loop","Runic Capacitor","Hologram"],"campfire_rested":1,"item_purchase_floors":[3,3,3,5],"current_hp_per_floor":[67,51,51,51,51,73,39,37,37,0,0],"gold":52,"neow_bonus":"HUNDRED_GOLD","is_daily":false,"chose_seed":false,"campfire_upgraded":0,"win_rate":0.0,"timestamp":1613447778,"path_taken":["M","M","$","?","?","R","E","M","T","E"],"items_purchased_type":["Card","Card","Relic","Card"],"build_version":"2020-12-22","purchased_purges":0,"victory":false,"max_hp_per_floor":[75,75,75,75,75,75,75,75,75,75,75],"relic_stats":{"counters":[5,17],"obtain_stats":[{"Potion Belt":4,"Ice Cream":7,"Matryoshka":9,"Runic Capacitor":3,"Cracked Core":0},{"Potion Belt":2,"Ice Cream":3,"Matryoshka":4,"Runic Capacitor":2,"Cracked Core":0},{"Potion Belt":6,"Ice Cream":10,"Matryoshka":13,"Runic Capacitor":6,"Cracked Core":0}]},"card_choices":[{"not_picked":["Barrage","Gash"],"picked":"Hello World","floor":1},{"not_picked":["Rebound","Gash"],"picked":"Stack","floor":2},{"not_picked":["Skim","Leap"],"picked":"Creative AI","floor":7},{"not_picked":["Rebound","Steam"],"picked":"Darkness","floor":8}],"player_experience":1197495,"relics_obtained":[{"floor":4,"key":"Potion Belt"},{"floor":7,"key":"Ice Cream"},{"floor":9,"key":"Matryoshka"}],"event_choices":[],"is_beta":false,"boss_relics":[],"items_purged_floors":[],"is_endless":false,"potions_floor_spawned":[7],"killed_by":"3 Sentries","ascension_level":13}}