{"host":"c95txy58ipbu969e","time":1613498106,"event":{"mods":["Act Like it!","Arknights","BaseMod","Gensokyo","Minty Spire (QoL Compilation)","Quick Restart","Ruina","StSLib"],"gold_per_floor":[118,118,129,129,147,147,147,179,203,221,250,260,272,272,272,371,371,389,389,389,69,69,98,144,144,144,154,187,198,98,126,126,229,229,240,258,258,277,277,277,277],"floor_reached":40,"language":"ENG","playtime":3068,"items_purged":["ats:Strike C","Doubt"],"score":406,"play_id":"820eee9f-610a-429f-aad7-bcc6c95e5d70","local_time":"20210217015506","is_ascension_mode":true,"campfire_choices":[{"data":"ats:Emotion Absorption","floor":6.0,"key":"SMITH"},{"floor":15.0,"key":"REST"},{"data":"ruina:Mimicry","floor":25.0,"key":"SMITH"},{"data":"ruina:Thirst","floor":32.0,"key":"SMITH"}],"circlet_count":0,"master_deck":["ats:Strike G","ats:Strike S","ats:Strike V","ats:Armor Crushing Shot","ats:Defend","ats:Defend","ats:Defend","ats:Defend","ats:Emotion Absorption+1","ats:Apocalypse","ats:Shell Defense+1","ats:Serious Mode","ats:Chain Hook","ats:Mental Burst","ats:Encircling Forest","Injury","ats:Soul Rend","ruina:Thirst+1","ruina:Mimicry+1","ats:Red Shift","ats:Shell Defense","ats:Cat Scratch","ats:Closed Bolt Burst Fire+1","Gensokyo:GreaterSplit","Doubt","Gensokyo:Dawn"],"relics":["ats:Sanity","NeowsBlessing","Gensokyo:CelestialsFlawlessClothing","Anchor","ats:Originium","ats:Spiritual Recovery","StrikeDummy","Dead Branch","Coffee Dripper","Mango","Strawberry","Pear","Shuriken","CaptainsWheel","Busted Crown"],"acts_visited":["Gensokyo:Gensokyo","ruina:Briah","Gensokyo:Gensokyoest"],"potions_floor_usage":[40],"damage_taken":[{"damage":0.0,"enemies":"Gensokyo:2_Kodama","floor":1.0,"turns":1.0},{"damage":0.0,"enemies":"Gensokyo:Gryphon","floor":3.0,"turns":1.0},{"damage":0.0,"enemies":"Gensokyo:Python","floor":5.0,"turns":1.0},{"damage":17.0,"enemies":"Gensokyo:Mamizou","floor":8.0,"turns":9.0},{"damage":4.0,"enemies":"Gensokyo:VengefulSpirit","floor":10.0,"turns":5.0},{"damage":56.0,"enemies":"Gensokyo:Aya","floor":11.0,"turns":6.0},{"damage":2.0,"enemies":"Gensokyo:3_Kodama","floor":12.0,"turns":4.0},{"damage":6.0,"enemies":"Gensokyo:2_Rabbits","floor":13.0,"turns":3.0},{"damage":42.0,"enemies":"Gensokyo:Kokoro","floor":16.0,"turns":10.0},{"damage":42.0,"enemies":"ruina:BadWolf","floor":18.0,"turns":5.0},{"damage":9.0,"enemies":"ruina:ServantOfWrath","floor":23.0,"turns":4.0},{"damage":0.0,"enemies":"ruina:Nosferatu","floor":27.0,"turns":2.0},{"damage":48.0,"enemies":"ruina:Mountain","floor":28.0,"turns":7.0},{"damage":16.0,"enemies":"ruina:KingOfGreed","floor":29.0,"turns":5.0},{"damage":15.0,"enemies":"ruina:ServantOfWrath","floor":31.0,"turns":5.0},{"damage":88.0,"enemies":"ruina:Ozma","floor":33.0,"turns":9.0},{"damage":35.0,"enemies":"Gensokyo:3_Boulders","floor":35.0,"turns":5.0},{"damage":21.0,"enemies":"Gensokyo:AncientGuardian","floor":36.0,"turns":4.0},{"damage":64.0,"enemies":"Gensokyo:Sharpion","floor":38.0,"turns":6.0},{"damage":43.0,"enemies":"Gensokyo:Sharpion","floor":39.0,"turns":11.0},{"damage":190,"enemies":"Gensokyo:Kasen","floor":40,"turns":10}],"seed_played":"2637303307730905049","potions_obtained":[{"floor":3.0,"key":"Strength Potion"},{"floor":5.0,"key":"Block Potion"},{"floor":11.0,"key":"LiquidMemories"},{"floor":12.0,"key":"SpeedPotion"},{"floor":18.0,"key":"Regen Potion"}],"is_trial":false,"path_per_floor":["M","?","M","?","M","R","?","E","T","M","E","M","M","?","R","B",null,"M","?","?","$","?","E","T","R","T","M","E","M","$","E","R","B",null,"M","M","?","M","?","E"],"character_chosen":"DOCTOR_CLASS","items_purchased":["ruina:Mimicry","ats:Red Shift"],"campfire_rested":1,"item_purchase_floors":[21,21],"current_hp_per_floor":[72,72,72,72,72,72,54,48,48,51,7,11,9,9,30,6,72,41,41,41,41,55,76,76,76,86,86,75,96,96,86,86,51,98,63,46,46,17,17,0,0],"gold":277,"neow_bonus":"THREE_ENEMY_KILL","is_daily":false,"chose_seed":false,"campfire_upgraded":3,"win_rate":0.0,"timestamp":1613498106,"path_taken":["M","?","M","?","M","R","?","E","T","M","E","M","?","?","R","BOSS","M","?","?","$","?","E","?","R","T","M","E","M","?","E","R","BOSS","M","M","?","M","?","E"],"items_purchased_type":["Card","Card"],"build_version":"2020-12-22","purchased_purges":2,"victory":false,"max_hp_per_floor":[72,72,72,72,72,72,72,72,72,72,72,72,72,72,72,72,72,72,67,67,67,81,88,88,88,98,98,98,98,98,98,98,98,98,98,98,98,98,98,98,98],"card_choices":[{"not_picked":["ats:Assault Order","ats:Shadow Raid","ats:Rapid Magazine"],"picked":"SKIP","floor":1.0},{"not_picked":["ats:Explosion Area Strengthen","ats:Hammer On"],"picked":"ats:Apocalypse","floor":3.0},{"not_picked":["ats:Cat Scratch","ats:Blood Oath"],"picked":"ats:Serious Mode","floor":5.0},{"not_picked":["ats:Poison Spread","ats:Rapid Magazine"],"picked":"ats:Chain Hook","floor":8.0},{"not_picked":["ats:Powerful Strike","ats:Directed Diagnosis","ats:Roar Of Ursus"],"picked":"SKIP","floor":10.0},{"not_picked":["ats:Powerful Strike","ats:Directed Diagnosis","ats:Roar Of Ursus"],"picked":"SKIP","floor":10.0},{"not_picked":["ats:Hammer On","ats:Absolute Focus"],"picked":"ats:Mental Burst","floor":11.0},{"not_picked":["ats:Leaping Hammer","ats:Flexible Camouflage","ats:LN2 Cannon"],"picked":"SKIP","floor":12.0},{"not_picked":["ats:Assault Order","ats:Hammer On"],"picked":"ats:Encircling Forest","floor":13.0},{"not_picked":["ats:True Silver Slash","ats:Calcification"],"picked":"ats:Soul Rend","floor":16.0},{"not_picked":["ats:Closed Bolt Burst Fire","ats:Curse Doll","ats:Very Hot Blade+1"],"picked":"SKIP","floor":18.0},{"not_picked":["ruina:Nihil","ruina:HomingInstinct"],"picked":"ruina:Thirst","floor":19.0},{"not_picked":["ats:Flexible Camouflage","ats:Dogmatic Field"],"picked":"ats:Shell Defense","floor":23.0},{"not_picked":["ats:Very Hot Blade","ats:Powerful Strike","ats:Apocalypse"],"picked":"SKIP","floor":27.0},{"not_picked":["ats:Collapsing Strike","ats:Very Hot Blade","ats:Guard Mode"],"picked":"SKIP","floor":28.0},{"not_picked":["ats:Very Hot Blade+1","ats:Revitalization"],"picked":"ats:Cat Scratch","floor":29.0},{"not_picked":["ats:Revitalization+1","ats:Part Time Job","ats:Poison Spread+1"],"picked":"SKIP","floor":31.0},{"not_picked":[],"picked":"ats:Closed Bolt Burst Fire+1","floor":35.0},{"not_picked":["ats:Consecutive Shot Auto+1"],"picked":"SKIP","floor":36.0},{"not_picked":["ats:Cat Scratch+1"],"picked":"SKIP","floor":38.0},{"not_picked":["Gensokyo:LifeSpringInfinity","Gensokyo:RisingWorld"],"picked":"Gensokyo:Dawn","floor":39.0}],"player_experience":276103,"relics_obtained":[{"floor":8.0,"key":"Anchor"},{"floor":8.0,"key":"ats:Originium"},{"floor":9.0,"key":"ats:Spiritual Recovery"},{"floor":11.0,"key":"ats:Originium"},{"floor":11.0,"key":"StrikeDummy"},{"floor":23.0,"key":"Strawberry"},{"floor":23.0,"key":"ats:Originium"},{"floor":26.0,"key":"Pear"},{"floor":28.0,"key":"Shuriken"},{"floor":28.0,"key":"ats:Originium"},{"floor":31.0,"key":"CaptainsWheel"}],"event_choices":[],"is_beta":false,"boss_relics":[{"not_picked":["SacredBark","Black Star"],"picked":"Coffee Dripper"},{"not_picked":["Runic Pyramid","Calling Bell"],"picked":"Busted Crown"}],"items_purged_floors":[21,30],"is_endless":false,"potions_floor_spawned":[3,5,11,12,16,18,27,28,31,35],"killed_by":"Gensokyo:Kasen","ascension_level":2}}