{"host":"v86vpwf004p2esb7","time":1613469329,"event":{"mods":["AchievementEnabler","BaseMod","BetterRewards","Colored Powertips","Minty Spire (QoL Compilation)","Quick Restart","StSLib","Transform Curses"],"gold_per_floor":[117,82,82,96,107,107,141,156,209,239,239,255,281,299,299,404,404,416,515,79,98,123,123],"floor_reached":22,"language":"ENG","playtime":973,"items_purged":[],"score":309,"play_id":"5c48a90f-f1df-4f20-a1d1-e21dfcb11c36","local_time":"20210216015529","is_ascension_mode":true,"campfire_choices":[{"data":"FlurryOfBlows","floor":6.0,"key":"SMITH"},{"data":"ForeignInfluence","floor":15,"key":"SMITH"}],"circlet_count":0,"master_deck":["Strike_P","Strike_P","Strike_P","Strike_P","Defend_P","Defend_P","Defend_P","Defend_P","Eruption+1","Vigilance","CarveReality","Tantrum","CarveReality","Protect","FlurryOfBlows+1","EmptyBody","ForeignInfluence+1","Establishment+1","LikeWater","Prostrate","EmptyFist","Crescendo","Wish","FollowUp","Consecrate+1","Crescendo"],"relics":["PureWater","Yang","Matryoshka","Meat on the Bone","Omamori","Art of War","Centennial Puzzle","Pantograph","Black Star","Molten Egg 2","HandDrill"],"acts_visited":["Exordium","TheCity"],"potions_floor_usage":[22,22],"damage_taken":[{"damage":0.0,"enemies":"Jaw Worm","floor":1.0,"turns":1.0},{"damage":0.0,"enemies":"2 Louse","floor":4.0,"turns":2.0},{"damage":0.0,"enemies":"Cultist","floor":5.0,"turns":2.0},{"damage":0.0,"enemies":"Lagavulin","floor":7.0,"turns":3.0},{"damage":0,"enemies":"Lots of Slimes","floor":8,"turns":3},{"damage":0,"enemies":"Gremlin Nob","floor":10,"turns":2},{"damage":4,"enemies":"Large Slime","floor":12,"turns":3},{"damage":0,"enemies":"Lagavulin","floor":13,"turns":6},{"damage":11,"enemies":"Gremlin Gang","floor":14,"turns":4},{"damage":21,"enemies":"Hexaghost","floor":16,"turns":6},{"damage":7,"enemies":"Shell Parasite","floor":18,"turns":2},{"damage":12,"enemies":"3 Byrds","floor":21,"turns":4},{"damage":56,"enemies":"Cultist and Chosen","floor":22,"turns":6}],"seed_played":"-1274088190540273860","potions_obtained":[{"floor":5.0,"key":"FearPotion"},{"floor":8,"key":"Explosive Potion"},{"floor":12,"key":"BottledMiracle"},{"floor":16,"key":"Explosive Potion"}],"is_trial":false,"path_per_floor":["M","?","?","M","M","R","E","M","T","E","?","M","E","M","R","B",null,"M","?","$","M","M"],"character_chosen":"WATCHER","items_purchased":["Yang","CarveReality","Matryoshka","Tantrum","CarveReality","Molten Egg 2","HandDrill","Consecrate+1"],"campfire_rested":0,"item_purchase_floors":[0,0,0,0,0,20,20,20],"current_hp_per_floor":[40,58,58,58,58,58,58,58,58,58,58,54,54,43,43,47,72,65,65,65,53,0,0],"gold":123,"neow_bonus":"","is_daily":false,"chose_seed":false,"campfire_upgraded":2,"win_rate":0.0,"timestamp":1613469329,"path_taken":["M","?","?","?","?","R","E","M","T","E","?","M","E","?","R","BOSS","M","?","$","M","M"],"items_purchased_type":["Relic","Card","Relic","Card","Card","Relic","Relic","Card"],"build_version":"2020-12-22","purchased_purges":0,"victory":false,"max_hp_per_floor":[72,72,72,72,72,72,72,72,72,72,72,72,72,72,72,72,72,72,72,72,72,72,72],"card_choices":[{"not_picked":["TalkToTheHand","Crescendo"],"picked":"Protect","floor":1.0},{"not_picked":["ClearTheMind","JustLucky"],"picked":"FlurryOfBlows","floor":4.0},{"not_picked":["PathToVictory","FlyingSleeves"],"picked":"EmptyBody","floor":5.0},{"not_picked":["Wallop","BowlingBash"],"picked":"ForeignInfluence","floor":7},{"not_picked":["Halt","FlyingSleeves"],"picked":"Establishment","floor":8},{"not_picked":["Pray","CrushJoints"],"picked":"LikeWater","floor":10},{"not_picked":["PathToVictory","Swivel"],"picked":"Prostrate","floor":12},{"not_picked":["Wish","Worship"],"picked":"EmptyFist","floor":13},{"not_picked":["CutThroughFate","Indignation"],"picked":"Crescendo","floor":14},{"not_picked":["Vault","Blasphemy"],"picked":"Wish","floor":16},{"not_picked":["JustLucky+1","Evaluate"],"picked":"FollowUp","floor":18},{"not_picked":["CutThroughFate+1","Collect+1"],"picked":"Crescendo","floor":21}],"player_experience":272569,"relics_obtained":[{"floor":7,"key":"Meat on the Bone"},{"floor":9,"key":"Omamori"},{"floor":9,"key":"Art of War"},{"floor":10,"key":"Centennial Puzzle"},{"floor":13,"key":"Pantograph"}],"event_choices":[{"damage_healed":18.0,"max_hp_gain":0.0,"max_hp_loss":0.0,"gold_gain":0.0,"event_name":"The Cleric","player_choice":"Healed","floor":2.0,"gold_loss":35.0,"damage_taken":0.0},{"damage_healed":0.0,"max_hp_gain":0.0,"max_hp_loss":0.0,"gold_gain":0.0,"event_name":"Accursed Blacksmith","player_choice":"Forge","floor":3.0,"gold_loss":0.0,"damage_taken":0.0,"cards_upgraded":["Eruption"]},{"damage_healed":0,"gold_gain":0,"player_choice":"Upgraded","damage_taken":0,"max_hp_gain":0,"max_hp_loss":0,"event_name":"Upgrade Shrine","floor":11,"gold_loss":0,"cards_upgraded":["Establishment"]},{"damage_healed":0,"gold_gain":99,"player_choice":"Stole From Cult","damage_taken":0,"max_hp_gain":0,"max_hp_loss":0,"event_name":"Nest","floor":19,"gold_loss":0}],"is_beta":false,"boss_relics":[{"not_picked":["Cursed Key","Sozu"],"picked":"Black Star"}],"items_purged_floors":[],"is_endless":false,"potions_floor_spawned":[5,8,12,14,16,21],"killed_by":"Cultist and Chosen","ascension_level":2}}