{"host":"d76q0rb9a0s9bgr5","time":1613484016,"event":{"mods":["BaseMod","Downfall","Hubris","Minty Spire (QoL Compilation)","StSLib"],"gold_per_floor":[99,99,199,199,209,209,209,119,129,143,170,188,206,22,22,22,22,22],"floor_reached":16,"language":"ENG","playtime":1020,"items_purged":["sneckomod:Strike","sneckomod:Defend"],"score":100,"play_id":"8bf8990b-53de-408b-aa01-7cc1f4b37b2d","local_time":"20210216150016","is_ascension_mode":false,"campfire_choices":[{"data":"sneckomod:UnknownDexterity","floor":15,"key":"SMITH"}],"circlet_count":0,"master_deck":["sneckomod:Strike","sneckomod:Strike","sneckomod:Defend","sneckomod:Defend","sneckomod:TailWhip","sneckomod:SnekBite","sneckomod:Unknown","sneckomod:Unknown","sneckomod:UnknownUncommonSkill","sneckomod:UnknownStrength","sneckomod:UnknownStrike","sneckomod:UnknownStrength","sneckomod:UnknownDexterity+1","sneckomod:UnknownUncommonPower"],"relics":["sneckomod:SneckoSoul","downfall:HeartsMalice","Unceasing Top","Tiny Chest","Orichalcum"],"acts_visited":["Exordium"],"potions_floor_usage":[16],"damage_taken":[{"damage":0,"enemies":"Jaw Worm","floor":1,"turns":1},{"damage":0,"enemies":"Cultist","floor":2,"turns":1},{"damage":0,"enemies":"Small Slimes","floor":4,"turns":1},{"damage":12,"enemies":"Blue Slaver","floor":5,"turns":2},{"damage":5,"enemies":"downfall:FleeingMerchant","floor":8,"turns":4},{"damage":4,"enemies":"3 Louse","floor":9,"turns":5},{"damage":7,"enemies":"2 Fungi Beasts","floor":10,"turns":3},{"damage":26,"enemies":"Lagavulin","floor":11,"turns":8},{"damage":5,"enemies":"downfall:LooterAlt","floor":12,"turns":3},{"damage":25,"enemies":"Blue Slaver","floor":13,"turns":5},{"damage":5,"enemies":"downfall:FleeingMerchant","floor":14,"turns":4},{"damage":50,"enemies":"WA_ARCHETYPE_RETAIN","floor":16,"turns":9}],"seed_played":"3260874850269365269","potions_obtained":[{"floor":5,"key":"sneckomod:OffclassReductionPotion"},{"floor":10,"key":"FairyPotion"},{"floor":11,"key":"Swift Potion"},{"floor":13,"key":"Explosive Potion"}],"is_trial":false,"path_per_floor":["M","M","?","M","M","T","T","$","M","M","E","M","M","$","R","B"],"character_chosen":"THE_SNECKO","items_purchased":["sneckomod:UnknownUncommonPower"],"campfire_rested":0,"item_purchase_floors":[14],"current_hp_per_floor":[90,90,90,90,78,78,78,73,69,62,36,31,26,21,21,0,0,0],"gold":22,"neow_bonus":"THREE_ENEMY_KILL","is_daily":false,"chose_seed":false,"campfire_upgraded":1,"win_rate":0.0,"timestamp":1613484016,"path_taken":["M","M","?","?","?","?","T","$","M","M","E","M","M","?","R","BOSS"],"items_purchased_type":["Card"],"build_version":"2020-12-22","purchased_purges":2,"victory":false,"max_hp_per_floor":[90,90,90,90,90,90,90,90,90,90,90,90,90,90,90,90,90,90],"card_choices":[{"not_picked":["sneckomod:SnekBeam","sneckomod:SoulDraw","sneckomod:RainOfDice"],"picked":"SKIP","floor":1},{"not_picked":["sneckomod:UnknownCommonSkill","sneckomod:SoulDraw"],"picked":"sneckomod:UnknownUncommonSkill","floor":2},{"not_picked":["sneckomod:Rotation","sneckomod:UnknownUncommonAttack","sneckomod:Nope"],"picked":"SKIP","floor":4},{"not_picked":["sneckomod:UnknownUncommonAttack","sneckomod:ImprovisedAttack"],"picked":"sneckomod:UnknownStrength","floor":5},{"not_picked":["sneckomod:UnknownVulnerable","sneckomod:UnknownCommonAttack","sneckomod:SoulRoll"],"picked":"SKIP","floor":8},{"not_picked":["sneckomod:MasterEye","sneckomod:UnknownUncommonSkill","sneckomod:TrashToTreasure"],"picked":"SKIP","floor":9},{"not_picked":["sneckomod:TrashToTreasure","sneckomod:UnknownCommonSkill","sneckomod:WideSting"],"picked":"SKIP","floor":10},{"not_picked":["sneckomod:UnknownUncommonAttack","sneckomod:UnknownDraw"],"picked":"sneckomod:UnknownStrike","floor":11},{"not_picked":["sneckomod:SoulDraw","sneckomod:UnknownStrike"],"picked":"sneckomod:UnknownStrength","floor":12},{"not_picked":["sneckomod:SnakeSap","sneckomod:DiceBlock"],"picked":"sneckomod:UnknownDexterity","floor":13},{"not_picked":["sneckomod:UnknownDexterity","sneckomod:Cheat","sneckomod:Unknown0Cost"],"picked":"SKIP","floor":14}],"player_experience":149022,"relics_obtained":[{"floor":6,"key":"Unceasing Top"},{"floor":7,"key":"Tiny Chest"},{"floor":11,"key":"Orichalcum"}],"event_choices":[],"is_beta":false,"boss_relics":[],"items_purged_floors":[8,14],"is_endless":false,"potions_floor_spawned":[5,10,11,13],"killed_by":"WA_ARCHETYPE_RETAIN","ascension_level":0}}