{"host":"6406jj8da6015sxr","time":1613491594,"event":{"mods":["AchievementEnabler","BaseMod","Colored Map","DeckTracker","Keyboard Shortcuts","Minty Spire (QoL Compilation)","Permanent Neow","Relic Stats","SuperFastMode","everything is the same but u backflip on backflip"],"gold_per_floor":[113,113,14,30,50,70,70,88,88,15,15,26,26,43,43,145,145,160,210,230,241,241,241,251,251,251,251,350,366,366,382,382,478,478,497,514,531,143,143,143,162,175,175,175,190,208,208,220,220,220],"floor_reached":51,"language":"KOR","playtime":3103,"items_purged":["Strike_B"],"score":672,"play_id":"86456f9c-e06e-4102-8a9e-d20f48459e83","local_time":"20210217010634","is_ascension_mode":false,"campfire_choices":[{"data":"Zap","floor":7.0,"key":"SMITH"},{"data":"Dualcast","floor":11.0,"key":"SMITH"},{"data":"Hello World","floor":13.0,"key":"SMITH"},{"data":"Turbo","floor":15.0,"key":"SMITH"},{"floor":23.0,"key":"REST"},{"data":"Creative AI","floor":25.0,"key":"SMITH"},{"data":"Turbo","floor":30.0,"key":"SMITH"},{"data":"Barrage","floor":32,"key":"SMITH"},{"data":"Echo Form","floor":40,"key":"SMITH"},{"data":"Compile Driver","floor":44,"key":"SMITH"},{"floor":47,"key":"REST"},{"data":"Compile Driver","floor":49,"key":"SMITH"}],"circlet_count":0,"master_deck":["Defend_B","Defend_B","Zap+1","Dualcast+1","Undo","Hello World+1","Barrage+1","Capacitor","Sweeping Beam","Turbo+1","Compile Driver+1","Cold Snap","Turbo+1","Aggregate+1","Self Repair","Rebound","Creative AI+1","Redo+1","Redo+1","Hologram+1","Glacier+1","Rainbow+1","Self Repair+1","Compile Driver","Sweeping Beam","Echo Form+1","Aggregate+1","Compile Driver+1","Reinforced Body+1","Amplify+1","Sweeping Beam","Stack+1","Hologram+1","Compile Driver+1","Consume+1","Turbo+1"],"relics":["Cracked Core","Gremlin Horn","Toxic Egg 2","Nuclear Battery","Ornamental Fan","Inserter","ClockworkSouvenir","StrikeDummy"],"acts_visited":["Exordium","TheCity","TheBeyond"],"potions_floor_usage":[33,33,33],"damage_taken":[{"damage":0.0,"enemies":"Small Slimes","floor":1.0,"turns":3.0},{"damage":4.0,"enemies":"Cultist","floor":4.0,"turns":4.0},{"damage":0.0,"enemies":"2 Louse","floor":5.0,"turns":2.0},{"damage":4.0,"enemies":"Blue Slaver","floor":6.0,"turns":4.0},{"damage":4.0,"enemies":"3 Louse","floor":8.0,"turns":2.0},{"damage":11.0,"enemies":"Exordium Wildlife","floor":12.0,"turns":3.0},{"damage":0.0,"enemies":"Lots of Slimes","floor":14.0,"turns":2.0},{"damage":21.0,"enemies":"Hexaghost","floor":16.0,"turns":8.0},{"damage":21.0,"enemies":"Chosen","floor":18.0,"turns":6.0},{"damage":20.0,"enemies":"2 Thieves","floor":20.0,"turns":4.0},{"damage":37.0,"enemies":"Snake Plant","floor":21.0,"turns":4.0},{"damage":1.0,"enemies":"Snecko","floor":24.0,"turns":5.0},{"damage":0.0,"enemies":"Centurion and Healer","floor":29.0,"turns":7.0},{"damage":11.0,"enemies":"Sentry and Sphere","floor":31.0,"turns":4.0},{"damage":30,"enemies":"Collector","floor":33,"turns":9},{"damage":0,"enemies":"3 Shapes","floor":35,"turns":7},{"damage":26,"enemies":"3 Darklings","floor":36,"turns":7},{"damage":31,"enemies":"Sphere and 2 Shapes","floor":37,"turns":6},{"damage":21,"enemies":"Writhing Mass","floor":41,"turns":9},{"damage":0,"enemies":"3 Darklings","floor":42,"turns":6},{"damage":1,"enemies":"Jaw Worm Horde","floor":45,"turns":4},{"damage":42,"enemies":"Maw","floor":46,"turns":8},{"damage":0,"enemies":"Spire Growth","floor":48,"turns":6},{"damage":7,"enemies":"Awakened One","floor":50,"turns":15}],"seed_played":"-6651537088982671276","potions_obtained":[{"floor":1.0,"key":"SmokeBomb"},{"floor":4.0,"key":"SteroidPotion"},{"floor":12.0,"key":"PowerPotion"},{"floor":16.0,"key":"EssenceOfSteel"},{"floor":20.0,"key":"PowerPotion"},{"floor":24.0,"key":"LiquidBronze"},{"floor":29.0,"key":"EntropicBrew"},{"floor":41,"key":"DistilledChaos"},{"floor":46,"key":"Fruit Juice"}],"is_trial":false,"path_per_floor":["M","?","$","M","M","M","R","M","T","$","R","M","R","M","R","B",null,"M","?","M","M","?","R","M","R","T","?","?","M","R","M","R","B",null,"M","M","M","$","?","R","M","M","T","R","M","M","R","M","R","B",null],"character_chosen":"DEFECT","items_purchased":["Capacitor","Sweeping Beam","Aggregate+1","ClockworkSouvenir","Amplify+1","Sweeping Beam"],"campfire_rested":2,"item_purchase_floors":[3,3,10,38,38,38],"current_hp_per_floor":[54,54,54,50,50,46,46,42,42,42,42,31,31,38,38,24,75,61,61,48,18,18,40,46,46,46,32,32,49,49,55,55,35,80,80,80,76,76,76,76,80,80,80,80,80,38,62,80,80,73],"gold":220,"neow_bonus":"TRANSFORM_TWO_CARDS","is_daily":false,"chose_seed":false,"campfire_upgraded":10,"win_rate":0.0,"timestamp":1613491594,"path_taken":["M","?","$","M","M","M","R","M","T","?","R","M","R","M","R","BOSS","M","?","M","?","?","R","M","R","T","?","?","M","R","M","R","BOSS","M","M","M","$","?","R","M","M","T","R","M","M","R","M","R","BOSS"],"items_purchased_type":["Card","Card","Card","Relic","Card","Card"],"build_version":"2020-12-22","purchased_purges":1,"victory":true,"max_hp_per_floor":[75,75,75,75,75,75,75,75,75,75,75,75,75,75,75,75,75,75,75,75,75,75,75,75,75,75,80,80,80,80,80,80,80,80,80,80,80,80,80,80,80,80,80,80,80,80,80,80,80,80],"relic_stats":{"Inserter":[33],"Gremlin Horn":[28,28],"counters":[24,134],"Ornamental Fan":[140],"obtain_stats":[{"Inserter":34,"Gremlin Horn":2,"Ornamental Fan":26,"Toxic Egg 2":9,"Cracked Core":0,"StrikeDummy":43,"Nuclear Battery":17,"ClockworkSouvenir":38},{"Inserter":15,"Gremlin Horn":1,"Ornamental Fan":12,"Toxic Egg 2":5,"Cracked Core":0,"StrikeDummy":20,"Nuclear Battery":8,"ClockworkSouvenir":18},{"Inserter":67,"Gremlin Horn":3,"Ornamental Fan":47,"Toxic Egg 2":15,"Cracked Core":0,"StrikeDummy":102,"Nuclear Battery":28,"ClockworkSouvenir":87}]},"card_choices":[{"not_picked":["Scrape","Blizzard"],"picked":"Barrage","floor":1.0},{"not_picked":["Sweeping Beam","Loop"],"picked":"Turbo","floor":4.0},{"not_picked":["Defragment","Redo"],"picked":"Compile Driver","floor":5.0},{"not_picked":["Heatsinks","Turbo"],"picked":"Cold Snap","floor":6.0},{"not_picked":["Coolheaded","Sweeping Beam"],"picked":"Turbo","floor":8.0},{"not_picked":["Redo+1","BootSequence+1"],"picked":"Self Repair","floor":12.0},{"not_picked":["Cold Snap","Barrage"],"picked":"Rebound","floor":14.0},{"not_picked":["Thunder Strike","Fission+1"],"picked":"Creative AI","floor":16.0},{"not_picked":["Ball Lightning","Consume+1"],"picked":"Redo+1","floor":18.0},{"not_picked":["Doom and Gloom","Blizzard+1"],"picked":"Redo+1","floor":20.0},{"not_picked":["Sweeping Beam","Static Discharge"],"picked":"Hologram+1","floor":21.0},{"not_picked":["Rebound+1","Steam+1"],"picked":"Self Repair+1","floor":24.0},{"not_picked":["Heatsinks","Beam Cell"],"picked":"Compile Driver","floor":29.0},{"not_picked":["Ball Lightning","Leap+1"],"picked":"Sweeping Beam","floor":31},{"not_picked":["Buffer","Hyperbeam"],"picked":"Echo Form","floor":33},{"not_picked":["Gash+1","Blizzard+1"],"picked":"Aggregate+1","floor":35},{"not_picked":["Genetic Algorithm+1","Leap+1"],"picked":"Compile Driver","floor":36},{"not_picked":["Rebound+1","Steam+1"],"picked":"Reinforced Body+1","floor":37},{"not_picked":["Steam+1","Barrage+1"],"picked":"Stack+1","floor":41},{"not_picked":["Coolheaded+1","Chaos+1"],"picked":"Hologram+1","floor":42},{"not_picked":["Reboot+1","Fusion+1"],"picked":"Compile Driver+1","floor":45},{"not_picked":["Sunder","Loop"],"picked":"Consume+1","floor":46},{"not_picked":["Sweeping Beam+1","Aggregate+1"],"picked":"Turbo+1","floor":48}],"player_experience":22532,"relics_obtained":[{"floor":9.0,"key":"Toxic Egg 2"},{"floor":26.0,"key":"Ornamental Fan"},{"floor":43,"key":"StrikeDummy"}],"event_choices":[{"damage_healed":0.0,"max_hp_gain":0.0,"max_hp_loss":0.0,"gold_gain":0.0,"event_name":"WeMeetAgain","player_choice":"Gave Potion","floor":2.0,"gold_loss":0.0,"damage_taken":0.0,"relics_obtained":["Gremlin Horn"]},{"damage_healed":0.0,"max_hp_gain":0.0,"max_hp_loss":0.0,"gold_gain":100.0,"event_name":"The Joust","player_choice":"Bet on Murderer","floor":19.0,"gold_loss":50.0,"damage_taken":0.0},{"damage_healed":0.0,"max_hp_gain":0.0,"max_hp_loss":0.0,"gold_gain":0.0,"cards_transformed":["Strike_B","Strike_B"],"event_name":"Drug Dealer","player_choice":"Became Test Subject","floor":22.0,"gold_loss":0.0,"damage_taken":0.0,"cards_obtained":["Glacier","Rainbow"]},{"damage_healed":0.0,"max_hp_gain":5.0,"max_hp_loss":0.0,"gold_gain":0.0,"event_name":"Forgotten Altar","player_choice":"Shed Blood","floor":27.0,"gold_loss":0.0,"damage_taken":19.0},{"damage_healed":0.0,"max_hp_gain":0.0,"max_hp_loss":0.0,"gold_gain":99.0,"event_name":"Nest","player_choice":"Stole From Cult","floor":28.0,"gold_loss":0.0,"damage_taken":0.0},{"cards_removed":["Defend_B"],"damage_healed":0,"gold_gain":0,"player_choice":"Offered Basic","damage_taken":0,"max_hp_gain":0,"max_hp_loss":0,"event_name":"Bonfire Elementals","floor":39,"gold_loss":0}],"is_beta":false,"boss_relics":[{"not_picked":["Calling Bell","Velvet Choker"],"picked":"Nuclear Battery"},{"not_picked":["Runic Pyramid","SacredBark"],"picked":"Inserter"}],"items_purged_floors":[38],"is_endless":false,"potions_floor_spawned":[1,4,12,16,20,24,29,41,42,45,46],"ascension_level":0}}