{"host":"hf8yoqke32w15p1q","time":1613502171,"event":{"mods":["Aspiration","BaseMod","BetterRewards","Colored Powertips","Conspire","Duelist Mod","Hermit","Hubris","Infinite Spire","Jorbs\u0027s Wanderer Trilogy","Minty Spire (QoL Compilation)","Shop Mod","StSLib","The Animator","The Necromancer"],"gold_per_floor":[136,136,136,136,155,180,180,198,198,198,223,78,78,1,1,96,96,114,114,134,53,53,53,84,84,84,84,84],"floor_reached":27,"language":"ENG","playtime":934,"items_purged":[],"score":235,"play_id":"f26304f2-464d-40c7-b396-3544e95aa5c8","local_time":"20210216140251","is_ascension_mode":false,"campfire_choices":[{"data":"theDuelist:YamataDragon","floor":10,"key":"SMITH"},{"data":"theDuelist:ChimeratechOverdragon","floor":15,"key":"SMITH"},{"floor":23,"key":"REST"}],"circlet_count":0,"master_deck":["theDuelist:BabyDragon","theDuelist:CastleWalls","theDuelist:CastleWalls","theDuelist:CaveDragon","theDuelist:CaveDragon","theDuelist:LesserDragon","theDuelist:LesserDragon","theDuelist:Sparks","theDuelist:StormSparks+1","theDuelist:YamataDragon+1","theDuelist:BigFire","theDuelist:BurstBreath","theDuelist:DarkHorus","theDuelist:RedMedicine","theDuelist:ChimeratechOverdragon+1","theDuelist:DarkstormDragon","theDuelist:CastleDragonSouls","theDuelist:DragonMirror","theDuelist:BusterBladerDDS","theDuelist:BarrelDragon","theDuelist:ImperialOrder","theDuelist:DoomkaiserDragon"],"relics":["theDuelist:MillenniumPuzzle","theDuelist:CardPoolRelic","theDuelist:CardPoolBasicRelic","theDuelist:BoosterPackPoolRelic","theDuelist:CardPoolAddRelic","theDuelist:CardPoolMinusRelic","theDuelist:CardPoolSaveRelic","theDuelist:CardPoolOptionsRelic","infinitespire:PuzzleCube","Strawberry","infinitespire:Lychee Nut","Ornamental Fan","Dead Branch","theDuelist:MerchantPendant","SacredBark","InkBottle","infinitespire:Lucky Rock","aspiration:RitualStick","Meat on the Bone"],"acts_visited":["Exordium","TheCity"],"potions_floor_usage":[],"damage_taken":[{"damage":0,"enemies":"2 Louse","floor":1,"turns":1},{"damage":2,"enemies":"Jaw Worm","floor":5,"turns":3},{"damage":18,"enemies":"3 Sentries","floor":6,"turns":5},{"damage":2,"enemies":"Small Slimes","floor":8,"turns":2},{"damage":9,"enemies":"Lagavulin","floor":11,"turns":3},{"damage":16,"enemies":"The Guardian","floor":16,"turns":9},{"damage":29,"enemies":"2 Thieves","floor":18,"turns":4},{"damage":28,"enemies":"Shell Parasite","floor":20,"turns":6},{"damage":38,"enemies":"conspire:SneckoGhost","floor":24,"turns":8},{"damage":20,"enemies":"conspire:HollyBat","floor":27,"turns":3}],"seed_played":"6157443841104309623","potions_obtained":[{"floor":5,"key":"theDuelist:StunPotion"},{"floor":8,"key":"theDuelist:BurningPotionB"},{"floor":16,"key":"BlessingOfTheForge"}],"is_trial":false,"path_per_floor":["M","?","T","?","M","E","?","M","T","R","E","$","?","$","R","B",null,"M","?","M","$","T","R","E","?","T","M"],"character_chosen":"THE_DUELIST","items_purchased":["theDuelist:MerchantPendant","theDuelist:ChimeratechOverdragon","theDuelist:DarkstormDragon","theDuelist:CastleDragonSouls","theDuelist:DragonMirror","theDuelist:ImperialOrder"],"campfire_rested":1,"item_purchase_floors":[12,12,12,12,14,21],"current_hp_per_floor":[80,80,80,69,67,49,49,50,50,50,46,46,46,46,46,46,65,39,60,38,38,38,57,25,12,12,0,0],"gold":84,"neow_bonus":"UPGRADE_CARD","is_daily":false,"chose_seed":false,"campfire_upgraded":2,"win_rate":0.0,"timestamp":1613502171,"path_taken":["M","?","?","?","M","E","?","M","T","R","E","?","?","$","R","BOSS","M","?","M","$","?","R","E","?","T","M"],"items_purchased_type":["Relic","Card","Card","Card","Card","Card"],"build_version":"2020-12-22","purchased_purges":0,"victory":false,"max_hp_per_floor":[80,80,80,87,87,65,65,65,65,65,65,65,65,65,65,65,65,65,65,65,65,65,65,65,65,65,65,65],"card_choices":[{"not_picked":["theDuelist:LightningDarts","theDuelist:Terraforming","theDuelist:Wiseman","theDuelist:DarkCreator"],"picked":"theDuelist:BigFire","floor":1},{"not_picked":["theDuelist:MaskedDragon","theDuelist:CurseDragon","theDuelist:Kabazauls","theDuelist:BusterBlader"],"picked":"theDuelist:BurstBreath","floor":5},{"not_picked":["theDuelist:BlackBrutdrago","theDuelist:DragonPiper","theDuelist:Anthrosaurus","theDuelist:MadSwordBeast"],"picked":"theDuelist:DarkHorus","floor":6},{"not_picked":["theDuelist:RainbowOverdragon","theDuelist:PreventRat","theDuelist:Jinzo","theDuelist:HarpieFeather"],"picked":"theDuelist:RedMedicine","floor":8},{"not_picked":["theDuelist:SoulCharge","theDuelist:Frostosaurus","theDuelist:Duoterion","theDuelist:BackupSoldier","theDuelist:AxeDespair"],"picked":"SKIP","floor":11},{"not_picked":["theDuelist:SeismicShockwave","theDuelist:LostWorld","theDuelist:BlasterDragonInfernos","theDuelist:ArmedProtectorDragon"],"picked":"theDuelist:BusterBladerDDS","floor":16},{"not_picked":["theDuelist:TrihornedDragon","theDuelist:MadFlameKaiju","theDuelist:GiantRex","theDuelist:BlackStego"],"picked":"theDuelist:BarrelDragon","floor":18},{"not_picked":["theDuelist:DreadnoughtDreadnoid","theDuelist:DarkDriceratops","theDuelist:BlackBrutdrago","theDuelist:BlackVeloci","theDuelist:BlackTyranno"],"picked":"SKIP","floor":20},{"not_picked":["theDuelist:OceanDragonLord","theDuelist:FiveHeaded","theDuelist:DefensiveTactics","theDuelist:BusterBladerDDS"],"picked":"theDuelist:DoomkaiserDragon","floor":24}],"player_experience":486912,"relics_obtained":[{"floor":3,"key":"infinitespire:PuzzleCube"},{"floor":6,"key":"infinitespire:Lychee Nut"},{"floor":9,"key":"Ornamental Fan"},{"floor":11,"key":"Dead Branch"},{"floor":22,"key":"InkBottle"},{"floor":24,"key":"infinitespire:Lucky Rock"},{"floor":26,"key":"Meat on the Bone"}],"event_choices":[{"damage_healed":0,"gold_gain":0,"player_choice":"Leave","damage_taken":0,"max_hp_gain":0,"max_hp_loss":0,"event_name":"conspire:Investor","floor":2,"gold_loss":0},{"damage_healed":0,"gold_gain":0,"player_choice":"Success","damage_taken":18,"relics_obtained":["Strawberry"],"max_hp_gain":0,"max_hp_loss":0,"event_name":"Scrap Ooze","floor":4,"gold_loss":0},{"damage_healed":0,"gold_gain":0,"player_choice":"Ignored","damage_taken":0,"max_hp_gain":0,"max_hp_loss":0,"event_name":"Golden Idol","floor":13,"gold_loss":0},{"damage_healed":21,"gold_gain":0,"player_choice":"Heal","damage_taken":0,"max_hp_gain":0,"max_hp_loss":0,"event_name":"The Library","floor":19,"gold_loss":0}],"is_beta":false,"boss_relics":[{"not_picked":["Runic Cube","infinitespire:Burning Sword"],"picked":"SacredBark"}],"items_purged_floors":[],"is_endless":false,"potions_floor_spawned":[5,8,16,18],"killed_by":"conspire:HollyBat","ascension_level":0}}