{"host":"684z1xpuwaoqmmh1","time":1613485125,"event":{"mods":["A Magickal Journey","BaseMod","Downfall","Hermit","Jorbs\u0027s Wanderer Trilogy","Marisa????????","Minty Spire (QoL Compilation)","Robot Space Explorer","Shade Mod","StSLib","The Bug Knight","The Dragon Tamer","The Elementalist","The Hayseed","The Hierophant","The Marked","The Mystic","The Runesmith","The Saiyan","The Senshi","The Spell Scribe","The Vixen","TheBandit","TheFirefly"],"gold_per_floor":[109,121,136,311,326,326,358,358,381,391,93,93,127,144,144,249,249,265,180,80,70,169,202,202,217,269,269,279,296,326,326,326,431,431,450,107,120,134,152,152,177,177,177,207,257,257,268,287,287,287,287,287,33,62,62],"floor_reached":56,"language":"ENG","playtime":2996,"items_purged":["Doubt","theMarked:Defend","theMarked:Strike"],"score":1728,"play_id":"ab1bf10f-9368-4802-898c-af018dd35347","local_time":"20210216161845","is_ascension_mode":true,"campfire_choices":[{"data":"theMarked:Challenge","floor":6.0,"key":"SMITH"},{"data":"theMarked:SoldierOfQuellstein","floor":8.0,"key":"SMITH"},{"data":"theMarked:ComboAttacks","floor":15.0,"key":"SMITH"},{"floor":24.0,"key":"REST"},{"floor":32.0,"key":"RECALL"},{"floor":40.0,"key":"REST"},{"floor":42.0,"key":"REST"},{"floor":49.0,"key":"REST"},{"floor":52.0,"key":"REST"}],"circlet_count":0,"master_deck":["theMarked:Strike","theMarked:Strike","theMarked:Strike","theMarked:Defend","theMarked:Defend","theMarked:Defend","theMarked:SoldierOfQuellstein+1","theMarked:AttractMetal","theMarked:KeepCalmAndFight","theMarked:WastefulAttack","theMarked:RepellingDischarge","theMarked:Challenge+1","theMarked:TakeCover","theMarked:ComboAttacks+1","theMarked:TwofoldDefense","theMarked:Memento+1","theMarked:Levitate+1","theMarked:HeightenedSenses","theMarked:RogueSparks","theMarked:Friction+1","theMarked:Standoff+1","theMarked:BanishingWave","theMarked:TakeOffHeels+1","theMarked:DispelDoubt","theMarked:Heritage","Pain","theMarked:Standoff+1"],"relics":["theMarked:ArtifactOfAir","hexamod:BolsterEngine","MealTicket","Strawberry","PreservedInsect","Fusion Hammer","Singing Bowl","bronze:BronzeIdol","Guardian:PocketSentry","theMarked:VonisonLock","Mercury Hourglass","Busted Crown","War Paint","Lizard Tail","Gremlin Horn","WarpedTongs","Ornamental Fan","InkBottle"],"acts_visited":["Exordium","TheCity","TheBeyond","TheEnding"],"potions_floor_usage":[55,55,55],"damage_taken":[{"damage":0.0,"enemies":"Cultist","floor":1.0,"turns":3.0},{"damage":2.0,"enemies":"Jaw Worm","floor":2.0,"turns":5.0},{"damage":0.0,"enemies":"Small Slimes","floor":3.0,"turns":1.0},{"damage":0.0,"enemies":"3 Louse","floor":5.0,"turns":2.0},{"damage":21.0,"enemies":"Gremlin Nob","floor":7.0,"turns":5.0},{"damage":0.0,"enemies":"Blue Slaver","floor":10.0,"turns":4.0},{"damage":7.0,"enemies":"3 Sentries","floor":13.0,"turns":7.0},{"damage":0.0,"enemies":"Lots of Slimes","floor":14.0,"turns":1.0},{"damage":1.0,"enemies":"The Guardian","floor":16.0,"turns":17.0},{"damage":0.0,"enemies":"Chosen","floor":18.0,"turns":6.0},{"damage":0.0,"enemies":"2 Thieves","floor":21.0,"turns":4.0},{"damage":26.0,"enemies":"Slavers","floor":23.0,"turns":6.0},{"damage":0.0,"enemies":"Snake Plant","floor":25.0,"turns":5.0},{"damage":0.0,"enemies":"Centurion and Healer","floor":28.0,"turns":8.0},{"damage":1.0,"enemies":"Shelled Parasite and Fungi","floor":29.0,"turns":6.0},{"damage":8.0,"enemies":"HollowMod:Nosk","floor":30.0,"turns":8.0},{"damage":4.0,"enemies":"Collector","floor":33.0,"turns":11.0},{"damage":0.0,"enemies":"3 Darklings","floor":35.0,"turns":6.0},{"damage":1.0,"enemies":"Orb Walker","floor":37.0,"turns":4.0},{"damage":9.0,"enemies":"Sphere and 2 Shapes","floor":38.0,"turns":5.0},{"damage":0.0,"enemies":"Transient","floor":39.0,"turns":5.0},{"damage":0.0,"enemies":"Reptomancer","floor":41.0,"turns":5.0},{"damage":0.0,"enemies":"HollowMod:StalkingDevout","floor":44.0,"turns":4.0},{"damage":0.0,"enemies":"3 Darklings","floor":47.0,"turns":4.0},{"damage":0.0,"enemies":"Sphere and 2 Shapes","floor":48.0,"turns":2.0},{"damage":44.0,"enemies":"Time Eater","floor":50.0,"turns":14.0},{"damage":32,"enemies":"Shield and Spear","floor":54,"turns":8},{"damage":46,"enemies":"The Heart","floor":55,"turns":14}],"seed_played":"7990418459697450016","potions_obtained":[{"floor":1.0,"key":"FearPotion"},{"floor":5.0,"key":"Dexterity Potion"},{"floor":7.0,"key":"SmokeBomb"},{"floor":14.0,"key":"Fire Potion"},{"floor":23.0,"key":"DuplicationPotion"},{"floor":30.0,"key":"theMarked:HoverShot"},{"floor":39.0,"key":"Fruit Juice"},{"floor":41.0,"key":"LiquidBronze"}],"is_trial":false,"path_per_floor":["M","M","M","?","M","R","E","R","T","M","$","?","E","M","R","B",null,"M","?","$","M","?","E","R","M","T","?","M","M","E","T","R","B",null,"M","$","M","M","M","R","E","R","T","E","?","?","M","M","R","B",null,"R","$","E","B",null],"character_chosen":"THE_DEFAULT","items_purchased":["Strawberry","theMarked:ComboAttacks","theMarked:DispelDoubt","War Paint","Ornamental Fan"],"campfire_rested":5,"item_purchase_floors":[11,11,36,36,53],"current_hp_per_floor":[63,61,61,61,61,61,40,40,40,40,62,62,55,55,55,54,71,71,71,77,77,77,51,74,74,74,74,76,77,69,69,69,65,77,79,83,84,77,79,89,94,94,94,96,96,96,98,100,100,56,89,100,100,68,22],"gold":62,"neow_bonus":"TRANSFORM_CARD","is_daily":false,"chose_seed":false,"campfire_upgraded":3,"win_rate":0.0,"timestamp":1613485125,"path_taken":["M","M","M","?","M","R","E","R","T","M","$","?","E","M","R","BOSS","M","?","$","M","?","E","R","M","T","?","M","?","E","?","R","BOSS","M","$","?","M","M","R","E","R","T","E","?","?","?","M","R","BOSS","R","$","E","BOSS"],"items_purchased_type":["Relic","Card","Card","Relic","Relic"],"build_version":"2020-12-22","purchased_purges":3,"victory":true,"max_hp_per_floor":[70,70,70,70,70,70,70,70,70,70,77,77,77,77,77,77,77,77,77,77,77,77,77,77,77,77,77,79,81,81,81,81,81,81,83,83,85,87,89,89,94,94,94,96,96,96,98,100,100,100,100,100,100,100,100],"card_choices":[{"not_picked":["theMarked:TakeCover","theMarked:ElectricStrings"],"picked":"theMarked:KeepCalmAndFight","floor":1.0},{"not_picked":["theMarked:EmpowerWeapon","theMarked:Parkour"],"picked":"theMarked:WastefulAttack","floor":2.0},{"not_picked":["theMarked:Frustration","theMarked:ElectricStrings"],"picked":"theMarked:RepellingDischarge","floor":3.0},{"not_picked":["theMarked:Parkour","theMarked:EmpowerWeapon"],"picked":"theMarked:Challenge","floor":5.0},{"not_picked":["theMarked:EmpowerWeapon","theMarked:SwordAndMagic"],"picked":"theMarked:TakeCover","floor":7.0},{"not_picked":["theMarked:EmpowerWeapon","theMarked:Parkour","theMarked:TheMission"],"picked":"SKIP","floor":10.0},{"not_picked":["theMarked:WardOff","theMarked:Parkour"],"picked":"theMarked:TwofoldDefense","floor":13.0},{"not_picked":["theMarked:ChainLightning","theMarked:Aftermath"],"picked":"theMarked:Memento","floor":14.0},{"not_picked":["theMarked:BindingBlade","theMarked:TurnInvisible"],"picked":"theMarked:Levitate","floor":16.0},{"not_picked":["theMarked:EmpowerWeapon","theMarked:MuscleMemory"],"picked":"theMarked:HeightenedSenses","floor":18.0},{"not_picked":["theMarked:WastefulAttack","theMarked:Heritage"],"picked":"theMarked:RogueSparks","floor":21.0},{"not_picked":["theMarked:ChannelForce","theMarked:Panic"],"picked":"theMarked:Friction+1","floor":23.0},{"not_picked":["theMarked:ElectricStrings","theMarked:Electrify+1"],"picked":"theMarked:Standoff+1","floor":25.0},{"not_picked":["theMarked:PowerFlow","theMarked:Memento","theMarked:LightningStrikesTwice"],"picked":"Singing Bowl","floor":28.0},{"not_picked":["theMarked:Parkour","theMarked:RepellingDischarge","theMarked:Aftermath+1"],"picked":"Singing Bowl","floor":29.0},{"not_picked":["theMarked:ResourceFulStrike","theMarked:ChannelForce+1"],"picked":"theMarked:BanishingWave","floor":30.0},{"not_picked":["theMarked:BiggerThanFate","theMarked:Snap"],"picked":"theMarked:TakeOffHeels","floor":33.0},{"not_picked":["theMarked:ElectricStrings"],"picked":"Singing Bowl","floor":35.0},{"not_picked":["theMarked:Overcharge"],"picked":"Singing Bowl","floor":37.0},{"not_picked":["theMarked:BanishingWave"],"picked":"Singing Bowl","floor":38.0},{"not_picked":["theMarked:EmpowerWeapon"],"picked":"Singing Bowl","floor":39.0},{"not_picked":[],"picked":"theMarked:Heritage","floor":41.0},{"not_picked":["theMarked:RepellingDischarge"],"picked":"Singing Bowl","floor":44.0},{"not_picked":["theMarked:TakeCover+1"],"picked":"Singing Bowl","floor":47.0},{"not_picked":["theMarked:Frustration+1"],"picked":"Singing Bowl","floor":48.0},{"not_picked":[],"picked":"theMarked:Standoff+1","floor":54}],"player_experience":3315206,"relics_obtained":[{"floor":7.0,"key":"hexamod:BolsterEngine"},{"floor":9.0,"key":"MealTicket"},{"floor":13.0,"key":"PreservedInsect"},{"floor":23.0,"key":"bronze:BronzeIdol"},{"floor":26.0,"key":"Guardian:PocketSentry"},{"floor":30.0,"key":"theMarked:VonisonLock"},{"floor":31.0,"key":"Mercury Hourglass"},{"floor":41.0,"key":"Lizard Tail"},{"floor":44.0,"key":"Gremlin Horn"},{"floor":54,"key":"InkBottle"}],"event_choices":[{"damage_healed":0.0,"max_hp_gain":0.0,"max_hp_loss":0.0,"gold_gain":175.0,"event_name":"Liars Game","player_choice":"AGREE","floor":4.0,"gold_loss":0.0,"damage_taken":0.0,"cards_obtained":["Doubt"]},{"damage_healed":0.0,"max_hp_gain":0.0,"max_hp_loss":0.0,"gold_gain":0.0,"event_name":"Addict","player_choice":"Obtained Relic","floor":19.0,"gold_loss":85.0,"damage_taken":0.0,"relics_obtained":["Singing Bowl"]},{"damage_healed":0.0,"max_hp_gain":0.0,"max_hp_loss":0.0,"gold_gain":99.0,"event_name":"Nest","player_choice":"Stole From Cult","floor":22.0,"gold_loss":0.0,"damage_taken":0.0},{"damage_healed":0.0,"max_hp_gain":0.0,"max_hp_loss":0.0,"gold_gain":0.0,"event_name":"Upgrade Shrine","player_choice":"Upgraded","floor":27.0,"gold_loss":0.0,"damage_taken":0.0,"cards_upgraded":["theMarked:Levitate"]},{"damage_healed":0.0,"max_hp_gain":0.0,"max_hp_loss":0.0,"gold_gain":0.0,"event_name":"Accursed Blacksmith","player_choice":"Rummage","floor":46.0,"gold_loss":0.0,"damage_taken":0.0,"relics_obtained":["WarpedTongs"],"cards_obtained":["Pain"]}],"is_beta":false,"boss_relics":[{"not_picked":["bronze:MakeshiftBattery","Empty Cage"],"picked":"Fusion Hammer"},{"not_picked":["Philosopher\u0027s Stone","Tiny House"],"picked":"Busted Crown"}],"items_purged_floors":[11,20,36],"is_endless":false,"potions_floor_spawned":[1,5,7,14,23,25,30,39,41,48],"ascension_level":8}}