{"host":"3zmssa4s99zhxek5","time":1613486890,"event":{"mods":["AchievementEnabler","BaseMod","Minty Spire (QoL Compilation)","Permanent Neow","Relic Stats"],"gold_per_floor":[20,20,20,38,52,52,77,127,177,206,206,233,277,301,301,383,383,402,402,447,468,490,533,533,33,33,48,48,92,101,124,124,207,207,227,0,21,39,39,39,39],"floor_reached":40,"language":"KOR","playtime":3772,"items_purged":[],"score":1022,"play_id":"bd43eb2c-1550-4a39-badb-b5845e77d3fe","local_time":"20210216234810","is_ascension_mode":true,"campfire_choices":[{"data":"Eruption","floor":6.0,"key":"SMITH"},{"data":"BattleHymn","floor":11.0,"key":"SMITH"},{"data":"Evaluate","floor":15,"key":"SMITH"},{"data":"SpiritShield","floor":24,"key":"SMITH"},{"data":"SpiritShield","floor":32,"key":"SMITH"}],"circlet_count":0,"master_deck":["AscendersBane","Defend_P+1","Defend_P+1","Defend_P+1","Defend_P+1","Eruption+1","Vigilance","Blasphemy+1","ReachHeaven","CarveReality","FlyingSleeves","Conclude","BattleHymn+1","Prostrate","Evaluate+1","Protect","SpiritShield+1","Prostrate","Bite","Bite","Bite","Bite","Bite","SashWhip","SpiritShield+1","Wallop","BowlingBash","Prostrate","SpiritShield","RitualDagger","TalkToTheHand+1","Devotion","Pray+1","TalkToTheHand","Madness","Madness"],"relics":["PureWater","Bag of Marbles","CeramicFish","Question Card","SlaversCollar","Incense Burner","Regal Pillow","Potion Belt","Meat on the Bone","Letter Opener","Black Star","Red Mask"],"acts_visited":["Exordium","TheCity","TheBeyond"],"potions_floor_usage":[33,33,33,37,37],"damage_taken":[{"damage":9.0,"enemies":"Jaw Worm","floor":1.0,"turns":4.0},{"damage":0.0,"enemies":"Cultist","floor":4.0,"turns":2.0},{"damage":1.0,"enemies":"Small Slimes","floor":5.0,"turns":2.0},{"damage":0.0,"enemies":"Lagavulin","floor":7.0,"turns":4.0},{"damage":7.0,"enemies":"Gremlin Gang","floor":10.0,"turns":3.0},{"damage":1.0,"enemies":"Exordium Thugs","floor":12.0,"turns":2.0},{"damage":0.0,"enemies":"Gremlin Nob","floor":13.0,"turns":2.0},{"damage":0.0,"enemies":"Looter","floor":14.0,"turns":2.0},{"damage":3,"enemies":"The Guardian","floor":16,"turns":5},{"damage":27,"enemies":"2 Thieves","floor":18,"turns":4},{"damage":13,"enemies":"Spheric Guardian","floor":21,"turns":4},{"damage":9,"enemies":"Centurion and Healer","floor":22,"turns":4},{"damage":13,"enemies":"Book of Stabbing","floor":23,"turns":5},{"damage":13,"enemies":"Chosen and Byrds","floor":27,"turns":4},{"damage":15,"enemies":"Gremlin Leader","floor":29,"turns":6},{"damage":1,"enemies":"Cultist and Chosen","floor":31,"turns":3},{"damage":2,"enemies":"Collector","floor":33,"turns":7},{"damage":6,"enemies":"Orb Walker","floor":35,"turns":5},{"damage":38,"enemies":"3 Darklings","floor":37,"turns":5},{"damage":26,"enemies":"Nemesis","floor":40,"turns":2}],"seed_played":"4240699093140311595","potions_obtained":[{"floor":12.0,"key":"StancePotion"},{"floor":13.0,"key":"BottledMiracle"},{"floor":22,"key":"AttackPotion"},{"floor":29,"key":"Ancient Potion"},{"floor":33,"key":"Weak Potion"}],"is_trial":false,"path_per_floor":["M","?","$","M","M","R","E","?","T","M","R","M","E","M","R","B",null,"M","?","?","M","M","E","R","$","T","M","$","E","?","M","R","B",null,"M","?","M","?","$","E"],"character_chosen":"WATCHER","items_purchased":["Regal Pillow","Potion Belt","BowlingBash","LiquidMemories","Prostrate"],"campfire_rested":0,"item_purchase_floors":[25,25,25,25,25],"current_hp_per_floor":[52,52,52,52,51,51,51,51,51,44,44,43,43,43,43,40,61,34,34,34,29,28,23,23,23,23,30,30,27,21,24,24,36,44,44,44,26,18,18,0,0],"gold":39,"neow_bonus":"THREE_RARE_CARDS","is_daily":false,"chose_seed":false,"campfire_upgraded":5,"win_rate":0.0,"timestamp":1613486890,"path_taken":["M","?","?","M","M","R","E","?","T","?","R","M","E","M","R","BOSS","M","?","?","M","M","E","R","$","T","M","$","E","?","M","R","BOSS","M","?","M","?","?","E"],"items_purchased_type":["Relic","Relic","Card","Potion","Card"],"build_version":"2020-12-22","purchased_purges":0,"victory":false,"max_hp_per_floor":[68,68,68,68,68,68,68,68,68,68,68,68,68,68,68,68,68,68,68,47,47,47,47,47,47,47,47,47,47,47,47,47,47,47,47,47,47,47,47,47,47],"relic_stats":{"Regal Pillow":0,"counters":[20,75],"CeramicFish":216,"Black Star":0,"Letter Opener":[30],"Question Card":13,"obtain_stats":[{"Potion Belt":25,"SlaversCollar":17,"Regal Pillow":25,"CeramicFish":9,"Bag of Marbles":7,"Incense Burner":23,"Black Star":34,"Red Mask":36,"Letter Opener":29,"PureWater":0,"Question Card":13,"Meat on the Bone":26},{"Potion Belt":13,"SlaversCollar":9,"Regal Pillow":13,"CeramicFish":4,"Bag of Marbles":4,"Incense Burner":13,"Black Star":17,"Red Mask":18,"Letter Opener":15,"PureWater":0,"Question Card":7,"Meat on the Bone":13},{"Potion Belt":43,"SlaversCollar":26,"Regal Pillow":43,"CeramicFish":12,"Bag of Marbles":12,"Incense Burner":43,"Black Star":63,"Red Mask":68,"Letter Opener":53,"PureWater":0,"Question Card":19,"Meat on the Bone":43}],"Meat on the Bone":24},"card_choices":[{"not_picked":["MasterReality","ConjureBlade"],"picked":"Blasphemy","floor":0.0},{"not_picked":["JustLucky","ThirdEye"],"picked":"ReachHeaven","floor":1.0},{"not_picked":["Worship","EmptyFist"],"picked":"CarveReality","floor":4.0},{"not_picked":["FollowUp","SashWhip"],"picked":"FlyingSleeves","floor":5.0},{"not_picked":["PathToVictory","CrushJoints"],"picked":"Conclude","floor":7.0},{"not_picked":["SashWhip","Evaluate"],"picked":"BattleHymn","floor":10.0},{"not_picked":["WreathOfFlame","SashWhip"],"picked":"Prostrate","floor":12.0},{"not_picked":["Alpha","EmptyBody"],"picked":"Evaluate","floor":13.0},{"not_picked":["EmptyFist","FollowUp","Evaluate"],"picked":"Protect","floor":14},{"not_picked":["Ragnarok","Establishment","Judgement"],"picked":"SpiritShield","floor":16},{"not_picked":["WreathOfFlame","FlyingSleeves","Weave"],"picked":"Prostrate","floor":18},{"not_picked":["PathToVictory","EmptyFist","Halt"],"picked":"SashWhip","floor":21},{"not_picked":["WaveOfTheHand+1","FearNoEvil","Swivel"],"picked":"SpiritShield","floor":22},{"not_picked":["CrushJoints","PathToVictory","Crescendo+1"],"picked":"Wallop","floor":23},{"not_picked":["CrushJoints","EmptyFist","ClearTheMind","FlyingSleeves"],"picked":"SKIP","floor":27},{"not_picked":["EmptyBody+1","Pray","CarveReality"],"picked":"SpiritShield","floor":29},{"not_picked":["Crescendo","FlyingSleeves","Protect"],"picked":"TalkToTheHand+1","floor":31},{"not_picked":["Establishment","Omniscience","LessonLearned"],"picked":"Devotion","floor":33},{"not_picked":["WindmillStrike","Fasting2+1","Prostrate"],"picked":"Pray+1","floor":35},{"not_picked":["LikeWater+1","Crescendo","Study"],"picked":"TalkToTheHand","floor":37}],"player_experience":1654458,"relics_obtained":[{"floor":7.0,"key":"Bag of Marbles"},{"floor":9.0,"key":"CeramicFish"},{"floor":13.0,"key":"Question Card"},{"floor":23,"key":"Incense Burner"},{"floor":26,"key":"Meat on the Bone"},{"floor":29,"key":"Letter Opener"}],"event_choices":[{"damage_healed":0.0,"max_hp_gain":0.0,"max_hp_loss":0.0,"gold_gain":0.0,"event_name":"Upgrade Shrine","player_choice":"Upgraded","floor":2.0,"gold_loss":0.0,"damage_taken":0.0,"cards_upgraded":["Blasphemy"]},{"damage_healed":0.0,"max_hp_gain":0.0,"max_hp_loss":0.0,"gold_gain":50.0,"event_name":"Golden Shrine","player_choice":"Pray","floor":8.0,"gold_loss":0.0,"damage_taken":0.0},{"damage_healed":0,"gold_gain":0,"player_choice":"Simplicity","damage_taken":0,"max_hp_gain":0,"max_hp_loss":0,"event_name":"Back to Basics","floor":19,"gold_loss":0,"cards_upgraded":["Strike_P","Strike_P","Strike_P","Strike_P","Defend_P","Defend_P","Defend_P","Defend_P"]},{"damage_healed":0,"gold_gain":0,"player_choice":"Became a vampire","damage_taken":0,"max_hp_gain":0,"max_hp_loss":21,"event_name":"Vampires","floor":20,"gold_loss":0,"cards_obtained":["Bite","Bite","Bite","Bite","Bite"]},{"damage_healed":0,"gold_gain":0,"player_choice":"Joined the Cult","damage_taken":6,"max_hp_gain":0,"max_hp_loss":0,"event_name":"Nest","floor":30,"gold_loss":0,"cards_obtained":["RitualDagger"]},{"damage_healed":0,"gold_gain":0,"player_choice":"Paid","damage_taken":0,"relics_obtained":["Red Mask"],"max_hp_gain":0,"max_hp_loss":0,"event_name":"Tomb of Lord Red Mask","floor":36,"gold_loss":227},{"damage_healed":0,"gold_gain":0,"player_choice":"Embrace Madness","damage_taken":8,"max_hp_gain":0,"max_hp_loss":0,"event_name":"Winding Halls","floor":38,"gold_loss":0,"cards_obtained":["Madness","Madness"]}],"is_beta":false,"boss_relics":[{"not_picked":["Ectoplasm","Empty Cage"],"picked":"SlaversCollar"},{"not_picked":["Calling Bell","Sozu"],"picked":"Black Star"}],"items_purged_floors":[],"is_endless":false,"potions_floor_spawned":[12,13,14,22,29,33],"killed_by":"Nemesis","ascension_level":20}}