{"host":"i7jfea87xc8lz16p","time":1613471556,"event":{"mods":["AchievementEnabler","BaseMod","Colored Powertips","Minty Spire (QoL Compilation)","Relic Stats"],"gold_per_floor":[20,20,71,101,123,123,156,156,156],"floor_reached":8,"language":"ENG","playtime":315,"items_purged":[],"score":96,"play_id":"c0e4dcdc-18da-4c1d-af06-76353a10e9b1","local_time":"20210216113236","is_ascension_mode":true,"campfire_choices":[{"data":"Heel Hook","floor":6,"key":"SMITH"}],"circlet_count":0,"master_deck":["AscendersBane","Strike_G","Strike_G","Strike_G","Defend_G","Defend_G","Defend_G","Defend_G","Defend_G","Survivor","Neutralize","Dash","Sucker Punch","Heel Hook+1","Deadly Poison"],"relics":["Ring of the Snake","Golden Idol","CeramicFish"],"acts_visited":["Exordium"],"potions_floor_usage":[],"damage_taken":[{"damage":4,"enemies":"Small Slimes","floor":1,"turns":5},{"damage":0,"enemies":"Jaw Worm","floor":4,"turns":5},{"damage":1,"enemies":"Cultist","floor":5,"turns":5},{"damage":0,"enemies":"Looter","floor":7,"turns":4},{"damage":65,"enemies":"Gremlin Nob","floor":8,"turns":4}],"seed_played":"-7906376143470041514","potions_obtained":[{"floor":5,"key":"SmokeBomb"},{"floor":7,"key":"BlessingOfTheForge"}],"is_trial":false,"path_per_floor":["M","?","T","M","M","R","M","E"],"character_chosen":"THE_SILENT","items_purchased":[],"campfire_rested":0,"item_purchase_floors":[],"current_hp_per_floor":[55,55,55,55,54,54,54,0,0],"gold":156,"neow_bonus":"REMOVE_TWO","is_daily":false,"chose_seed":false,"campfire_upgraded":1,"win_rate":0.0,"timestamp":1613471556,"path_taken":["M","?","?","M","M","R","M","E"],"items_purchased_type":[],"build_version":"2020-12-22","purchased_purges":0,"victory":false,"max_hp_per_floor":[66,60,60,60,60,60,60,60,60],"relic_stats":{"counters":[5,23],"Golden Idol":12,"CeramicFish":27,"obtain_stats":[{"Golden Idol":2,"CeramicFish":3,"Ring of the Snake":0},{"Golden Idol":1,"CeramicFish":1,"Ring of the Snake":0},{"Golden Idol":5,"CeramicFish":5,"Ring of the Snake":0}],"Ring of the Snake":[10]},"card_choices":[{"not_picked":["Prepared","Underhanded Strike"],"picked":"Dash","floor":1},{"not_picked":["Cloak And Dagger","Blur"],"picked":"Sucker Punch","floor":4},{"not_picked":["Concentrate","Catalyst"],"picked":"Heel Hook","floor":5},{"not_picked":["Outmaneuver","Catalyst"],"picked":"Deadly Poison","floor":7}],"player_experience":1850349,"relics_obtained":[{"floor":3,"key":"CeramicFish"}],"event_choices":[{"damage_healed":0,"gold_gain":0,"player_choice":"Lose Max HP","damage_taken":0,"relics_obtained":["Golden Idol"],"max_hp_gain":0,"max_hp_loss":6,"event_name":"Golden Idol","floor":2,"gold_loss":0}],"is_beta":false,"boss_relics":[],"items_purged_floors":[],"is_endless":false,"potions_floor_spawned":[5,7],"killed_by":"Gremlin Nob","ascension_level":20}}