{"host":"ohy0y2gq28lmekc7","time":1613478540,"event":{"mods":["AchievementEnabler","Act Like it!","BaseMod","Better Third Choice","BetterRewards","Colored Powertips","Curses Come First","Highlight Path","Minty Spire (QoL Compilation)","Permanent Neow","Quick Restart","Relic Stats","StSLib"],"gold_per_floor":[111,129,145,162,235,266,282,293,293,293,293,326,341,359,359,463,463,475,32,57,57,75,75,110,110,136,169,185,214,10,110,110,205,205,217,267,315,332,351,376,376,404,404,404,8,41,41,41,41,41,41],"floor_reached":50,"language":"ENG","playtime":7893,"items_purged":[],"score":1048,"play_id":"91973927-f8a4-40ec-b875-698e1d2b3b3b","local_time":"20210216132900","is_ascension_mode":false,"campfire_choices":[{"data":"Neutralize","floor":10,"key":"SMITH"},{"data":"Noxious Fumes","floor":15,"key":"SMITH"},{"data":"Catalyst","floor":23,"key":"SMITH"},{"data":"Catalyst","floor":25,"key":"SMITH"},{"data":"Trip","floor":32,"key":"SMITH"},{"data":"Doppelganger","floor":41,"key":"SMITH"},{"data":"Prepared","floor":44,"key":"SMITH"},{"data":"Chrysalis","floor":49,"key":"SMITH"}],"circlet_count":0,"master_deck":["Strike_G+1","Strike_G+1","Strike_G+1","Strike_G+1","Strike_G+1","Defend_G+1","Defend_G+1","Defend_G+1","Defend_G+1","Survivor","Neutralize+1","Flying Knee","Prepared+1","Tactician","Dagger Spray","Glass Knife","Bane","Crippling Poison","Dagger Throw","Noxious Fumes+1","Backflip","Doppelganger+1","Flechettes+1","Catalyst+1","Catalyst+1","Bane","Slice+1","PiercingWail+1","Leg Sweep","Infinite Blades","Trip+1","All Out Attack","Poisoned Stab+1","Quick Slash","Bouncing Flask+1","Flying Knee+1","Blur+1","Poisoned Stab+1","Deadly Poison","Poisoned Stab","Tools of the Trade","Outmaneuver+1","Poisoned Stab","PiercingWail","Blur+1","Escape Plan","Deadly Poison+1","Noxious Fumes","Dodge and Roll","Chrysalis+1","The Bomb"],"relics":["Ring of the Snake","Pen Nib","Eternal Feather","Happy Flower","Pear","Bird Faced Urn","Coffee Dripper","Orrery","Red Mask","InkBottle","Lantern","Regal Pillow","Juzu Bracelet","ClockworkSouvenir","Gambling Chip","Bottled Tornado","Philosopher\u0027s Stone","Calipers","WingedGreaves","Thread and Needle","Bottled Lightning","Kunai","Gremlin Horn","Bag of Preparation","Paper Crane"],"acts_visited":["Exordium","TheCity","TheBeyond"],"potions_floor_usage":[12,13,31,33,33,36,40,40,50],"damage_taken":[{"damage":0,"enemies":"Cultist","floor":1,"turns":4},{"damage":2,"enemies":"Small Slimes","floor":2,"turns":4},{"damage":10,"enemies":"Jaw Worm","floor":3,"turns":8},{"damage":0,"enemies":"3 Louse","floor":4,"turns":4},{"damage":12,"enemies":"3 Sentries","floor":6,"turns":6},{"damage":0,"enemies":"Large Slime","floor":7,"turns":5},{"damage":4,"enemies":"Blue Slaver","floor":8,"turns":4},{"damage":0,"enemies":"Gremlin Nob","floor":12,"turns":3},{"damage":0,"enemies":"Exordium Wildlife","floor":13,"turns":3},{"damage":6,"enemies":"2 Fungi Beasts","floor":14,"turns":3},{"damage":0,"enemies":"Slime Boss","floor":16,"turns":7},{"damage":18,"enemies":"2 Thieves","floor":18,"turns":3},{"damage":10,"enemies":"Masked Bandits","floor":20,"turns":4},{"damage":0,"enemies":"Shell Parasite","floor":22,"turns":2},{"damage":2,"enemies":"Gremlin Leader","floor":24,"turns":5},{"damage":9,"enemies":"Book of Stabbing","floor":27,"turns":4},{"damage":3,"enemies":"Snecko","floor":28,"turns":3},{"damage":43,"enemies":"Slavers","floor":29,"turns":5},{"damage":5,"enemies":"Colosseum Slavers","floor":31,"turns":3},{"damage":3,"enemies":"Colosseum Nobs","floor":31,"turns":3},{"damage":14,"enemies":"Collector","floor":33,"turns":3},{"damage":6,"enemies":"Orb Walker","floor":35,"turns":3},{"damage":8,"enemies":"Mind Bloom Boss Battle","floor":36,"turns":5},{"damage":44,"enemies":"2 Orb Walkers","floor":37,"turns":3},{"damage":13,"enemies":"3 Shapes","floor":38,"turns":3},{"damage":7,"enemies":"3 Darklings","floor":39,"turns":4},{"damage":20,"enemies":"Nemesis","floor":40,"turns":5},{"damage":29,"enemies":"Reptomancer","floor":42,"turns":4},{"damage":0,"enemies":"Giant Head","floor":46,"turns":5},{"damage":78,"enemies":"Time Eater","floor":50,"turns":5}],"seed_played":"-5492640917450399349","potions_obtained":[{"floor":4,"key":"Energy Potion"},{"floor":6,"key":"Dexterity Potion"},{"floor":7,"key":"Poison Potion"},{"floor":12,"key":"Fruit Juice"},{"floor":13,"key":"LiquidMemories"},{"floor":29,"key":"GhostInAJar"},{"floor":33,"key":"Dexterity Potion"},{"floor":35,"key":"Poison Potion"},{"floor":37,"key":"FearPotion"},{"floor":39,"key":"Strength Potion"},{"floor":40,"key":"Ancient Potion"},{"floor":46,"key":"ColorlessPotion"}],"is_trial":false,"path_per_floor":["M","M","M","M","T","E","M","M","T","R","?","E","M","M","R","B",null,"M","$","?","?","M","R","E","R","T","E","M","E","$","?","R","B",null,"M","?","?","M","M","E","R","E","T","R","$","E","?","?","R","B"],"character_chosen":"THE_SILENT","items_purchased":["Catalyst","Orrery","Infinite Blades","Trip","All Out Attack","Deadly Poison","ClockworkSouvenir","Gremlin Horn","Bag of Preparation"],"campfire_rested":0,"item_purchase_floors":[19,19,19,19,19,30,30,45,45],"current_hp_per_floor":[70,68,58,58,58,46,46,42,52,61,61,61,66,60,72,74,85,69,69,59,59,61,79,81,85,85,76,75,36,36,34,58,46,85,79,77,35,26,23,7,34,9,9,36,36,42,42,37,67,0,0],"gold":41,"neow_bonus":"","is_daily":false,"chose_seed":false,"campfire_upgraded":8,"win_rate":0.0,"timestamp":1613478540,"path_taken":["M","?","?","M","?","E","?","M","T","R","?","E","?","M","R","BOSS","M","$","?","?","M","R","E","R","T","E","M","E","$","?","R","BOSS","M","?","?","M","M","E","R","E","T","R","$","E","?","?","R","BOSS"],"items_purchased_type":["Card","Relic","Card","Card","Card","Card","Relic","Relic","Relic"],"build_version":"2020-12-22","purchased_purges":0,"victory":false,"max_hp_per_floor":[70,70,70,70,70,70,70,70,80,80,80,80,85,85,85,85,85,85,85,85,85,85,85,85,85,85,85,85,85,85,85,85,85,85,85,85,85,85,85,85,85,85,85,85,85,85,85,85,85,85,85],"relic_stats":{"Regal Pillow":0,"Happy Flower":[32],"Gremlin Horn":[0,0],"counters":[30,123],"Eternal Feather":151,"Pen Nib":[29],"Juzu Bracelet":1,"Bag of Preparation":[4],"Bird Faced Urn":[60],"Gambling Chip":[11],"Kunai":[6],"obtain_stats":[{"Lantern":26,"Regal Pillow":27,"Calipers":36,"Gremlin Horn":45,"Juzu Bracelet":29,"Bag of Preparation":45,"Bottled Tornado":31,"ClockworkSouvenir":30,"Gambling Chip":31,"Philosopher\u0027s Stone":34,"WingedGreaves":37,"Red Mask":20,"Kunai":43,"InkBottle":24,"Ring of the Snake":0,"Pear":9,"Happy Flower":6,"Eternal Feather":5,"Thread and Needle":40,"Pen Nib":0,"Paper Crane":46,"Bird Faced Urn":12,"Orrery":19,"Coffee Dripper":17,"Bottled Lightning":42},{"Lantern":15,"Regal Pillow":16,"Calipers":23,"Gremlin Horn":28,"Juzu Bracelet":18,"Bag of Preparation":28,"Bottled Tornado":20,"ClockworkSouvenir":18,"Gambling Chip":20,"Philosopher\u0027s Stone":21,"WingedGreaves":24,"Red Mask":13,"Kunai":28,"InkBottle":15,"Ring of the Snake":0,"Pear":7,"Happy Flower":5,"Eternal Feather":4,"Thread and Needle":27,"Pen Nib":0,"Paper Crane":29,"Bird Faced Urn":8,"Orrery":12,"Coffee Dripper":11,"Bottled Lightning":28},{"Lantern":65,"Regal Pillow":69,"Calipers":94,"Gremlin Horn":113,"Juzu Bracelet":77,"Bag of Preparation":113,"Bottled Tornado":83,"ClockworkSouvenir":77,"Gambling Chip":83,"Philosopher\u0027s Stone":86,"WingedGreaves":97,"Red Mask":58,"Kunai":113,"InkBottle":65,"Ring of the Snake":0,"Pear":35,"Happy Flower":26,"Eternal Feather":20,"Thread and Needle":109,"Pen Nib":0,"Paper Crane":118,"Bird Faced Urn":38,"Orrery":54,"Coffee Dripper":51,"Bottled Lightning":113}],"InkBottle":[29],"Ring of the Snake":[60]},"card_choices":[{"not_picked":["Deflect","Dagger Spray"],"picked":"Flying Knee","floor":1},{"not_picked":["Predator","Outmaneuver"],"picked":"Prepared","floor":2},{"not_picked":["Blur","Prepared"],"picked":"Tactician","floor":3},{"not_picked":["Underhanded Strike","Eviscerate"],"picked":"Dagger Spray","floor":4},{"not_picked":["Blade Dance","Masterful Stab"],"picked":"Glass Knife","floor":6},{"not_picked":["Quick Slash","Prepared"],"picked":"Bane","floor":7},{"not_picked":["Outmaneuver","Flechettes"],"picked":"Crippling Poison","floor":8},{"not_picked":["Quick Slash","Choke"],"picked":"Dagger Throw","floor":12},{"not_picked":["Leg Sweep","Eviscerate"],"picked":"Noxious Fumes","floor":13},{"not_picked":["Infinite Blades","Sucker Punch"],"picked":"Backflip","floor":14},{"not_picked":["Wraith Form v2","Tools of the Trade"],"picked":"Doppelganger","floor":16},{"not_picked":["Eviscerate","Dodge and Roll"],"picked":"Flechettes+1","floor":18},{"not_picked":["Dagger Throw+1","Finisher"],"picked":"Catalyst","floor":19},{"not_picked":["Poisoned Stab","Slice"],"picked":"Bane","floor":19},{"not_picked":["Finisher+1","Dagger Throw"],"picked":"Slice+1","floor":19},{"not_picked":["Expertise","Infinite Blades"],"picked":"PiercingWail+1","floor":19},{"not_picked":["Blur","Quick Slash"],"picked":"Leg Sweep","floor":19},{"not_picked":["Prepared","Flying Knee+1"],"picked":"Poisoned Stab+1","floor":20},{"not_picked":["Deflect","Dagger Throw"],"picked":"Quick Slash","floor":22},{"not_picked":["Blade Dance","Infinite Blades"],"picked":"Bouncing Flask+1","floor":24},{"not_picked":["Riddle With Holes","Skewer"],"picked":"Flying Knee+1","floor":27},{"not_picked":["Slice","Choke"],"picked":"Blur+1","floor":28},{"not_picked":["Leg Sweep+1","Underhanded Strike"],"picked":"Poisoned Stab+1","floor":29},{"not_picked":["Finisher","Skewer+1"],"picked":"Poisoned Stab","floor":31},{"not_picked":["Malaise","Bullet Time"],"picked":"Tools of the Trade","floor":33},{"not_picked":["Finisher","Acrobatics"],"picked":"Outmaneuver+1","floor":35},{"not_picked":["Reflex+1","Blur+1"],"picked":"Poisoned Stab","floor":36},{"not_picked":["Blade Dance","Prepared"],"picked":"PiercingWail","floor":37},{"not_picked":["Flying Knee+1","Quick Slash"],"picked":"Blur+1","floor":38},{"not_picked":["Dagger Throw+1","Underhanded Strike"],"picked":"Escape Plan","floor":39},{"not_picked":["Sucker Punch","Doppelganger"],"picked":"Deadly Poison+1","floor":40},{"not_picked":["Deadly Poison","Leg Sweep"],"picked":"Noxious Fumes","floor":42},{"not_picked":["Dash+1","Slice+1"],"picked":"Dodge and Roll","floor":46},{"not_picked":["Finesse","Flash of Steel"],"picked":"Chrysalis","floor":48},{"not_picked":["Master of Strategy","Deep Breath"],"picked":"The Bomb","floor":48}],"player_experience":46640,"relics_obtained":[{"floor":5,"key":"Eternal Feather"},{"floor":6,"key":"Happy Flower"},{"floor":9,"key":"Pear"},{"floor":12,"key":"Bird Faced Urn"},{"floor":20,"key":"Red Mask"},{"floor":24,"key":"InkBottle"},{"floor":26,"key":"Lantern"},{"floor":27,"key":"Regal Pillow"},{"floor":29,"key":"Juzu Bracelet"},{"floor":31,"key":"Gambling Chip"},{"floor":31,"key":"Bottled Tornado"},{"floor":36,"key":"Calipers"},{"floor":37,"key":"WingedGreaves"},{"floor":40,"key":"Thread and Needle"},{"floor":42,"key":"Bottled Lightning"},{"floor":43,"key":"Kunai"},{"floor":46,"key":"Paper Crane"}],"event_choices":[{"cards_removed":["Defend_G"],"damage_healed":0,"gold_gain":0,"player_choice":"Purged","damage_taken":0,"max_hp_gain":0,"max_hp_loss":0,"event_name":"Purifier","floor":11,"gold_loss":0},{"damage_healed":0,"gold_gain":0,"player_choice":"Fought Bandits","damage_taken":0,"max_hp_gain":0,"max_hp_loss":0,"event_name":"Masked Bandits","floor":20,"gold_loss":0},{"damage_healed":0,"gold_gain":0,"player_choice":"Simplicity","damage_taken":0,"max_hp_gain":0,"max_hp_loss":9,"event_name":"betterThird:BetterWriting","floor":21,"gold_loss":0},{"damage_healed":0,"gold_gain":0,"player_choice":"Fight","damage_taken":0,"max_hp_gain":0,"max_hp_loss":0,"event_name":"Colosseum","floor":31,"gold_loss":0},{"damage_healed":0,"gold_gain":0,"player_choice":"Fought Nobs","damage_taken":0,"max_hp_gain":0,"max_hp_loss":0,"event_name":"Colosseum","floor":31,"gold_loss":0},{"damage_healed":0,"gold_gain":0,"player_choice":"Fight","damage_taken":0,"max_hp_gain":0,"max_hp_loss":0,"event_name":"MindBloom","floor":36,"gold_loss":0},{"damage_healed":0,"gold_gain":0,"player_choice":"Fight","damage_taken":0,"max_hp_gain":0,"max_hp_loss":0,"event_name":"Mysterious Sphere","floor":37,"gold_loss":0},{"damage_healed":0,"gold_gain":0,"player_choice":"Ignored","damage_taken":0,"max_hp_gain":0,"max_hp_loss":0,"event_name":"The Moai Head","floor":47,"gold_loss":0},{"damage_healed":0,"gold_gain":0,"player_choice":"Memory 2","damage_taken":5,"max_hp_gain":0,"max_hp_loss":0,"event_name":"SensoryStone","floor":48,"gold_loss":0}],"is_beta":false,"boss_relics":[{"not_picked":["Sozu","Tiny House"],"picked":"Coffee Dripper"},{"not_picked":["Runic Pyramid","Runic Dome"],"picked":"Philosopher\u0027s Stone"}],"items_purged_floors":[],"is_endless":false,"potions_floor_spawned":[4,6,7,12,13,22,29,33,35,37,39,40,46],"killed_by":"Time Eater","ascension_level":0}}