{"host":"ln8zowmpyx5bxamj","time":1613453912,"event":{"mods":["Act Like it!","BaseMod","CapriCore","Colored Map","Conspire","Gensokyo","GifTheSpireLib","Hallownest","Hubris","Koishi","KomeijiMod","Marisa????????","Minty Spire (QoL Compilation)","Permanent Neow","Prisma Mod","Replay The Spire","StSLib","The Immortal","Yuyuko"],"gold_per_floor":[114,114,128,143,155,182,182,211,211,211,236,16,16,16,16,115,115,134,134,34,50,62,73,73,102,102,119,129,149,149,180,180,282,282,293,310,6,16,16,45,45,78,90,117,157,186,98,124,136,148,148],"floor_reached":50,"language":"ENG","playtime":15078,"items_purged":["Strike_MRS","Strike_MRS"],"score":729,"play_id":"5da397a6-4d7b-4103-a2fe-f3339eb5de4f","local_time":"20210215233832","is_ascension_mode":true,"campfire_choices":[{"data":"OortCloud","floor":7,"key":"SMITH"},{"data":"MysteriousBeam","floor":13,"key":"SMITH"},{"data":"DarkMatter","floor":15,"key":"SMITH"},{"data":"EscapeVelocity","floor":24,"key":"SMITH"},{"data":"EarthLightRay","floor":30,"key":"SMITH"},{"floor":32,"key":"REST"},{"data":"OrrerysSun","floor":41,"key":"SMITH"},{"floor":49,"key":"REST"}],"circlet_count":0,"master_deck":["Strike_MRS","Defend_MRS","Defend_MRS","Defend_MRS","Defend_MRS","MasterSpark","SuperPerseids","GasGiant+1","EarthLightRay+1","MysteriousBeam+1","OortCloud+1","FinalSpark","DarkMatter+1","GravityBeat","EscapeVelocity+1","DragonMeteor","OortCloud+1","PulseMagic","EnergyRecoil","BlazingStar+1","MeteoricShower","MagicChant","EarthLightRay+1","JA","CurseOfTheBell","MasterSpark","Replay:Sssssssssshield","TreasureHunter","MagicChant","CollectingQuirk","MagicChant"],"relics":["MiniHakkero","hubris:OldNail","hubris:SphereOfDissonance","Potion Belt","Pen Nib","Blood Vial","conspire:RoyalGoblet","StoneCalendar","Whetstone","HoshigumaDish","Calling Bell","Juzu Bracelet","Blue Candle","KyoryuNoHagoromo","Torii","Matryoshka","MawBank","hubris:Reverence","Vajra"],"acts_visited":["Exordium","TheCity","TheBeyond"],"potions_floor_usage":[5,6,11,22,23,28,33,40,42,46],"damage_taken":[{"damage":0,"enemies":"2 Louse","floor":1,"turns":3},{"damage":1,"enemies":"Cultist","floor":3,"turns":4},{"damage":0,"enemies":"conspire:RoseBush","floor":4,"turns":3},{"damage":0,"enemies":"2 Fungi Beasts","floor":5,"turns":2},{"damage":1,"enemies":"3 Sentries","floor":6,"turns":7},{"damage":23,"enemies":"Gremlin Nob","floor":8,"turns":5},{"damage":5,"enemies":"Lagavulin","floor":11,"turns":8},{"damage":0,"enemies":"Slime Boss","floor":16,"turns":10},{"damage":5,"enemies":"Chosen","floor":18,"turns":3},{"damage":0,"enemies":"conspire:FuzzyDice","floor":21,"turns":7},{"damage":6,"enemies":"3 Cultists","floor":22,"turns":6},{"damage":0,"enemies":"Chosen and Byrds","floor":23,"turns":7},{"damage":43,"enemies":"Slavers","floor":25,"turns":6},{"damage":0,"enemies":"Cultist and Chosen","floor":27,"turns":5},{"damage":12,"enemies":"Centurion and Healer","floor":28,"turns":5},{"damage":0,"enemies":"conspire:HollyBat","floor":29,"turns":7},{"damage":0,"enemies":"conspire:Head Lice","floor":31,"turns":3},{"damage":10,"enemies":"Automaton","floor":33,"turns":9},{"damage":15,"enemies":"3 Darklings","floor":35,"turns":7},{"damage":21,"enemies":"3 Shapes","floor":36,"turns":5},{"damage":26,"enemies":"Transient","floor":38,"turns":5},{"damage":13,"enemies":"Giant Head","floor":40,"turns":7},{"damage":24,"enemies":"R_Hoarder","floor":42,"turns":7},{"damage":22,"enemies":"3 Darklings","floor":44,"turns":6},{"damage":11,"enemies":"Giant Head","floor":45,"turns":7},{"damage":11,"enemies":"Maw","floor":46,"turns":4},{"damage":24,"enemies":"4 Shapes","floor":48,"turns":6},{"damage":49,"enemies":"conspire:OrnateMirror","floor":50,"turns":5}],"seed_played":"-5815460179407594024","potions_obtained":[{"floor":3,"key":"DistilledChaos"},{"floor":5,"key":"EssenceOfSteel"},{"floor":8,"key":"Energy Potion"},{"floor":11,"key":"Elixir"},{"floor":22,"key":"SkillPotion"},{"floor":27,"key":"Adrenaline Potion"},{"floor":31,"key":"SkillPotion"},{"floor":35,"key":"BlessingOfTheForge"},{"floor":40,"key":"Swift Potion"},{"floor":45,"key":"FearPotion"}],"is_trial":false,"path_per_floor":["M","?","M","M","M","E","R","E","T","?","E","$","R","?","R_BF","B",null,"M","?","$","M","M","M","R","E","T","M","M","M","R","E","R","B",null,"M","M","$","M","?","E","R","E","T","M","E","M","NS","M","R","B"],"character_chosen":"MARISA","items_purchased":["Blood Vial","Torii"],"campfire_rested":2,"item_purchase_floors":[12,37],"current_hp_per_floor":[75,75,74,75,75,74,74,55,55,55,54,54,54,54,54,60,75,70,70,70,75,73,75,75,36,36,42,36,42,42,50,72,65,75,72,59,59,47,50,51,51,41,41,33,30,21,21,11,33,0,0],"gold":148,"neow_bonus":"THREE_CARDS","is_daily":false,"chose_seed":false,"campfire_upgraded":6,"win_rate":0.0,"timestamp":1613453912,"path_taken":["M","?","M","M","?","E","R","E","T","?","E","$","R","?","R_BF","BOSS","M","?","$","M","?","M","R","E","T","M","M","M","R","E","R","BOSS","M","M","$","M","?","E","R","E","T","M","E","M","NS","M","R","BOSS"],"items_purchased_type":["Relic","Relic"],"build_version":"2020-12-22","purchased_purges":2,"victory":false,"max_hp_per_floor":[75,75,75,75,75,75,75,75,75,75,75,75,75,75,75,75,75,75,75,75,75,75,75,75,75,75,75,75,75,75,75,75,75,75,75,75,75,75,75,75,75,75,75,75,75,75,75,75,75,75,75],"card_choices":[{"not_picked":["MachineGunSpark","AsteroidBelt"],"picked":"SuperPerseids","floor":0},{"not_picked":["SporeBomb","GravityBeat"],"picked":"GasGiant","floor":1},{"not_picked":["WitchOfGreed","PowerUp"],"picked":"EarthLightRay","floor":3},{"not_picked":["GravityBeat","WitchLeyline"],"picked":"MysteriousBeam","floor":4},{"not_picked":["IllusionStar","ShootingEcho"],"picked":"OortCloud","floor":5},{"not_picked":["BlazeAway","GrandCross"],"picked":"FinalSpark","floor":6},{"not_picked":["DoubleSpark","DC"],"picked":"DarkMatter","floor":8},{"not_picked":["LuminesStrike","IllusionStar","SprinkleStarSeal"],"picked":"SKIP","floor":11},{"not_picked":["JA","FinalSpark"],"picked":"EscapeVelocity","floor":16},{"not_picked":["GrandCross","DoubleSpark"],"picked":"DragonMeteor","floor":18},{"not_picked":["GrandCross+1","MysteriousBeam+1","NonDirectionalLaser"],"picked":"SKIP","floor":21},{"not_picked":["GrandCross","StarBarrage"],"picked":"PulseMagic","floor":22},{"not_picked":["PowerUp+1","NonDirectionalLaser+1"],"picked":"EnergyRecoil","floor":23},{"not_picked":["AsteroidBelt","DragonMeteor+1"],"picked":"BlazingStar","floor":25},{"not_picked":["GravityBeat","AsteroidBelt"],"picked":"MeteoricShower","floor":27},{"not_picked":["OneTimeOff","MysteriousBeam+1"],"picked":"MagicChant","floor":28},{"not_picked":["NonDirectionalLaser","SporeBomb"],"picked":"EarthLightRay+1","floor":29},{"not_picked":["GasGiant+1","RefractionSpark+1"],"picked":"OrrerysSun","floor":31},{"not_picked":["MaximisePower","ManaRampage"],"picked":"JA","floor":33},{"not_picked":["WitchOfGreed","SporeBomb+1","LuminesStrike"],"picked":"SKIP","floor":35},{"not_picked":["PowerUp","OortCloud","DragonMeteor"],"picked":"SKIP","floor":36},{"not_picked":["MachineGunSpark+1","FairyDestructionRay","GrandCross+1"],"picked":"SKIP","floor":38},{"not_picked":["ManaConvection+1","GalacticHalo"],"picked":"TreasureHunter","floor":40},{"not_picked":["BlazeAway+1","WitchLeyline+1"],"picked":"MagicChant","floor":42},{"not_picked":["ShootingEcho+1","SprinkleStarSeal","UnstableBomb"],"picked":"SKIP","floor":44},{"not_picked":["6A","UnstableBomb"],"picked":"CollectingQuirk","floor":45},{"not_picked":["AlicesGift+1","DC+1","OpenUniverse"],"picked":"SKIP","floor":46},{"not_picked":["OrrerysSun","IllusionStar"],"picked":"MagicChant","floor":48}],"player_experience":767042,"relics_obtained":[{"floor":6,"key":"hubris:OldNail"},{"floor":8,"key":"hubris:SphereOfDissonance"},{"floor":9,"key":"Potion Belt"},{"floor":11,"key":"Pen Nib"},{"floor":25,"key":"StoneCalendar"},{"floor":26,"key":"Whetstone"},{"floor":31,"key":"HoshigumaDish"},{"floor":34,"key":"Juzu Bracelet"},{"floor":34,"key":"Blue Candle"},{"floor":34,"key":"KyoryuNoHagoromo"},{"floor":40,"key":"Matryoshka"},{"floor":42,"key":"MawBank"},{"floor":43,"key":"hubris:Reverence"},{"floor":45,"key":"Vajra"}],"event_choices":[{"damage_healed":0,"gold_gain":0,"player_choice":"Upgraded","damage_taken":0,"max_hp_gain":0,"max_hp_loss":0,"event_name":"Upgrade Shrine","floor":2,"gold_loss":0,"cards_upgraded":["GasGiant"]},{"damage_healed":0,"gold_gain":0,"cards_transformed":["Strike_MRS"],"player_choice":"Change","damage_taken":0,"max_hp_gain":0,"max_hp_loss":0,"event_name":"Living Wall","floor":10,"gold_loss":0,"cards_obtained":["GravityBeat"]},{"damage_healed":0,"gold_gain":0,"player_choice":"Copied","damage_taken":0,"max_hp_gain":0,"max_hp_loss":0,"event_name":"Duplicator","floor":19,"gold_loss":0,"cards_obtained":["OortCloud"]},{"damage_healed":0,"gold_gain":0,"player_choice":"2 cards matched","damage_taken":0,"max_hp_gain":0,"max_hp_loss":0,"event_name":"Match and Keep!","floor":39,"gold_loss":0,"cards_obtained":["MasterSpark","Replay:Sssssssssshield"]}],"is_beta":false,"boss_relics":[{"not_picked":["ChewingGum","Replay:Grab Bag"],"picked":"conspire:RoyalGoblet"},{"not_picked":["SlaversCollar","hubris:Stopwatch"],"picked":"Calling Bell"}],"items_purged_floors":[12,20],"is_endless":false,"potions_floor_spawned":[3,5,8,11,22,27,31,35,40,45],"killed_by":"conspire:OrnateMirror","ascension_level":1}}