{"host":"kg61lsvem4dxoat8","time":1613494781,"event":{"mods":["AchievementEnabler","BaseMod","Better Altar","Better Match","Better Sensory Stone","Better Skull","Block Reminder","Highlight Path","Minty Spire (QoL Compilation)","Quick Restart","Rare Cards Sparkle","Relic Sorter","Relic Stats","StSLib","Synergy Search","slay the spire mod where everything is the same but ironclad has a cowboy hat"],"gold_per_floor":[118,118,43,62,80,80,80,113,113,134,157,180,180,180,180,180,180],"floor_reached":16,"language":"ENG","playtime":247,"items_purged":[],"score":204,"play_id":"4a61abce-141a-4b21-9835-24313bef182c","local_time":"20210217005941","is_ascension_mode":true,"campfire_choices":[{"floor":6,"key":"REST"},{"data":"Blade Dance","floor":15,"key":"SMITH"}],"circlet_count":0,"master_deck":["AscendersBane","Strike_G","Strike_G","Strike_G","Strike_G","Defend_G","Defend_G","Defend_G","Defend_G","Defend_G","Survivor","Neutralize","After Image","Poisoned Stab","Poisoned Stab","Blade Dance+1"],"relics":["Ring of the Snake","NeowsBlessing","Golden Idol","HornCleat","Singing Bowl"],"acts_visited":["Exordium"],"potions_floor_usage":[8,11,16],"damage_taken":[{"damage":0,"enemies":"Jaw Worm","floor":1,"turns":1},{"damage":0,"enemies":"Small Slimes","floor":4,"turns":1},{"damage":0,"enemies":"2 Louse","floor":5,"turns":1},{"damage":45,"enemies":"Gremlin Nob","floor":8,"turns":6},{"damage":0,"enemies":"Looter","floor":10,"turns":3},{"damage":0,"enemies":"2 Fungi Beasts","floor":11,"turns":3},{"damage":5,"enemies":"Large Slime","floor":12,"turns":5},{"damage":23,"enemies":"Slime Boss","floor":16,"turns":7}],"seed_played":"-1463911475889029567","potions_obtained":[{"floor":4,"key":"Explosive Potion"},{"floor":8,"key":"AttackPotion"},{"floor":12,"key":"CunningPotion"}],"is_trial":false,"path_per_floor":["M","?","?","M","M","R","?","E","T","M","M","M","?","?","R","B"],"character_chosen":"THE_SILENT","items_purchased":[],"campfire_rested":1,"item_purchase_floors":[],"current_hp_per_floor":[59,59,59,59,59,60,65,20,20,20,22,19,21,21,21,0,0],"gold":180,"neow_bonus":"THREE_ENEMY_KILL","is_daily":false,"chose_seed":false,"campfire_upgraded":1,"win_rate":0.0,"timestamp":1613494781,"path_taken":["M","?","?","M","?","R","?","E","T","M","M","M","?","?","R","BOSS"],"items_purchased_type":[],"build_version":"2020-12-22","purchased_purges":0,"victory":false,"max_hp_per_floor":[66,60,60,60,60,60,65,65,65,65,67,69,71,71,71,71,71],"relic_stats":{"Singing Bowl":6,"counters":[8,27],"Golden Idol":29,"obtain_stats":[{"HornCleat":8,"NeowsBlessing":0,"Singing Bowl":9,"Golden Idol":2,"Ring of the Snake":0},{"HornCleat":4,"NeowsBlessing":0,"Singing Bowl":4,"Golden Idol":1,"Ring of the Snake":0},{"HornCleat":9,"NeowsBlessing":0,"Singing Bowl":9,"Golden Idol":1,"Ring of the Snake":0}],"Ring of the Snake":[16]},"card_choices":[{"not_picked":["Acrobatics","Flying Knee","Deflect"],"picked":"SKIP","floor":1},{"not_picked":["Expertise","Acrobatics"],"picked":"After Image","floor":4},{"not_picked":["Crippling Poison","Slice"],"picked":"Poisoned Stab","floor":5},{"not_picked":["Burst","Caltrops"],"picked":"Poisoned Stab","floor":8},{"not_picked":["Bane","Underhanded Strike"],"picked":"Blade Dance","floor":10},{"not_picked":["Dodge and Roll","Infinite Blades","Leg Sweep"],"picked":"Singing Bowl","floor":11},{"not_picked":["Slice","Sucker Punch","Quick Slash"],"picked":"Singing Bowl","floor":12},{"not_picked":["PanicButton","Madness","Impatience"],"picked":"Singing Bowl","floor":13}],"player_experience":1552159,"relics_obtained":[{"floor":8,"key":"HornCleat"},{"floor":9,"key":"Singing Bowl"}],"event_choices":[{"damage_healed":0,"gold_gain":0,"player_choice":"Lose Max HP","damage_taken":0,"relics_obtained":["Golden Idol"],"max_hp_gain":0,"max_hp_loss":6,"event_name":"Golden Idol","floor":2,"gold_loss":0},{"cards_removed":["Strike_G"],"damage_healed":0,"gold_gain":0,"player_choice":"Card Removal","damage_taken":0,"max_hp_gain":0,"max_hp_loss":0,"event_name":"The Cleric","floor":3,"gold_loss":75},{"damage_healed":0,"gold_gain":0,"player_choice":"Donut","damage_taken":0,"max_hp_gain":5,"max_hp_loss":0,"event_name":"Big Fish","floor":7,"gold_loss":0},{"damage_healed":0,"gold_gain":1,"player_choice":"1","damage_taken":0,"max_hp_gain":0,"max_hp_loss":0,"event_name":"betterStone:BetterStone","floor":13,"gold_loss":0},{"damage_healed":0,"gold_gain":0,"player_choice":"Ignored","damage_taken":0,"max_hp_gain":0,"max_hp_loss":0,"event_name":"Liars Game","floor":14,"gold_loss":0}],"is_beta":false,"boss_relics":[],"items_purged_floors":[],"is_endless":false,"potions_floor_spawned":[4,8,12],"killed_by":"Slime Boss","ascension_level":20}}