{"host":"2l3i55whvwk76mom","time":1613502030,"event":{"mods":["BaseMod","Googly Eyes","Hubris","Minty Spire (QoL Compilation)","Replay The Spire","StSLib"],"gold_per_floor":[115,132,57,115,290,290,323,323,323,80,114,114,114,143,143,246,246,266,266,279,279,279,279,131,159,159,171,228,259,299,271,283,394,406,430,453,465,112,130,130,130,156,156,156,183,109,109,109,109,109,109],"floor_reached":50,"language":"ENG","playtime":1907,"items_purged":["Doubt"],"score":743,"play_id":"d9280c66-1c4a-448e-9232-574744f00f10","local_time":"20210216110030","is_ascension_mode":true,"campfire_choices":[{"data":"Eruption","floor":6,"key":"SMITH"},{"data":"Establishment","floor":8,"key":"SMITH"},{"data":"BattleHymn","floor":12,"key":"SMITH"},{"floor":15,"key":"REST"},{"data":"Ragnarok","floor":23,"key":"SMITH"},{"data":"CutThroughFate","floor":27,"key":"SMITH"},{"floor":32,"key":"REST"},{"floor":40,"key":"REST"},{"floor":41,"key":"REST"},{"floor":44,"key":"RECALL"},{"data":"1","floor":47,"key":"LIFT"},{"data":"2","floor":49,"key":"LIFT"}],"circlet_count":0,"master_deck":["Strike_P","Strike_P","Strike_P","Strike_P","Defend_P","Defend_P","Defend_P","Defend_P","Eruption+1","Vigilance","Evaluate","EmptyFist","BattleHymn+1","CutThroughFate+1","Establishment+1","ThirdEye+1","SandsOfTime","Ragnarok+1","LessonLearned+1","Swivel+1","EmptyFist","Meditate+1","FearNoEvil+1","WheelKick+1","DevaForm","Protect+1","Tantrum+1","WreathOfFlame","LikeWater"],"relics":["PureWater","NeowsBlessing","Replay:Bottled Flurry","InkBottle","Simple Rune","Membership Card","Matryoshka","hubris:BottledRain","hubris:BundleOfHerbs","hubris:GrandSneckoEye","Ginger","Boot","Potion Belt","MawBank","Strawberry","WingedGreaves","SacredBark","hubris:DisguiseKit","Gremlin Food","Medical Kit","Snack Pack","Girya","Replay:Baseball","Golden Egg"],"acts_visited":["Exordium","TheCity","TheBeyond"],"potions_floor_usage":[11,11,14,25,30,30,31,33,36,50,50,50],"damage_taken":[{"damage":0,"enemies":"Cultist","floor":1,"turns":1},{"damage":0,"enemies":"Small Slimes","floor":2,"turns":1},{"damage":0,"enemies":"3 Sentries","floor":7,"turns":1},{"damage":0,"enemies":"Gremlin Nob","floor":11,"turns":2},{"damage":6,"enemies":"3 Sentries","floor":14,"turns":4},{"damage":0,"enemies":"Slime Boss","floor":16,"turns":3},{"damage":6,"enemies":"Chosen","floor":18,"turns":3},{"damage":1,"enemies":"3 Byrds","floor":20,"turns":4},{"damage":10,"enemies":"Gremlin Leader","floor":25,"turns":4},{"damage":12,"enemies":"Shelled Parasite and Fungi","floor":29,"turns":3},{"damage":21,"enemies":"Replay:Snechameleon","floor":30,"turns":4},{"damage":38,"enemies":"Champ","floor":33,"turns":6},{"damage":5,"enemies":"Orb Walker","floor":35,"turns":2},{"damage":32,"enemies":"3 Shapes","floor":36,"turns":4},{"damage":16,"enemies":"Sphere and 2 Shapes","floor":39,"turns":5},{"damage":11,"enemies":"Giant Head","floor":42,"turns":6},{"damage":12,"enemies":"R_Hoarder","floor":45,"turns":4},{"damage":89,"enemies":"Donu and Deca","floor":50,"turns":6}],"seed_played":"-4181143443040712065","potions_obtained":[{"floor":4,"key":"Cursed Concoction"},{"floor":7,"key":"Fire Potion"},{"floor":11,"key":"Block Potion"},{"floor":16,"key":"Toxic Potion"},{"floor":20,"key":"Elixir"},{"floor":29,"key":"StancePotion"},{"floor":31,"key":"Explosive Potion"},{"floor":31,"key":"Milkshake"},{"floor":31,"key":"Fruit Juice"},{"floor":39,"key":"Swift Potion"}],"is_trial":false,"path_per_floor":["M","M","$","?","?","R","E","R","T","$","E","R","?","E","R","B",null,"M","?","M","$","?","R","$","E","T","R","T","M","E","?","R","B",null,"M","M","?","$","M","R","R","E","T","R","E","$","R","T","R","B"],"character_chosen":"WATCHER","items_purchased":["BattleHymn","Membership Card","ThirdEye+1","Ginger","hubris:DisguiseKit","Gremlin Food","Tantrum","Medical Kit","FearPotion","SteroidPotion","WreathOfFlame","LikeWater"],"campfire_rested":4,"item_purchase_floors":[3,10,10,24,38,38,38,38,38,38,46,46],"current_hp_per_floor":[72,72,72,54,54,54,54,54,54,54,54,54,47,41,62,62,72,66,66,65,65,65,65,65,55,55,55,62,50,29,34,59,21,84,79,47,47,47,31,56,81,70,70,70,66,66,66,66,66,0,0],"gold":109,"neow_bonus":"THREE_ENEMY_KILL","is_daily":false,"chose_seed":false,"campfire_upgraded":5,"win_rate":0.0,"timestamp":1613502030,"path_taken":["M","M","$","?","?","R","E","R","T","$","E","R","?","E","R","BOSS","M","?","M","$","?","R","$","E","T","R","?","M","E","?","R","BOSS","M","M","?","$","?","R","R","E","T","R","E","$","R","?","R","BOSS"],"items_purchased_type":["Card","Relic","Card","Relic","Relic","Relic","Card","Relic","Potion","Potion","Card","Card"],"build_version":"2020-12-22","purchased_purges":1,"victory":false,"max_hp_per_floor":[72,72,72,72,72,72,72,72,72,72,72,72,72,72,72,72,72,72,72,72,72,72,72,72,72,72,72,79,79,79,84,84,84,84,84,84,84,84,84,84,84,84,84,84,84,84,84,84,84,84,84],"card_choices":[{"not_picked":["WreathOfFlame","CrushJoints"],"picked":"Evaluate","floor":1},{"not_picked":["ThirdEye","Replay:DivineShield"],"picked":"EmptyFist","floor":2},{"not_picked":["Vengeance","Consecrate"],"picked":"CutThroughFate","floor":4},{"not_picked":["BattleHymn","Sanctity"],"picked":"Establishment","floor":7},{"not_picked":["Replay:BluntJabs","Conclude"],"picked":"SandsOfTime","floor":11},{"not_picked":["MentalFortress","Wallop"],"picked":"Ragnarok","floor":14},{"not_picked":["Replay:AllIn","Ragnarok"],"picked":"LessonLearned","floor":16},{"not_picked":["Halt","Protect"],"picked":"Swivel+1","floor":18},{"not_picked":["Conclude","JustLucky"],"picked":"EmptyFist","floor":20},{"not_picked":["Study","ClearTheMind"],"picked":"Meditate+1","floor":25},{"not_picked":["SashWhip","FollowUp"],"picked":"FearNoEvil+1","floor":29},{"not_picked":["Prostrate","LikeWater"],"picked":"WheelKick","floor":30},{"not_picked":["Brilliance","SpiritShield"],"picked":"DevaForm","floor":33},{"not_picked":["ForeignInfluence+1","BowlingBash","ThirdEye+1"],"picked":"SKIP","floor":35},{"not_picked":["Prostrate+1","Replay:AtTheReady+1"],"picked":"Protect+1","floor":36},{"not_picked":["BowlingBash","SashWhip+1","Nirvana+1","Abandon"],"picked":"SKIP","floor":39},{"not_picked":["Worship","SashWhip","ClearTheMind","Pommel Strike"],"picked":"SKIP","floor":42},{"not_picked":["Nirvana","Alpha","WaveOfTheHand+1","Replay:Undeath\u0027s Touch"],"picked":"SKIP","floor":45}],"player_experience":379588,"relics_obtained":[{"floor":4,"key":"Replay:Bottled Flurry"},{"floor":7,"key":"InkBottle"},{"floor":9,"key":"Simple Rune"},{"floor":11,"key":"Matryoshka"},{"floor":14,"key":"hubris:BundleOfHerbs"},{"floor":25,"key":"Boot"},{"floor":26,"key":"Potion Belt"},{"floor":26,"key":"MawBank"},{"floor":28,"key":"Strawberry"},{"floor":30,"key":"WingedGreaves"},{"floor":42,"key":"Snack Pack"},{"floor":43,"key":"Girya"},{"floor":45,"key":"Replay:Baseball"},{"floor":48,"key":"Golden Egg"}],"event_choices":[{"damage_healed":0,"gold_gain":175,"player_choice":"AGREE","damage_taken":0,"max_hp_gain":0,"max_hp_loss":0,"event_name":"Liars Game","floor":5,"gold_loss":0,"cards_obtained":["Doubt"]},{"damage_healed":0,"gold_gain":0,"player_choice":"Success","damage_taken":7,"relics_obtained":["hubris:BottledRain"],"max_hp_gain":0,"max_hp_loss":0,"event_name":"Scrap Ooze","floor":13,"gold_loss":0},{"damage_healed":0,"gold_gain":0,"player_choice":"Simplicity","damage_taken":0,"max_hp_gain":0,"max_hp_loss":0,"event_name":"Back to Basics","floor":19,"gold_loss":0,"cards_upgraded":["Strike_P","Strike_P","Strike_P","Strike_P","Defend_P","Defend_P","Defend_P","Defend_P"]},{"damage_healed":0,"gold_gain":0,"player_choice":"Ignored","damage_taken":0,"max_hp_gain":0,"max_hp_loss":0,"event_name":"Ghosts","floor":22,"gold_loss":0},{"damage_healed":0,"gold_gain":0,"player_choice":"Bought 3 Potions","damage_taken":0,"max_hp_gain":0,"max_hp_loss":0,"event_name":"The Woman in Blue","floor":31,"gold_loss":0},{"damage_healed":0,"gold_gain":0,"player_choice":"Ignored","damage_taken":0,"max_hp_gain":0,"max_hp_loss":0,"event_name":"SecretPortal","floor":37,"gold_loss":0}],"is_beta":false,"boss_relics":[{"not_picked":["Tiny House","Calling Bell"],"picked":"hubris:GrandSneckoEye"},{"not_picked":["hubris:VirtuousBlindfold","Empty Cage"],"picked":"SacredBark"}],"items_purged_floors":[10],"is_endless":false,"potions_floor_spawned":[7,11,16,20,29,39],"killed_by":"Donu and Deca","ascension_level":3}}