{"host":"1eshbq9n813iloto","time":1613496760,"event":{"mods":["Astrologer","BaseMod","Better Third Choice","Hermit","Hubris","Infinite Spire","Minty Spire (QoL Compilation)","StSLib","The Cursed","TheBandit"],"gold_per_floor":[111,129,304,304,317,317,332,186,186,186,60,60,83,114,114,245,245,264,104,120,140,163,199,109,109,109],"floor_reached":25,"language":"ENG","playtime":1249,"items_purged":["Strike_G","Strike_G","Strike_G"],"score":223,"play_id":"f6bb060c-aea5-4104-9ebc-053e61c809e6","local_time":"20210216123240","is_ascension_mode":false,"campfire_choices":[{"data":"Deadly Poison","floor":6,"key":"SMITH"},{"data":"Riddle With Holes","floor":12,"key":"SMITH"},{"floor":15,"key":"REST"}],"circlet_count":0,"master_deck":["Strike_G","Strike_G","Defend_G","Defend_G","Defend_G","Defend_G","Defend_G","Survivor","Neutralize","Deadly Poison+1","Riddle With Holes+1","Poisoned Stab","Noxious Fumes+1","Dagger Spray","Footwork+1","Envenom","Noxious Fumes","Poisoned Stab+1"],"relics":["Ring of the Serpent","NeowsBlessing","Golden Idol","Letter Opener","Orichalcum","Happy Flower"],"acts_visited":["Exordium","TheCity"],"potions_floor_usage":[16,16,20,22],"damage_taken":[{"damage":0,"enemies":"2 Louse","floor":1,"turns":1},{"damage":0,"enemies":"Small Slimes","floor":2,"turns":1},{"damage":0,"enemies":"Jaw Worm","floor":5,"turns":1},{"damage":0,"enemies":"Looter","floor":7,"turns":3},{"damage":0,"enemies":"3 Louse","floor":13,"turns":2},{"damage":18,"enemies":"Gremlin Nob","floor":14,"turns":4},{"damage":6,"enemies":"Hexaghost","floor":16,"turns":7},{"damage":17,"enemies":"Shell Parasite","floor":18,"turns":6},{"damage":4,"enemies":"3 Byrds","floor":20,"turns":5},{"damage":10,"enemies":"Snake Plant","floor":21,"turns":4},{"damage":17,"enemies":"Sentry and Sphere","floor":22,"turns":4},{"damage":51,"enemies":"Book of Stabbing","floor":23,"turns":7},{"damage":12,"enemies":"3 Cultists","floor":25,"turns":3}],"seed_played":"-3659021780705386601","potions_obtained":[{"floor":1,"key":"FairyPotion"},{"floor":7,"key":"DuplicationPotion"},{"floor":13,"key":"SkillPotion"},{"floor":18,"key":"Regen Potion"},{"floor":21,"key":"SteroidPotion"}],"is_trial":false,"path_per_floor":["M","M","?","?","M","R","M","$","T","?","$","R","M","E","R","B",null,"M","$","M","M","M","E","?","M"],"character_chosen":"THE_SILENT","items_purchased":["Noxious Fumes","Dagger Spray","Noxious Fumes"],"campfire_rested":1,"item_purchase_floors":[8,11,19],"current_hp_per_floor":[70,70,70,53,53,53,53,53,53,53,53,53,53,35,56,50,70,53,53,64,54,37,8,8,0,0],"gold":109,"neow_bonus":"THREE_ENEMY_KILL","is_daily":false,"chose_seed":false,"campfire_upgraded":2,"win_rate":0.0,"timestamp":1613496760,"path_taken":["M","M","?","?","M","R","M","?","T","?","$","R","M","E","R","BOSS","M","$","M","M","M","E","?","?"],"items_purchased_type":["Card","Card","Card"],"build_version":"2020-12-13","purchased_purges":3,"victory":false,"max_hp_per_floor":[70,70,70,70,70,70,70,70,70,70,70,70,70,70,70,70,70,70,70,70,70,70,70,70,70,70],"card_choices":[{"not_picked":["PiercingWail","Footwork"],"picked":"Deadly Poison","floor":1},{"not_picked":["Sucker Punch","hubris:SlightOfHand","Slice"],"picked":"SKIP","floor":2},{"not_picked":["Sucker Punch","Malaise"],"picked":"Riddle With Holes","floor":5},{"not_picked":["Endless Agony","Distraction"],"picked":"Poisoned Stab","floor":7},{"not_picked":["Predator","Terror"],"picked":"Footwork","floor":13},{"not_picked":["hubris:SlightOfHand","hubris:Sniper","Endless Agony"],"picked":"SKIP","floor":14},{"not_picked":["Night Terror","After Image"],"picked":"Envenom","floor":16},{"not_picked":["Sucker Punch","Expertise","Poisoned Stab"],"picked":"SKIP","floor":18},{"not_picked":["Prepared","hubris:SlightOfHand","Choke"],"picked":"SKIP","floor":20},{"not_picked":["hubris:SlightOfHand+1","Backflip"],"picked":"Poisoned Stab+1","floor":21},{"not_picked":["Caltrops","Sucker Punch","Flying Knee+1"],"picked":"SKIP","floor":22},{"not_picked":["Infinite Blades","All Out Attack","Skewer"],"picked":"SKIP","floor":23}],"player_experience":30267,"relics_obtained":[{"floor":9,"key":"Letter Opener"},{"floor":14,"key":"Orichalcum"},{"floor":23,"key":"Happy Flower"}],"event_choices":[{"damage_healed":0,"gold_gain":175,"player_choice":"AGREE","damage_taken":129,"max_hp_gain":0,"max_hp_loss":0,"event_name":"betterThird:BetterSerpent","floor":3,"gold_loss":0},{"damage_healed":0,"gold_gain":0,"player_choice":"Take Damage","damage_taken":17,"relics_obtained":["Golden Idol"],"max_hp_gain":0,"max_hp_loss":0,"event_name":"Golden Idol","floor":4,"gold_loss":0},{"damage_healed":0,"gold_gain":0,"player_choice":"Upgraded","damage_taken":0,"max_hp_gain":0,"max_hp_loss":0,"event_name":"Upgrade Shrine","floor":10,"gold_loss":0,"cards_upgraded":["Noxious Fumes"]},{"cards_removed":["Doubt"],"damage_healed":0,"gold_gain":0,"player_choice":"Upgrade and Remove","damage_taken":0,"max_hp_gain":0,"max_hp_loss":0,"event_name":"Designer","floor":24,"gold_loss":90,"cards_upgraded":["Footwork"]}],"is_beta":false,"boss_relics":[{"not_picked":["hubris:BlackHole","SacredBark"],"picked":"Ring of the Serpent"}],"items_purged_floors":[8,11,19],"is_endless":false,"potions_floor_spawned":[1,7,13,18,21],"killed_by":"3 Cultists","ascension_level":0}}