{"host":"i09pxcjttd31eh4q","time":1608724115,"event":{"mods":["AchievementEnabler","BaseMod","Colored Map","Keyboard Shortcuts","Minty Spire (QoL Compilation)","StSLib","SuperFastMode"],"gold_per_floor":[111,111,111,36,36,36,64,80,80,80,11,21,54,70,70,170,170,184,203,103,28,28,57,73,105,105,116,134,134,134,149,149,249,249,269,280,325,200,210,241,252,252,252,102,102,102,117,117,117,117],"floor_reached":51,"playtime":1678,"items_purged":["Defend_B","Strike_B","Decay","Zap+1"],"score":725,"play_id":"b42f45d3-93ba-4dfc-bd20-eb6e562c3492","local_time":"20201223204835","is_ascension_mode":false,"campfire_choices":[{"data":"Dualcast","floor":6.0,"key":"SMITH"},{"data":"Fusion","floor":15.0,"key":"SMITH"},{"floor":30.0,"key":"REST"},{"floor":32.0,"key":"REST"},{"data":"Chaos","floor":46.0,"key":"SMITH"},{"data":"Coolheaded","floor":49.0,"key":"SMITH"}],"circlet_count":0,"master_deck":["Defend_B+1","Defend_B+1","Defend_B","Dualcast+1","Cold Snap","Meteor Strike","Capacitor+1","Rebound","Fusion+1","Defragment+1","Echo Form+1","Capacitor+1","Static Discharge+1","Consume","Redo","Electrodynamics+1","Defragment+1","Coolheaded+1","Machine Learning+1","Defragment+1","Fusion+1","Chaos+1","Coolheaded+1"],"relics":["Cracked Core","PreservedInsect","Frozen Egg 2","Gremlin Horn","Bag of Preparation","Snecko Eye","War Paint","Kunai","Dream Catcher","Tiny Chest","Cursed Key","Happy Flower","Potion Belt"],"acts_visited":["Exordium","TheCity","TheBeyond"],"potions_floor_usage":[50,50,50,50],"damage_taken":[{"damage":1.0,"enemies":"Jaw Worm","floor":1.0,"turns":4.0},{"damage":16.0,"enemies":"3 Sentries","floor":7.0,"turns":5.0},{"damage":0.0,"enemies":"Small Slimes","floor":8.0,"turns":3.0},{"damage":0.0,"enemies":"Cultist","floor":12.0,"turns":3.0},{"damage":10.0,"enemies":"Gremlin Nob","floor":13.0,"turns":3.0},{"damage":0.0,"enemies":"Lots of Slimes","floor":14.0,"turns":1.0},{"damage":34.0,"enemies":"Hexaghost","floor":16.0,"turns":9.0},{"damage":0.0,"enemies":"3 Byrds","floor":18.0,"turns":4.0},{"damage":10.0,"enemies":"Shell Parasite","floor":19.0,"turns":3.0},{"damage":18.0,"enemies":"Book of Stabbing","floor":23.0,"turns":3.0},{"damage":17.0,"enemies":"Centurion and Healer","floor":24.0,"turns":6.0},{"damage":7.0,"enemies":"Gremlin Leader","floor":25.0,"turns":3.0},{"damage":0.0,"enemies":"Sentry and Sphere","floor":27.0,"turns":2.0},{"damage":12.0,"enemies":"Snake Plant","floor":28.0,"turns":4.0},{"damage":0.0,"enemies":"Centurion and Healer","floor":31.0,"turns":2.0},{"damage":3.0,"enemies":"Collector","floor":33.0,"turns":8.0},{"damage":15.0,"enemies":"Orb Walker","floor":35.0,"turns":2.0},{"damage":5.0,"enemies":"3 Shapes","floor":36.0,"turns":2.0},{"damage":2.0,"enemies":"Sphere and 2 Shapes","floor":39.0,"turns":3.0},{"damage":12.0,"enemies":"Reptomancer","floor":40.0,"turns":3.0},{"damage":20.0,"enemies":"Jaw Worm Horde","floor":41.0,"turns":3.0},{"damage":17.0,"enemies":"Maw","floor":47.0,"turns":5.0},{"damage":40,"enemies":"Awakened One","floor":50,"turns":11}],"seed_played":"-5239224120275784111","potions_obtained":[{"floor":1.0,"key":"SpeedPotion"},{"floor":8.0,"key":"SteroidPotion"},{"floor":12.0,"key":"FearPotion"},{"floor":14.0,"key":"LiquidBronze"},{"floor":23.0,"key":"DuplicationPotion"},{"floor":24.0,"key":"Dexterity Potion"},{"floor":31.0,"key":"Ancient Potion"},{"floor":33.0,"key":"DuplicationPotion"},{"floor":36.0,"key":"AttackPotion"},{"floor":40.0,"key":"SneckoOil"}],"is_trial":false,"path_per_floor":["M","?","?","$","?","R","E","M","T","?","$","M","E","M","R","B",null,"M","M","$","?","$","E","M","E","T","M","M","?","R","M","R","B",null,"M","M","T","$","M","E","M","?","T","$","?","R","M","T","R","B",null],"character_chosen":"DEFECT","items_purchased":["Capacitor+1"],"campfire_rested":2,"item_purchase_floors":[11],"current_hp_per_floor":[74,74,67,67,67,67,51,51,51,51,51,51,41,41,41,7,75,75,65,65,65,65,47,30,23,23,23,11,11,33,33,55,52,75,60,55,55,55,53,41,21,21,21,21,66,66,49,49,49,9],"gold":117,"neow_bonus":"RANDOM_COMMON_RELIC","is_daily":false,"chose_seed":false,"campfire_upgraded":4,"win_rate":0.0,"timestamp":1608724115,"path_taken":["M","?","?","$","?","R","E","?","T","?","?","M","E","M","R","BOSS","M","M","?","?","?","E","M","E","T","M","M","?","R","M","R","BOSS","M","M","?","$","M","E","M","?","T","$","?","R","M","?","R","BOSS"],"items_purchased_type":["Card"],"build_version":"2020-12-22","purchased_purges":4,"victory":true,"max_hp_per_floor":[75,75,75,75,75,75,75,75,75,75,75,75,75,75,75,75,75,75,75,75,75,75,75,75,75,75,75,75,75,75,75,75,75,75,75,75,75,75,75,75,75,75,75,75,66,66,66,66,66,66],"card_choices":[{"not_picked":["FTL","Fusion"],"picked":"Cold Snap","floor":1.0},{"not_picked":["Hyperbeam","Redo","Consume"],"picked":"SKIP","floor":7.0},{"not_picked":["Reinforced Body","Streamline","Genetic Algorithm"],"picked":"SKIP","floor":8.0},{"not_picked":["Sunder","Streamline"],"picked":"Rebound","floor":12.0},{"not_picked":["Turbo","Redo"],"picked":"Fusion","floor":13.0},{"not_picked":["Ball Lightning","Gash"],"picked":"Defragment+1","floor":14.0},{"not_picked":["All For One","Amplify"],"picked":"Echo Form+1","floor":16.0},{"not_picked":["Lockon","Consume"],"picked":"Capacitor+1","floor":18.0},{"not_picked":["Rebound","Leap+1"],"picked":"Static Discharge+1","floor":19.0},{"not_picked":["Leap","Conserve Battery"],"picked":"Consume","floor":23.0},{"not_picked":["Go for the Eyes","Skim"],"picked":"Redo","floor":24.0},{"not_picked":["Ball Lightning","Doom and Gloom"],"picked":"Electrodynamics+1","floor":25.0},{"not_picked":["Rebound","Chill+1"],"picked":"Defragment+1","floor":27.0},{"not_picked":["Beam Cell","FTL+1","Streamline"],"picked":"SKIP","floor":28.0},{"not_picked":["Hologram","Gash"],"picked":"Coolheaded+1","floor":30.0},{"not_picked":["Beam Cell","Rebound+1","Capacitor+1"],"picked":"SKIP","floor":31.0},{"not_picked":["Seek","Multi-Cast"],"picked":"Machine Learning+1","floor":33.0},{"not_picked":["Conserve Battery","Turbo"],"picked":"Defragment+1","floor":35.0},{"not_picked":["Ball Lightning+1","Cold Snap"],"picked":"Fusion+1","floor":36.0},{"not_picked":["Rebound","Steam+1"],"picked":"Chaos","floor":39.0},{"not_picked":["Beam Cell+1","Cold Snap+1","Turbo"],"picked":"SKIP","floor":40.0},{"not_picked":["Genetic Algorithm+1","Self Repair+1","Glacier+1"],"picked":"SKIP","floor":41.0},{"not_picked":["Ball Lightning","Go for the Eyes+1"],"picked":"Coolheaded","floor":47.0}],"player_experience":762877,"relics_obtained":[{"floor":7.0,"key":"Frozen Egg 2"},{"floor":9.0,"key":"Gremlin Horn"},{"floor":13.0,"key":"Bag of Preparation"},{"floor":23.0,"key":"War Paint"},{"floor":25.0,"key":"Kunai"},{"floor":26.0,"key":"Dream Catcher"},{"floor":37.0,"key":"Happy Flower"},{"floor":40.0,"key":"Potion Belt"}],"event_choices":[{"damage_healed":0.0,"max_hp_gain":0.0,"max_hp_loss":0.0,"gold_gain":0.0,"event_name":"Liars Game","player_choice":"Ignored","floor":2.0,"gold_loss":0.0,"damage_taken":0.0},{"cards_removed":["Strike_B"],"damage_healed":0.0,"max_hp_gain":0.0,"max_hp_loss":0.0,"gold_gain":0.0,"event_name":"Golden Wing","player_choice":"Card Removal","floor":3.0,"gold_loss":0.0,"damage_taken":7.0},{"damage_healed":0.0,"max_hp_gain":0.0,"max_hp_loss":0.0,"gold_gain":0.0,"event_name":"Living Wall","player_choice":"Grow","floor":5.0,"gold_loss":0.0,"damage_taken":0.0,"cards_upgraded":["Zap"]},{"damage_healed":0.0,"max_hp_gain":0.0,"max_hp_loss":0.0,"gold_gain":0.0,"cards_transformed":["Strike_B"],"event_name":"Transmorgrifier","player_choice":"Transformed","floor":10.0,"gold_loss":0.0,"damage_taken":0.0,"cards_obtained":["Meteor Strike"]},{"cards_removed":["Strike_B"],"damage_healed":0.0,"max_hp_gain":0.0,"max_hp_loss":0.0,"gold_gain":0.0,"event_name":"Beggar","player_choice":"Gave Gold","floor":21.0,"gold_loss":75.0,"damage_taken":0.0},{"damage_healed":0.0,"max_hp_gain":0.0,"max_hp_loss":0.0,"gold_gain":0.0,"event_name":"WeMeetAgain","player_choice":"Gave Potion","floor":29.0,"gold_loss":0.0,"damage_taken":0.0,"relics_obtained":["Tiny Chest"]},{"damage_healed":0.0,"max_hp_gain":0.0,"max_hp_loss":0.0,"gold_gain":0.0,"event_name":"SensoryStone","player_choice":"Memory 1","floor":42.0,"gold_loss":0.0,"damage_taken":0.0},{"damage_healed":66.0,"max_hp_gain":0.0,"max_hp_loss":9.0,"gold_gain":0.0,"event_name":"The Moai Head","player_choice":"Heal","floor":45.0,"gold_loss":0.0,"damage_taken":0.0}],"is_beta":false,"boss_relics":[{"not_picked":["Runic Dome","Empty Cage"],"picked":"Snecko Eye"},{"not_picked":["Busted Crown","Coffee Dripper"],"picked":"Cursed Key"}],"items_purged_floors":[4,20,38,44],"is_endless":false,"potions_floor_spawned":[1,8,12,14,23,24,31,33,35,36,40],"ascension_level":0}}