{"host":"nox","time":1608697908,"event":{"mods":["Aspiration","BaseMod","Better Third Choice","Colored Powertips","Conspire","Hubris","Infinite Spire","Minty Spire (QoL Compilation)","Quick Restart","Rare Cards Sparkle","Replay The Spire","Shop Mod","Spikes Relics","StSLib","SuperFastMode","The Alterego","vexMod"],"gold_per_floor":[111,127,127,127,142,173,173,205,205,205,325,359,359,401,401,496,496,615,615,615,625,638,638,668,678,678,678,807,807,940,1050,1050,1050,1050],"floor_reached":33,"playtime":2667,"items_purged":[],"score":413,"play_id":"0c14bea9-4be3-428a-8327-faed713663fb","local_time":"20201223113148","is_ascension_mode":true,"campfire_choices":[{"data":"Neutralize","floor":7.0,"key":"SMITH"},{"data":"Malaise","floor":13.0,"key":"SMITH"},{"data":"Bite","floor":23.0,"key":"SMITH"},{"data":"After Image","floor":27.0,"key":"SMITH"},{"data":"Bite","floor":29.0,"key":"SMITH"},{"data":"Bite","floor":32.0,"key":"SMITH"}],"circlet_count":0,"master_deck":["Defend_G","Defend_G","Defend_G","Defend_G","Defend_G","Survivor","Neutralize+1","Poisoned Stab+1","Malaise+1","Distraction","After Image+1","Quick Slash+1","Bite+1","Bite+1","Bite+1","Bite","Bite","Footwork","Riddle With Holes+1","Pot Of Greed+1","Pot Of Greed+1","Deadly Poison+1","Glass Knife","Deadly Poison+1"],"relics":["vexMod:BigBerry","WizardHat","Mirror","hubris:Icosahedron","Strawberry","PreservedInsect","conspire:SlowCooker","conspire:Flyswatter","Boot","Toxic Egg 2","Grinning Jar","Lantern"],"acts_visited":["Exordium","TheCity"],"potions_floor_usage":[33],"damage_taken":[{"damage":4.0,"enemies":"Small Slimes","floor":1.0,"turns":5.0},{"damage":2.0,"enemies":"Jaw Worm","floor":2.0,"turns":4.0},{"damage":1.0,"enemies":"2 Louse","floor":5.0,"turns":2.0},{"damage":45.0,"enemies":"Gremlin Nob","floor":6.0,"turns":6.0},{"damage":37.0,"enemies":"3 Sentries","floor":8.0,"turns":13.0},{"damage":5.0,"enemies":"Red Slaver","floor":11.0,"turns":4.0},{"damage":2.0,"enemies":"Lagavulin","floor":12.0,"turns":12.0},{"damage":4.0,"enemies":"The Guardian","floor":16.0,"turns":15.0},{"damage":7.0,"enemies":"conspire:FuzzyDice","floor":18.0,"turns":9.0},{"damage":12.0,"enemies":"Chosen","floor":21.0,"turns":6.0},{"damage":23.0,"enemies":"Snecko","floor":22.0,"turns":7.0},{"damage":19.0,"enemies":"conspire:SneckoGhost","floor":24.0,"turns":10.0},{"damage":29.0,"enemies":"Centurion and Healer","floor":25.0,"turns":6.0},{"damage":21.0,"enemies":"Replay:Snechameleon","floor":28.0,"turns":8.0},{"damage":34.0,"enemies":"Slavers","floor":30.0,"turns":7.0},{"damage":19.0,"enemies":"Chosen and Byrds","floor":31.0,"turns":8.0},{"damage":56,"enemies":"conspire:MysteriousRune","floor":33,"turns":5}],"seed_played":"-4727782482686233994","potions_obtained":[{"floor":1.0,"key":"Reflective Coating"},{"floor":6.0,"key":"PowerPotion"},{"floor":8.0,"key":"Energy Potion"},{"floor":11.0,"key":"EssenceOfSteel"},{"floor":14.0,"key":"PowerPotion"},{"floor":18.0,"key":"Toxic Potion"},{"floor":24.0,"key":"infinitespire:BlackPotion"},{"floor":25.0,"key":"Dexterity Potion"}],"is_trial":false,"path_per_floor":["M","M","?","$","M","E","R","E","T","?","M","E","R","?","R","B",null,"M","?","AVR","M","M","R","E","M","T","R","E","R","E","M","R","B"],"character_chosen":"THE_SILENT","items_purchased":[],"campfire_rested":0,"item_purchase_floors":[],"current_hp_per_floor":[96,94,94,94,93,48,48,11,11,11,6,105,105,79,79,75,107,100,74,74,72,57,57,69,61,61,61,61,61,39,35,35,0,0],"gold":1050,"neow_bonus":"BOSS_RELIC","is_daily":false,"chose_seed":false,"campfire_upgraded":6,"win_rate":0.0,"timestamp":1608697908,"path_taken":["M","M","?","$","M","E","R","E","T","?","M","E","R","?","R","BOSS","M","?","AVR","M","M","R","E","M","T","R","E","R","E","M","R","BOSS"],"items_purchased_type":[],"build_version":"2020-11-17","purchased_purges":0,"victory":false,"max_hp_per_floor":[100,100,100,100,100,100,100,100,100,100,100,107,107,107,107,107,107,107,74,74,74,74,74,74,74,74,74,74,74,74,74,74,74,74],"card_choices":[{"not_picked":["hubris:TrickCloak","Acrobatics","Dodge and Roll"],"picked":"SKIP","floor":1.0},{"not_picked":["Prepared","hubris:Counter"],"picked":"Poisoned Stab","floor":2.0},{"not_picked":["Fluid Movement","Cloak And Dagger","Deflect"],"picked":"SKIP","floor":5.0},{"not_picked":["Dodge and Roll","Pace","Slice"],"picked":"SKIP","floor":6.0},{"not_picked":["InfectiousVector","Deflect"],"picked":"Malaise","floor":8.0},{"not_picked":["Dodge and Roll","Acrobatics","Cloak And Dagger"],"picked":"SKIP","floor":11.0},{"not_picked":["hubris:TrickCloak","Atom Bomb","ShadowRift"],"picked":"SKIP","floor":12.0},{"not_picked":["Wraith Form v2","Grand Finale"],"picked":"After Image","floor":16.0},{"not_picked":["hubris:SlightOfHand","Blade Dance"],"picked":"Quick Slash+1","floor":18.0},{"not_picked":["Skewer","Deadly Poison"],"picked":"Footwork","floor":21.0},{"not_picked":["ShadowRift","Dodge and Roll","Underhanded Strike"],"picked":"SKIP","floor":22.0},{"not_picked":["Outmaneuver","Flying Knee"],"picked":"Riddle With Holes+1","floor":24.0},{"not_picked":["Dodge and Roll+1","PiercingWail","Escape Plan+1"],"picked":"SKIP","floor":25.0},{"not_picked":["Outmaneuver+1","Blade Dance+1"],"picked":"Deadly Poison+1","floor":28.0},{"not_picked":["All Out Attack+1","Finisher"],"picked":"Glass Knife","floor":30.0},{"not_picked":["ReplayTheSpireMod:Tripwire+1","PiercingWail+1"],"picked":"Deadly Poison+1","floor":31.0}],"player_experience":234775,"relics_obtained":[{"floor":6.0,"key":"WizardHat"},{"floor":8.0,"key":"Mirror"},{"floor":12.0,"key":"Strawberry"},{"floor":14.0,"key":"PreservedInsect"},{"floor":24.0,"key":"Boot"},{"floor":26.0,"key":"Toxic Egg 2"},{"floor":28.0,"key":"Grinning Jar"},{"floor":30.0,"key":"Lantern"}],"event_choices":[{"damage_healed":0.0,"max_hp_gain":0.0,"max_hp_loss":0.0,"gold_gain":0.0,"cards_transformed":["Strike_G"],"event_name":"Living Wall","player_choice":"Change","floor":15.0,"gold_loss":0.0,"damage_taken":0.0,"cards_obtained":["Distraction"]},{"damage_healed":0.0,"max_hp_gain":0.0,"max_hp_loss":33.0,"gold_gain":0.0,"event_name":"Vampires","player_choice":"Became a vampire","floor":19.0,"gold_loss":0.0,"damage_taken":0.0,"cards_obtained":["Bite","Bite","Bite","Bite","Bite"]}],"is_beta":true,"boss_relics":[{"not_picked":["aspiration:RitualDagger","vexMod:MysteryBossChallenge"],"picked":"conspire:SlowCooker"}],"items_purged_floors":[],"is_endless":false,"potions_floor_spawned":[1,6,8,11,18,24,25],"killed_by":"conspire:MysteriousRune","ascension_level":4}}