{"host":"dse7mhnsc79f1w8v","time":1608705557,"event":{"mods":["BaseMod","DeckTracker","Hermit","Minty Spire (QoL Compilation)","Permanent Neow","StSLib","SuperFastMode","everything is the same but u backflip on backflip"],"gold_per_floor":[115,128,78,95,106,134,134,163,187,207,207,62,62,82,82,89,89],"floor_reached":16,"playtime":498,"items_purged":["hermit:Strike_Hermit"],"score":112,"play_id":"826f66d2-335d-4cc3-81d0-e58f27a2e911","local_time":"20201223153917","is_ascension_mode":false,"campfire_choices":[{"data":"hermit:Scavenge","floor":7,"key":"SMITH"},{"floor":11,"key":"REST"},{"data":"hermit:Snapshot","floor":15,"key":"SMITH"}],"circlet_count":0,"master_deck":["hermit:Strike_Hermit","hermit:Defend_Hermit","hermit:Defend_Hermit","hermit:Defend_Hermit","hermit:Defend_Hermit","hermit:Snapshot+1","hermit:Covet","hermit:Vantage","hermit:Roulette","hermit:Virtue","hermit:TrackingShot","hermit:Misfire","hermit:Scavenge+1","hermit:Ricochet","hermit:Quickdraw","hermit:Enervate"],"relics":["hermit:Momento","InkBottle","Bronze Scales","Bag of Marbles"],"acts_visited":[],"potions_floor_usage":[6,6,6,8,16,16],"damage_taken":[{"damage":1,"enemies":"Cultist","floor":1,"turns":3},{"damage":0,"enemies":"2 Louse","floor":2,"turns":1},{"damage":4,"enemies":"Jaw Worm","floor":4,"turns":2},{"damage":0,"enemies":"Large Slime","floor":5,"turns":3},{"damage":9,"enemies":"Gremlin Nob","floor":6,"turns":4},{"damage":41,"enemies":"3 Sentries","floor":8,"turns":11},{"damage":10,"enemies":"Exordium Wildlife","floor":10,"turns":3},{"damage":0,"enemies":"3 Louse","floor":14,"turns":2},{"damage":35,"enemies":"Hexaghost","floor":16,"turns":4}],"seed_played":"-5836241258083527868","potions_obtained":[{"floor":1,"key":"Weak Potion"},{"floor":4,"key":"EssenceOfSteel"},{"floor":5,"key":"SkillPotion"},{"floor":6,"key":"Swift Potion"},{"floor":10,"key":"AttackPotion"},{"floor":14,"key":"ColorlessPotion"}],"is_trial":false,"path_per_floor":["M","M","?","M","M","E","R","E","T","M","R","$","?","M","R","B"],"character_chosen":"HERMIT","items_purchased":["hermit:Enervate"],"campfire_rested":1,"item_purchase_floors":[12],"current_hp_per_floor":[74,74,74,70,70,61,61,20,20,10,32,32,32,32,32,0,0],"gold":89,"neow_bonus":"THREE_CARDS","is_daily":false,"chose_seed":false,"campfire_upgraded":2,"win_rate":0.0,"timestamp":1608705557,"path_taken":["M","M","?","M","M","E","R","E","T","M","R","$","?","M","R","BOSS"],"items_purchased_type":["Card"],"build_version":"2020-12-22","purchased_purges":1,"victory":false,"max_hp_per_floor":[75,75,75,75,75,75,75,75,75,75,75,75,75,75,75,75,75],"card_choices":[{"not_picked":["hermit:TakeAim","hermit:Coalescence"],"picked":"hermit:Vantage","floor":0},{"not_picked":["hermit:Gestalt","hermit:EyeOfTheStorm"],"picked":"hermit:Roulette","floor":1},{"not_picked":["hermit:Coalescence","hermit:Vantage"],"picked":"hermit:Virtue","floor":2},{"not_picked":["hermit:FullyLoaded","hermit:Brawl"],"picked":"hermit:TrackingShot","floor":4},{"not_picked":["hermit:HoleUp","hermit:TrackingShot"],"picked":"hermit:Misfire","floor":5},{"not_picked":["hermit:Spite","hermit:Showdown"],"picked":"hermit:Scavenge","floor":6},{"not_picked":["hermit:Determination","hermit:Virtue"],"picked":"hermit:Ricochet","floor":8},{"not_picked":["hermit:LowProfile","hermit:LoneWolf"],"picked":"hermit:Quickdraw","floor":10},{"not_picked":["hermit:CalledShot","hermit:GhostlyPresence","hermit:HighCaliber"],"picked":"SKIP","floor":14}],"player_experience":790874,"relics_obtained":[{"floor":6,"key":"InkBottle"},{"floor":8,"key":"Bronze Scales"},{"floor":9,"key":"Bag of Marbles"}],"event_choices":[{"cards_removed":["hermit:Strike_Hermit"],"damage_healed":0,"gold_gain":0,"player_choice":"Card Removal","damage_taken":0,"max_hp_gain":0,"max_hp_loss":0,"event_name":"The Cleric","floor":3,"gold_loss":50},{"cards_removed":["hermit:Strike_Hermit"],"damage_healed":0,"gold_gain":0,"player_choice":"Forget","damage_taken":0,"max_hp_gain":0,"max_hp_loss":0,"event_name":"Living Wall","floor":13,"gold_loss":0}],"is_beta":false,"boss_relics":[],"items_purged_floors":[12],"is_endless":false,"potions_floor_spawned":[1,4,5,6,10,14],"killed_by":"Hexaghost","ascension_level":0}}