{"host":"2hea6pl5vmah38iy","time":1608713126,"event":{"mods":["AchievementEnabler","BaseMod","Colored Map","DeckTracker","Keyboard Shortcuts","Minty Spire (QoL Compilation)","Rare Cards Sparkle","StSLib","SuperFastMode","everything is the same but u backflip on backflip"],"gold_per_floor":[14,26,26,45,58,58,58,58],"floor_reached":7,"playtime":366,"items_purged":[],"score":73,"play_id":"026526d5-64b5-4511-8029-8d20342539ff","local_time":"20201223174526","is_ascension_mode":true,"campfire_choices":[{"data":"Tactician","floor":6.0,"key":"SMITH"}],"circlet_count":0,"master_deck":["AscendersBane","Strike_G","Strike_G","Strike_G","Strike_G","Defend_G","Defend_G","Defend_G","Defend_G","Defend_G","Survivor","Neutralize","Bouncing Flask","Tactician+1","Flechettes","Outmaneuver","Blur","Escape Plan","Calculated Gamble","Well Laid Plans"],"relics":["Ring of the Snake","Prayer Wheel"],"acts_visited":["Exordium"],"potions_floor_usage":[7],"damage_taken":[{"damage":5.0,"enemies":"Jaw Worm","floor":1.0,"turns":6.0},{"damage":16.0,"enemies":"Small Slimes","floor":2.0,"turns":4.0},{"damage":2.0,"enemies":"Cultist","floor":4.0,"turns":4.0},{"damage":5.0,"enemies":"Large Slime","floor":5.0,"turns":8.0},{"damage":30,"enemies":"3 Sentries","floor":7,"turns":7}],"seed_played":"4572735843022070105","potions_obtained":[{"floor":1.0,"key":"Ancient Potion"},{"floor":5.0,"key":"GamblersBrew"}],"is_trial":false,"path_per_floor":["M","M","?","M","M","R","E"],"character_chosen":"THE_SILENT","items_purchased":[],"campfire_rested":0,"item_purchase_floors":[],"current_hp_per_floor":[54,38,38,36,31,31,1,1],"gold":58,"neow_bonus":"ONE_RARE_RELIC","is_daily":false,"chose_seed":false,"campfire_upgraded":1,"win_rate":0.0,"timestamp":1608713126,"path_taken":["M","M","?","M","M","R","E"],"items_purchased_type":[],"build_version":"2020-12-22","purchased_purges":0,"victory":false,"max_hp_per_floor":[66,66,66,66,66,66,66,66],"card_choices":[{"not_picked":["Bane","Sucker Punch"],"picked":"Bouncing Flask","floor":1.0},{"not_picked":["Quick Slash","Flying Knee","Concentrate"],"picked":"SKIP","floor":1.0},{"not_picked":["Prepared","Riddle With Holes"],"picked":"Tactician","floor":2.0},{"not_picked":["Outmaneuver","Expertise"],"picked":"Flechettes","floor":2.0},{"not_picked":["Envenom","Underhanded Strike"],"picked":"Blur","floor":4.0},{"not_picked":["Setup","Bane"],"picked":"Escape Plan","floor":4.0},{"not_picked":["Sucker Punch","Outmaneuver"],"picked":"Calculated Gamble","floor":5.0},{"not_picked":["Prepared","Sucker Punch"],"picked":"Well Laid Plans","floor":5.0}],"player_experience":442150,"relics_obtained":[],"event_choices":[{"damage_healed":0.0,"max_hp_gain":0.0,"max_hp_loss":0.0,"gold_gain":0.0,"cards_transformed":["Strike_G"],"event_name":"Living Wall","player_choice":"Change","floor":3.0,"gold_loss":0.0,"damage_taken":0.0,"cards_obtained":["Outmaneuver"]}],"is_beta":false,"boss_relics":[],"items_purged_floors":[],"is_endless":false,"potions_floor_spawned":[1,5],"killed_by":"3 Sentries","ascension_level":14}}