{"host":"zc4856jdpoxvjh7b","time":1608747075,"event":{"mods":["BaseMod","DeckTracker","Minty Spire (QoL Compilation)","Quick Restart","StSLib","SuperFastMode","everything is the same but u backflip on backflip"],"gold_per_floor":[109,126,141,155,80,106,106,126,152,152,164,182,182,195,195,195,195],"floor_reached":16,"playtime":471,"items_purged":["Strike_R"],"score":122,"play_id":"2aeb04b8-539e-4f75-87ae-ccb451c6f053","local_time":"20201224031115","is_ascension_mode":true,"campfire_choices":[{"floor":7,"key":"REST"},{"floor":10,"key":"REST"},{"floor":13,"key":"REST"},{"floor":15,"key":"REST"}],"circlet_count":0,"master_deck":["Strike_R","Strike_R","Strike_R","Strike_R","Defend_R","Defend_R","Defend_R","Defend_R","Bash","Headbutt","Combust","Brutality","Body Slam","Pummel","Dropkick","Warcry","Dual Wield"],"relics":["Burning Blood","Pen Nib","Happy Flower"],"acts_visited":["Exordium"],"potions_floor_usage":[3,6,6],"damage_taken":[{"damage":6,"enemies":"Cultist","floor":1,"turns":3},{"damage":8,"enemies":"2 Louse","floor":2,"turns":3},{"damage":9,"enemies":"Small Slimes","floor":3,"turns":2},{"damage":30,"enemies":"Exordium Thugs","floor":4,"turns":4},{"damage":49,"enemies":"Lagavulin","floor":6,"turns":8},{"damage":20,"enemies":"Red Slaver","floor":8,"turns":3},{"damage":16,"enemies":"2 Fungi Beasts","floor":11,"turns":3},{"damage":17,"enemies":"Large Slime","floor":12,"turns":6},{"damage":24,"enemies":"Exordium Wildlife","floor":14,"turns":3},{"damage":36,"enemies":"The Guardian","floor":16,"turns":8}],"seed_played":"-1708617248389725127","potions_obtained":[{"floor":0,"key":"BloodPotion"},{"floor":0,"key":"Fire Potion"},{"floor":0,"key":"SteroidPotion"},{"floor":4,"key":"SkillPotion"},{"floor":6,"key":"LiquidMemories"},{"floor":14,"key":"ElixirPotion"}],"is_trial":false,"path_per_floor":["M","M","M","M","$","E","R","M","T","R","M","M","R","M","R","B"],"character_chosen":"IRONCLAD","items_purchased":[],"campfire_rested":4,"item_purchase_floors":[],"current_hp_per_floor":[80,78,75,51,51,24,48,34,34,58,48,37,61,43,67,31,31],"gold":195,"neow_bonus":"THREE_SMALL_POTIONS","is_daily":false,"chose_seed":false,"campfire_upgraded":0,"win_rate":0.0,"timestamp":1608747075,"path_taken":["M","M","M","M","?","E","R","M","T","R","M","M","R","M","R","BOSS"],"items_purchased_type":[],"build_version":"2020-12-22","purchased_purges":1,"victory":false,"max_hp_per_floor":[80,80,80,80,80,80,80,80,80,80,80,80,80,80,80,80,80],"card_choices":[{"not_picked":["Perfected Strike","Armaments"],"picked":"Headbutt","floor":1},{"not_picked":["Pommel Strike","Clothesline"],"picked":"Combust","floor":2},{"not_picked":["Flex","Clothesline"],"picked":"Brutality","floor":3},{"not_picked":["Burning Pact","Cleave"],"picked":"Body Slam","floor":4},{"not_picked":["Clothesline","Warcry"],"picked":"Pummel","floor":6},{"not_picked":["Iron Wave","Disarm"],"picked":"Dropkick","floor":8},{"not_picked":["Corruption","True Grit"],"picked":"Warcry","floor":11},{"not_picked":["Clash","Burning Pact"],"picked":"Dual Wield","floor":12},{"not_picked":["Sword Boomerang","Headbutt","Iron Wave"],"picked":"SKIP","floor":14}],"player_experience":0,"relics_obtained":[{"floor":6,"key":"Pen Nib"},{"floor":9,"key":"Happy Flower"}],"event_choices":[],"is_beta":false,"boss_relics":[],"items_purged_floors":[5],"is_endless":false,"potions_floor_spawned":[1,4,6,14],"killed_by":"The Guardian","ascension_level":3}}