{"host":"5qewjvycy34u7aeo","time":1608691763,"event":{"mods":["Act Like it!","Aspiration","BaseMod","Conspire","Downfall","GifTheSpireLib","Hubris","Infinite Spire","Minty Spire (QoL Compilation)","Permanent Neow","Replay The Spire","Shop Mod","StSLib","Stuff the Spire"],"gold_per_floor":[99,119,130,130,148,148,199,213,233,233,25,25,43,57,70,70,70,70],"floor_reached":16,"playtime":1178,"items_purged":[],"score":96,"play_id":"4cb356df-a320-4d17-b4bf-68f28aad23e9","local_time":"20201222184923","is_ascension_mode":false,"campfire_choices":[{"data":"champ:Strike","floor":1,"key":"PURGE"},{"data":"champ:GladiatorStyle","floor":12,"key":"SMITH"}],"circlet_count":0,"master_deck":["champ:Strike","champ:Strike","champ:Strike","champ:Defend","champ:Defend","champ:Defend","champ:Defend","champ:Execute+1","champ:GladiatorsShout","champ:PreciseThrust","hubris:Lust","champ:ViciousMockery","champ:GladiatorStyle+1","Conserve Battery","Juggernaut","Apotheosis","champ:FanOfKnives","champ:FocusedGladiator"],"relics":["champ:ChampionCrown","hubris:DisguiseKit"],"acts_visited":["Exordium"],"potions_floor_usage":[13,16,16,16],"damage_taken":[{"damage":5,"enemies":"2 Louse","floor":2,"turns":3},{"damage":5,"enemies":"conspire:RoseBush","floor":3,"turns":4},{"damage":15,"enemies":"Cultist","floor":5,"turns":4},{"damage":17,"enemies":"3 Louse","floor":8,"turns":5},{"damage":35,"enemies":"Blue Slaver","floor":9,"turns":8},{"damage":13,"enemies":"downfall:FleeingMerchant","floor":11,"turns":4},{"damage":8,"enemies":"Lots of Slimes","floor":13,"turns":6},{"damage":4,"enemies":"conspire:2 RoseBushes","floor":14,"turns":7},{"damage":23,"enemies":"Exordium Thugs","floor":15,"turns":6},{"damage":22,"enemies":"downfall:Silent","floor":16,"turns":8}],"seed_played":"-8908282559917581159","potions_obtained":[{"floor":2,"key":"champ:OpenerPotion"},{"floor":3,"key":"Dexterity Potion"},{"floor":9,"key":"Energy Potion"},{"floor":13,"key":"Toxic Potion"}],"is_trial":false,"path_per_floor":["R","M","M","?","M","?","T","M","M","?","$","R","M","M","M","B"],"character_chosen":"THE_CHAMP","items_purchased":["Apotheosis"],"campfire_rested":0,"item_purchase_floors":[11],"current_hp_per_floor":[90,90,90,90,80,80,80,68,44,44,41,41,38,34,20,0,0,0],"gold":70,"neow_bonus":"UPGRADE_CARD","is_daily":false,"chose_seed":false,"campfire_upgraded":1,"win_rate":0.0,"timestamp":1608691763,"path_taken":["R","M","M","?","M","?","T","M","M","?","$","R","?","M","M","BOSS"],"items_purchased_type":["Card"],"build_version":"2020-12-13","purchased_purges":0,"victory":false,"max_hp_per_floor":[90,90,90,90,90,90,90,90,90,90,90,90,90,90,90,90,90,90],"card_choices":[{"not_picked":["champ:GutPunch","champ:Circumvent"],"picked":"champ:GladiatorsShout","floor":2},{"not_picked":["champ:FocusedBerserking","champ:FlashCut"],"picked":"champ:PreciseThrust","floor":3},{"not_picked":["champ:AdrenalArmor","champ:BerserkerStyle","champ:BringItOn","Wild Strike"],"picked":"SKIP","floor":5},{"not_picked":["champ:RecklessLeap","champ:PerfectedStrike","Havoc"],"picked":"champ:ViciousMockery","floor":8},{"not_picked":["champ:PerfectedStrike","champ:SkillfulDodge","Warcry"],"picked":"champ:GladiatorStyle","floor":9},{"not_picked":["champ:Encircle","champ:RapidStrikes","champ:BringItOn"],"picked":"Juggernaut","floor":11},{"not_picked":["champ:FightOn","champ:Haymaker","champ:CrookedStrike","StuffTheSpire:RockThrow"],"picked":"SKIP","floor":13},{"not_picked":["champ:DefensiveStyle","champ:PerfectedStrike","Warcry"],"picked":"champ:FanOfKnives","floor":14},{"not_picked":["champ:TornadoPunch","champ:Riposte","Demonic Infusion"],"picked":"champ:FocusedGladiator","floor":15}],"player_experience":400309,"relics_obtained":[],"event_choices":[{"damage_healed":0,"gold_gain":0,"player_choice":"Leave","damage_taken":0,"max_hp_gain":0,"max_hp_loss":0,"event_name":"conspire:Investor","floor":6,"gold_loss":0},{"cards_removed":["champ:Taunt"],"damage_healed":0,"gold_gain":0,"player_choice":"Took Card","damage_taken":0,"max_hp_gain":0,"max_hp_loss":0,"event_name":"NoteForYourself","floor":10,"gold_loss":0,"cards_obtained":["Conserve Battery"]}],"is_beta":false,"boss_relics":[],"items_purged_floors":[],"is_endless":false,"potions_floor_spawned":[2,3,9,13],"killed_by":"downfall:Silent","ascension_level":0}}