{"host":"li2oyy8xcjugrjw6","time":1608688223,"event":{"mods":["AchievementEnabler","BaseMod","Colored Map","Minty Spire (QoL Compilation)","Permanent Neow","Replay The Spire","StSLib"],"gold_per_floor":[114,114,137,137,155,155,175,213,213,253,253,274,274,288,288,418,418,437,455,474,488,72,111,22,53,53,67,102,102,102,102,102,199,199,219,42,55,55,67,94,94,26,26,56,91,14,14,44,44,44,44,44,44,72,72,72],"floor_reached":55,"playtime":3881,"items_purged":["Strike_R","Replay:Hysterical Blindness"],"score":1380,"play_id":"93cbe58d-e4ab-4198-a9e0-39af2c6a0200","local_time":"20201222175023","is_ascension_mode":true,"campfire_choices":[{"data":"Armaments","floor":6.0,"key":"SMITH"},{"data":"Barricade","floor":11.0,"key":"SMITH"},{"data":"Armaments","floor":13.0,"key":"SMITH"},{"data":"Whirlwind","floor":15.0,"key":"SMITH"},{"data":"Offering","floor":30,"key":"SMITH"},{"floor":32,"key":"REST"},{"data":"Juggernaut","floor":41,"key":"SMITH"},{"floor":47,"key":"RECALL"},{"data":"Battle Trance","floor":49,"key":"SMITH"},{"floor":52,"key":"REST"}],"circlet_count":0,"master_deck":["AscendersBane","Defend_R+1","Defend_R+1","Defend_R","Defend_R","Bash","Run Through","Armaments+1","Juggernaut","Dramatic Entrance","Shrug It Off","Flame Barrier","Barricade+1","Armaments+1","Whirlwind+1","Offering+1","Spot Weakness+1","Entrench","Finesse","Pommel Strike+1","ReplayTheSpireMod:Stacked","Impervious","CurseOfTheBell","ReplayTheSpireMod:Splinters","Juggernaut+1","ReplayReversal","Metallicize","Spot Weakness+1","Mind Blast","Battle Trance+1"],"relics":["Burning Blood","Replay:Kaleidoscope","Bloody Idol","Iron Hammer","Replay:Bottled Snecko","Replay:Ringing Soul","Velvet Choker","Letter Opener","ReplayTheSpireMod:Spearhead","White Beast Statue","Pantograph","Replay:Bottled Steam","Replay:Grab Bag","Sozu","Painkiller Herb","Calling Bell","Kintsugi","Simple Rune","InkBottle","WingedGreaves","Garlic","Blue Candle","MawBank","Onion Ring","Replay:Baseball"],"acts_visited":["Exordium","TheCity","TheBeyond","TheEnding"],"potions_floor_usage":[35,55],"damage_taken":[{"damage":12.0,"enemies":"Jaw Worm","floor":1.0,"turns":3.0},{"damage":10.0,"enemies":"Small Slimes","floor":3.0,"turns":4.0},{"damage":0.0,"enemies":"Cultist","floor":5.0,"turns":2.0},{"damage":7.0,"enemies":"3 Louse","floor":7.0,"turns":3.0},{"damage":3.0,"enemies":"Replay:BlueRogue","floor":8.0,"turns":7.0},{"damage":11.0,"enemies":"Lagavulin","floor":10.0,"turns":8.0},{"damage":0.0,"enemies":"Large Slime","floor":12.0,"turns":6.0},{"damage":4.0,"enemies":"Exordium Thugs","floor":14.0,"turns":4.0},{"damage":6.0,"enemies":"Hexaghost","floor":16.0,"turns":11.0},{"damage":12.0,"enemies":"3 Byrds","floor":18.0,"turns":4.0},{"damage":6.0,"enemies":"2 Thieves","floor":19.0,"turns":3.0},{"damage":6.0,"enemies":"Snecko","floor":20.0,"turns":4.0},{"damage":9.0,"enemies":"Centurion and Healer","floor":21.0,"turns":10.0},{"damage":34.0,"enemies":"Replay:Snechameleon","floor":23.0,"turns":6.0},{"damage":6.0,"enemies":"Book of Stabbing","floor":25.0,"turns":4.0},{"damage":12.0,"enemies":"Sentry and Sphere","floor":27.0,"turns":3.0},{"damage":13,"enemies":"Replay:Snechameleon","floor":28,"turns":5},{"damage":15,"enemies":"Champ","floor":33,"turns":11},{"damage":2,"enemies":"3 Shapes","floor":35,"turns":3},{"damage":6,"enemies":"3 Darklings","floor":37,"turns":2},{"damage":0,"enemies":"Spire Growth","floor":39,"turns":4},{"damage":45,"enemies":"Nemesis","floor":40,"turns":7},{"damage":6,"enemies":"R_Hoarder","floor":44,"turns":9},{"damage":29,"enemies":"Reptomancer","floor":45,"turns":6},{"damage":25,"enemies":"Nemesis","floor":48,"turns":7},{"damage":53,"enemies":"Donu and Deca","floor":50,"turns":8},{"damage":21,"enemies":"Shield and Spear","floor":54,"turns":5},{"damage":143,"enemies":"The Heart","floor":55,"turns":6}],"seed_played":"5583045870433322531","potions_obtained":[{"floor":1.0,"key":"DistilledChaos"},{"floor":10.0,"key":"Block Potion"},{"floor":12.0,"key":"Strength Potion"},{"floor":14.0,"key":"Languid Potion"},{"floor":23.0,"key":"Adrenaline Potion"},{"floor":27.0,"key":"Swift Potion"},{"floor":28,"key":"Regen Potion"},{"floor":33,"key":"SteroidPotion"}],"is_trial":false,"path_per_floor":["M","?","M","?","M","R","M","E","T","E","R","M","R","M","R","B",null,"M","M","M","M","$","E","$","E","T","M","E","?","R","?","R","B",null,"?","T","?","?","?","E","T","T","T","E","E","T","T","E","T","B",null,"T","T","E","B"],"character_chosen":"IRONCLAD","items_purchased":["Letter Opener","Finesse","ReplayTheSpireMod:Stacked","Swift Potion","Juggernaut","Metallicize","Mind Blast"],"campfire_rested":2,"item_purchase_floors":[22,22,24,24,36,42,46],"current_hp_per_floor":[66,48,44,44,50,50,49,52,52,50,50,59,59,64,64,67,80,74,74,77,77,80,55,58,58,58,52,48,51,51,51,82,104,110,111,114,114,117,117,83,83,86,86,91,76,84,84,73,73,51,110,129,129,119,0,0],"gold":72,"neow_bonus":"ONE_RARE_RELIC","is_daily":false,"chose_seed":false,"campfire_upgraded":7,"win_rate":0.0,"timestamp":1608688223,"path_taken":["M","?","M","?","M","R","?","E","T","E","R","M","R","M","R","BOSS","M","M","M","M","$","E","$","E","T","M","E","?","R","?","R","BOSS","?","T","?","?","?","E","T","T","T","E","E","?","T","E","T","BOSS","T","T","E","BOSS"],"items_purchased_type":["Relic","Card","Card","Potion","Card","Card","Card"],"build_version":"2020-12-13","purchased_purges":2,"victory":false,"max_hp_per_floor":[72,72,72,72,72,72,72,72,72,75,75,78,78,81,81,84,84,84,84,87,90,93,96,99,99,99,99,102,105,105,105,105,108,111,111,114,114,117,117,117,117,120,120,120,123,126,126,129,129,129,129,129,129,129,129,129],"card_choices":[{"not_picked":["Fire Breathing","Headbutt"],"picked":"Run Through","floor":1.0},{"not_picked":["Anger","Flex"],"picked":"Armaments","floor":3.0},{"not_picked":["Armaments","Replay:Undeath\u0027s Touch"],"picked":"Shrug It Off","floor":5.0},{"not_picked":["Intimidate","ReplayTheSpireMod:Strike From Hell","Anger"],"picked":"SKIP","floor":7.0},{"not_picked":["Flex","Havoc"],"picked":"Flame Barrier","floor":8.0},{"not_picked":["Thunderclap","Cleave"],"picked":"Barricade","floor":10.0},{"not_picked":["Heavy Blade","Sword Boomerang"],"picked":"Armaments","floor":12.0},{"not_picked":["Clash","Anger"],"picked":"Whirlwind","floor":14.0},{"not_picked":["Brutality","Replay:Many Hands"],"picked":"Offering","floor":16.0},{"not_picked":["Havoc","Reckless Charge","Pommel Strike"],"picked":"SKIP","floor":18.0},{"not_picked":["Dropkick+1","ReplayTheSpireMod:Strike From Hell","ReplayTheSpireMod:LeadingStrike+1"],"picked":"SKIP","floor":19.0},{"not_picked":["Pommel Strike","Seeing Red"],"picked":"Spot Weakness+1","floor":20.0},{"not_picked":["Burning Pact","Heavy Blade+1"],"picked":"Entrench","floor":21.0},{"not_picked":["Clash+1","Brutality"],"picked":"Pommel Strike+1","floor":23.0},{"not_picked":["Warcry","Defy Death+1","Clothesline"],"picked":"SKIP","floor":25.0},{"not_picked":["Twin Strike+1","Massacre","Run Through"],"picked":"SKIP","floor":27.0},{"not_picked":["Run Through+1","Anger+1"],"picked":"Burning Pact","floor":28},{"not_picked":["Corruption","Eclipse"],"picked":"Impervious","floor":33},{"not_picked":["Wild Strike","Iron Wave","Run Through+1"],"picked":"SKIP","floor":35},{"not_picked":["Cleave","ReplayTheSpireMod:Corrosion Curse+1","Berserk"],"picked":"SKIP","floor":37},{"not_picked":["Perfected Strike+1","ReplayTheSpireMod:Strike From Hell","Sentinel"],"picked":"SKIP","floor":39},{"not_picked":["Infernal Blade","Feed","Carnage+1"],"picked":"SKIP","floor":40},{"not_picked":["Exhume","Anger+1","Disarm"],"picked":"SKIP","floor":44},{"not_picked":["Reaper","Sentinel+1"],"picked":"Spot Weakness+1","floor":45},{"not_picked":["Shrug It Off+1","Immolate"],"picked":"Battle Trance","floor":48},{"not_picked":["Burning Pact","Dual Wield","Twin Strike+1"],"picked":"SKIP","floor":54}],"player_experience":946491,"relics_obtained":[{"floor":8.0,"key":"Iron Hammer"},{"floor":9.0,"key":"Replay:Bottled Snecko"},{"floor":10.0,"key":"Replay:Ringing Soul"},{"floor":23.0,"key":"ReplayTheSpireMod:Spearhead"},{"floor":25.0,"key":"White Beast Statue"},{"floor":26.0,"key":"Pantograph"},{"floor":28,"key":"Replay:Bottled Steam"},{"floor":34,"key":"Simple Rune"},{"floor":34,"key":"InkBottle"},{"floor":34,"key":"WingedGreaves"},{"floor":40,"key":"Garlic"},{"floor":44,"key":"Blue Candle"},{"floor":45,"key":"MawBank"},{"floor":48,"key":"Onion Ring"},{"floor":54,"key":"Replay:Baseball"}],"event_choices":[{"damage_healed":0.0,"max_hp_gain":0.0,"max_hp_loss":0.0,"gold_gain":0.0,"event_name":"Golden Idol","player_choice":"Take Damage","floor":2.0,"gold_loss":0.0,"damage_taken":18.0,"relics_obtained":["Golden Idol"]},{"damage_healed":0.0,"max_hp_gain":0.0,"max_hp_loss":0.0,"gold_gain":0.0,"event_name":"Match and Keep!","player_choice":"3 cards matched","floor":4.0,"gold_loss":0.0,"damage_taken":0.0,"cards_obtained":["Juggernaut","Dramatic Entrance","Thunderclap"]},{"damage_healed":0,"gold_gain":0,"cards_transformed":["Strike_R","Strike_R"],"player_choice":"Became Test Subject","damage_taken":0,"max_hp_gain":0,"max_hp_loss":0,"event_name":"Drug Dealer","floor":29,"gold_loss":0,"cards_obtained":["Life Link","Intimidate"]},{"damage_healed":0,"gold_gain":0,"player_choice":"Gave Idol","damage_taken":0,"relics_obtained":["Bloody Idol"],"max_hp_gain":0,"max_hp_loss":0,"event_name":"Forgotten Altar","floor":31,"relics_lost":["Golden Idol"],"gold_loss":0},{"damage_healed":0,"gold_gain":0,"cards_transformed":["Thunderclap"],"player_choice":"Transformed","damage_taken":0,"max_hp_gain":0,"max_hp_loss":0,"event_name":"Transmorgrifier","floor":38,"gold_loss":0,"cards_obtained":["ReplayReversal"]}],"is_beta":false,"boss_relics":[{"not_picked":["Tiny House","SlaversCollar"],"picked":"Velvet Choker"},{"not_picked":["Replay:Wanted Poster","Mark of Pain"],"picked":"Replay:Grab Bag"},{"not_picked":["ReplayTheSpireMod:DimensionalGlitch","Abe\u0027s Treasure"],"picked":"Sozu"},{"not_picked":["ReplayTheSpireMod:Onyx Gauntlets","Ooze Armor"],"picked":"Painkiller Herb"},{"not_picked":["Runic Cube","Snecko Eye"],"picked":"Calling Bell"},{"not_picked":["SacredBark","Black Star"],"picked":"Kintsugi"}],"items_purged_floors":[22,36],"is_endless":false,"potions_floor_spawned":[1,10,12,14,23,27,28,33,35,37,39,40,44,45,48,54],"killed_by":"The Heart","ascension_level":10}}