{"host":"pf5oese4ka0eje7d","time":1608740939,"event":{"mods":["AchievementEnabler","BaseMod","Colored Map","Minty Spire (QoL Compilation)","StSLib","SuperFastMode"],"gold_per_floor":[118,43,43,43,43,43,119,119,119,119,49,74,74,92,92,221,221,221],"floor_reached":17,"playtime":248,"items_purged":["Strike_R"],"score":197,"play_id":"0af9f87f-391d-47ff-a19f-4490d4edc431","local_time":"20201223172859","is_ascension_mode":true,"campfire_choices":[{"data":"Bash","floor":6,"key":"SMITH"},{"data":"Sever Soul","floor":8,"key":"SMITH"},{"data":"Thunderclap","floor":10,"key":"SMITH"},{"data":"Disarm","floor":13,"key":"SMITH"},{"data":"Sentinel","floor":15,"key":"SMITH"}],"circlet_count":0,"master_deck":["Strike_R","Strike_R","Defend_R","Defend_R","Defend_R","Defend_R","Bash+1","Thunderclap+1","Sever Soul+1","Sentinel+1","Disarm+1","Twin Strike","Limit Break"],"relics":["Burning Blood","Golden Idol","Sundial"],"acts_visited":["Exordium","TheCity"],"potions_floor_usage":[],"damage_taken":[{"damage":0,"enemies":"Small Slimes","floor":1,"turns":3},{"damage":0,"enemies":"2 Louse","floor":12,"turns":3},{"damage":0,"enemies":"Jaw Worm","floor":14,"turns":3},{"damage":64,"enemies":"The Guardian","floor":16,"turns":10}],"seed_played":"-4316662350028577795","potions_obtained":[{"floor":1,"key":"Weak Potion"},{"floor":12,"key":"Block Potion"}],"is_trial":false,"path_per_floor":["M","$","?","?","?","R","?","R","T","R","$","M","R","M","R","B",null],"character_chosen":"IRONCLAD","items_purchased":["Sentinel"],"campfire_rested":0,"item_purchase_floors":[11],"current_hp_per_floor":[78,78,78,78,74,74,74,74,74,74,74,74,74,74,74,16,60,60],"gold":221,"neow_bonus":"REMOVE_CARD","is_daily":false,"chose_seed":false,"campfire_upgraded":5,"win_rate":0.0,"timestamp":1608740939,"path_taken":["M","$","?","?","?","R","?","R","T","R","$","?","R","M","R","BOSS"],"items_purchased_type":["Card"],"build_version":"2020-12-22","purchased_purges":1,"victory":false,"max_hp_per_floor":[80,80,80,80,74,74,74,74,74,74,74,74,74,74,74,74,74,74],"card_choices":[{"not_picked":["Sentinel","Headbutt"],"picked":"Thunderclap","floor":1},{"not_picked":["Thunderclap","Twin Strike"],"picked":"Disarm","floor":12},{"not_picked":["Double Tap","Wild Strike"],"picked":"Twin Strike","floor":14},{"not_picked":["Impervious","Fiend Fire"],"picked":"Limit Break","floor":16}],"player_experience":307933,"relics_obtained":[{"floor":9,"key":"Sundial"}],"event_choices":[{"damage_healed":0,"gold_gain":0,"cards_transformed":["Strike_R"],"player_choice":"Change","damage_taken":0,"max_hp_gain":0,"max_hp_loss":0,"event_name":"Living Wall","floor":3,"gold_loss":0,"cards_obtained":["Sever Soul"]},{"damage_healed":0,"gold_gain":0,"player_choice":"Ignored","damage_taken":0,"max_hp_gain":0,"max_hp_loss":0,"event_name":"Liars Game","floor":4,"gold_loss":0},{"damage_healed":0,"gold_gain":0,"player_choice":"Lose Max HP","damage_taken":0,"relics_obtained":["Golden Idol"],"max_hp_gain":0,"max_hp_loss":6,"event_name":"Golden Idol","floor":5,"gold_loss":0},{"damage_healed":0,"gold_gain":76,"player_choice":"Gained Gold","damage_taken":0,"max_hp_gain":0,"max_hp_loss":0,"event_name":"Golden Wing","floor":7,"gold_loss":0}],"is_beta":false,"boss_relics":[{"not_picked":["Philosopher\u0027s Stone","Runic Dome","Runic Pyramid"]}],"items_purged_floors":[2],"is_endless":false,"potions_floor_spawned":[1,12],"ascension_level":8}}