{"host":"kerxro2ytzukjey9","time":1608702639,"event":{"mods":["BaseMod","Colored Map","Downfall","Minty Spire (QoL Compilation)","Permanent Neow","StSLib"],"gold_per_floor":[99,109,126,226,53,81,107,107,107,138,153,78,228,241,256,352,352,352,352,366,377,389,389,468,495,420,437,456,488,573,607,626,731,731,656,675,704,582,582,593,593,613,644,644,332,343,377,397,417,417,417,453,12,12,12],"floor_reached":56,"playtime":5652,"items_purged":["champ:Defend","champ:Strike","champ:Strike","Slimebound:Icky"],"score":1384,"play_id":"4596db90-76b0-4c94-bf97-9976b36e9f8d","local_time":"20201223005039","is_ascension_mode":true,"campfire_choices":[{"data":"champ:Taunt","floor":1.0,"key":"SMITH"},{"data":"expansioncontent:DonusPower","floor":9.0,"key":"SMITH"},{"data":"champ:DeathBlow","floor":12.0,"key":"SMITH"},{"data":"champ:SwordThrow","floor":18.0,"key":"SMITH"},{"data":"champ:AdrenalArmor","floor":23.0,"key":"SMITH"},{"floor":26.0,"key":"RECALL"},{"data":"champ:Strike","floor":35,"key":"SMITH"},{"data":"expansioncontent:DecasProtection","floor":44,"key":"SMITH"},{"data":"champ:CrownThrow","floor":54,"key":"SMITH"}],"circlet_count":0,"master_deck":["champ:Strike","champ:Strike+1","champ:Defend","champ:Defend","champ:Execute","champ:Taunt+1","champ:DeathBlow+1","champ:Circumvent","champ:BringItOn","expansioncontent:DonusPower+1","champ:LastStand","champ:SwordThrow+1","champ:AdrenalArmor+1","champ:GutPunch","champ:IgnorePain","champ:TornadoPunch","champ:Haymaker+1","champ:FlashCut+1","champ:Haymaker+1","champ:CrownThrow+1","champ:IgnorePain+1","champ:TornadoPunch+1","expansioncontent:DecasProtection+1","Mayhem","champ:DeathBlow+1","champ:ShieldWall+1","expansioncontent:LastStand"],"relics":["champ:ChampionCrown","Thread and Needle","PreservedInsect","Bag of Preparation","Torii","downfall:HeartBlessingGreen","Snecko Eye","Nilry\u0027s Codex","Happy Flower","downfall:HeartBlessingBlue","CeramicFish","FossilizedHelix","Philosopher\u0027s Stone","downfall:HeartBlessingRed","Potion Belt","Boot","Guardian:PocketSentry","Toy Ornithopter","TungstenRod","ClockworkSouvenir"],"acts_visited":["Exordium","TheCity","TheBeyond","TheEnding"],"potions_floor_usage":[50,55,55,55,55,55,55],"damage_taken":[{"damage":5.0,"enemies":"Cultist","floor":2.0,"turns":3.0},{"damage":5.0,"enemies":"Jaw Worm","floor":3.0,"turns":4.0},{"damage":23.0,"enemies":"downfall:FleeingMerchant","floor":5.0,"turns":4.0},{"damage":33.0,"enemies":"Lagavulin","floor":6.0,"turns":5.0},{"damage":30.0,"enemies":"Gremlin Nob","floor":10.0,"turns":4.0},{"damage":0.0,"enemies":"2 Louse","floor":11.0,"turns":2.0},{"damage":16.0,"enemies":"Exordium Wildlife","floor":14.0,"turns":3.0},{"damage":5.0,"enemies":"Large Slime","floor":15.0,"turns":5.0},{"damage":26.0,"enemies":"downfall:Ironclad","floor":16.0,"turns":10.0},{"damage":19.0,"enemies":"3 Byrds","floor":20.0,"turns":5.0},{"damage":48.0,"enemies":"Centurion and Healer","floor":21.0,"turns":4.0},{"damage":16.0,"enemies":"3 Cultists","floor":22.0,"turns":2.0},{"damage":1.0,"enemies":"Slavers","floor":25.0,"turns":3.0},{"damage":43.0,"enemies":"Shelled Parasite and Fungi","floor":27.0,"turns":3.0},{"damage":11.0,"enemies":"Centurion and Healer","floor":28.0,"turns":3.0},{"damage":5.0,"enemies":"Book of Stabbing","floor":29.0,"turns":3.0},{"damage":18.0,"enemies":"Slavers","floor":31.0,"turns":2.0},{"damage":2.0,"enemies":"Snecko","floor":32.0,"turns":4.0},{"damage":47.0,"enemies":"downfall:Watcher","floor":33.0,"turns":7.0},{"damage":9,"enemies":"3 Shapes","floor":36,"turns":3},{"damage":4,"enemies":"3 Darklings","floor":37,"turns":4},{"damage":17,"enemies":"downfall:FleeingMerchant","floor":38,"turns":4},{"damage":14,"enemies":"Sphere and 2 Shapes","floor":40,"turns":4},{"damage":40,"enemies":"Transient","floor":42,"turns":5},{"damage":1,"enemies":"Nemesis","floor":43,"turns":3},{"damage":0,"enemies":"3 Darklings","floor":46,"turns":2},{"damage":70,"enemies":"Giant Head","floor":47,"turns":7},{"damage":15,"enemies":"Maw","floor":48,"turns":5},{"damage":1,"enemies":"Spire Growth","floor":49,"turns":4},{"damage":107,"enemies":"downfall:Silent","floor":50,"turns":9},{"damage":32,"enemies":"downfall:CharBossMerchant","floor":52,"turns":5},{"damage":137,"enemies":"downfall:NeowBoss","floor":55,"turns":16}],"seed_played":"-8741226836349995513","potions_obtained":[{"floor":6.0,"key":"BlessingOfTheForge"},{"floor":11.0,"key":"hexamod:EctoCoolerPotion"},{"floor":14.0,"key":"SneckoOil"},{"floor":21.0,"key":"Guardian:BlockOnCardUsePotion"},{"floor":29.0,"key":"ColorlessPotion"},{"floor":37,"key":"champ:OpenerPotion"},{"floor":40,"key":"FairyPotion"},{"floor":42,"key":"PowerPotion"},{"floor":43,"key":"SpeedPotion"}],"is_trial":false,"path_per_floor":["R","M","M","?","$","E","T","?","R","E","M","R","?","M","M","B",null,"R","?","M","M","M","R","T","E","R","M","M","E","?","E","M","B",null,"R","M","M","$","?","M","T","M","E","R","$","M","E","M","M","B",null,"E","$","R","B",null],"character_chosen":"THE_CHAMP","items_purchased":["expansioncontent:DonusPower","expansioncontent:DecasProtection","Potion Belt","EntropicBrew","Mayhem","ClockworkSouvenir","expansioncontent:LastStand","Energy Potion"],"campfire_rested":0,"item_purchase_floors":[5,38,38,38,45,53,53,53],"current_hp_per_floor":[63,63,63,63,63,54,54,84,84,74,74,74,74,73,73,69,90,90,74,87,78,89,89,89,90,100,99,100,100,82,82,89,86,100,100,100,100,100,92,97,97,99,100,100,100,100,62,76,92,76,100,100,100,100,100],"gold":12,"neow_bonus":"ONE_RARE_RELIC","is_daily":false,"chose_seed":false,"campfire_upgraded":8,"win_rate":0.0,"timestamp":1608702639,"path_taken":["R","M","M","?","$","E","T","?","R","E","M","R","?","?","M","BOSS","R","?","M","M","M","R","T","E","R","M","M","E","?","E","M","BOSS","R","M","M","$","?","?","T","M","E","R","$","M","E","M","M","BOSS","E","$","R","BOSS"],"items_purchased_type":["Card","Card","Relic","Potion","Card","Relic","Card","Potion"],"build_version":"2020-12-13","purchased_purges":4,"victory":true,"max_hp_per_floor":[90,90,90,90,90,90,90,90,90,90,90,90,90,90,90,90,90,90,90,90,90,90,90,90,90,100,100,100,100,100,100,100,100,100,100,100,100,100,100,100,100,100,100,100,100,100,100,100,100,100,100,100,100,100,100],"card_choices":[{"not_picked":["champ:ShieldWall","champ:FlashCut"],"picked":"champ:DeathBlow","floor":2.0},{"not_picked":["champ:EndlessRage","champ:FocusedGladiator"],"picked":"champ:Circumvent","floor":3.0},{"not_picked":["champ:AdrenalArmor","champ:Circumvent"],"picked":"champ:BringItOn","floor":5.0},{"not_picked":["champ:FlashCut","champ:AdrenalArmor"],"picked":"champ:LastStand","floor":6.0},{"not_picked":["champ:AdrenalArmor","champ:EnchantSword"],"picked":"champ:SwordThrow","floor":10.0},{"not_picked":["champ:ViciousMockery","champ:FocusedGladiator"],"picked":"champ:AdrenalArmor","floor":11.0},{"not_picked":["champ:FocusedGladiator","champ:Haymaker","champ:PerfectedStrike"],"picked":"SKIP","floor":14.0},{"not_picked":["champ:DefensiveStyle","champ:StanceDance"],"picked":"champ:GutPunch","floor":15.0},{"not_picked":["champ:CrownThrow","champ:LastStand"],"picked":"champ:IgnorePain","floor":16.0},{"not_picked":["champ:Encircle","champ:BladeFlurry"],"picked":"champ:TornadoPunch","floor":20.0},{"not_picked":["champ:StanceDance+1","champ:PerfectedStrike+1"],"picked":"champ:Haymaker+1","floor":21.0},{"not_picked":["champ:AdrenalArmor","champ:GutPunch+1","champ:BladeFlurry"],"picked":"SKIP","floor":22.0},{"not_picked":["champ:FanOfKnives","champ:PerfectedStrike"],"picked":"champ:FlashCut+1","floor":25.0},{"not_picked":["champ:BerserkersShout","champ:Encircle+1","champ:BringItOn"],"picked":"SKIP","floor":27.0},{"not_picked":["champ:FanOfKnives","champ:FocusedBerserking"],"picked":"champ:Haymaker+1","floor":28.0},{"not_picked":["champ:SkillfulDodge","champ:Haymaker","champ:RageSigil+1"],"picked":"SKIP","floor":29.0},{"not_picked":["champ:Encircle","champ:FocusedDefense","champ:HeartStrike"],"picked":"SKIP","floor":31.0},{"not_picked":["champ:Circumvent+1","champ:RageSigil"],"picked":"champ:CrownThrow","floor":32.0},{"not_picked":["champ:SwordThrow","champ:ShieldSlam"],"picked":"champ:IgnorePain","floor":33.0},{"not_picked":["champ:Encircle","champ:IronFortress+1","champ:EnGarde"],"picked":"SKIP","floor":36},{"not_picked":["champ:CrookedStrike","champ:BringItOn"],"picked":"champ:TornadoPunch+1","floor":37},{"not_picked":["champ:FocusedDefense","champ:HeartStrike","champ:StanceDance+1"],"picked":"SKIP","floor":38},{"not_picked":["champ:Encircle","champ:EndlessRage+1","champ:Haymaker+1"],"picked":"SKIP","floor":40},{"not_picked":["champ:CalledShot+1","champ:GladiatorStyle+1","champ:SwordSigil"],"picked":"SKIP","floor":42},{"not_picked":["champ:EnchantCrown","champ:Haymaker","champ:Circumvent"],"picked":"SKIP","floor":43},{"not_picked":["champ:BerserkerStyle","champ:FocusedBerserking+1","champ:Balance+1"],"picked":"SKIP","floor":46},{"not_picked":["champ:TornadoPunch+1","champ:PerfectedStrike","champ:ShieldThrow"],"picked":"SKIP","floor":47},{"not_picked":["champ:Balance+1","champ:Backstep+1"],"picked":"champ:DeathBlow+1","floor":48},{"not_picked":["champ:CrookedStrike+1","champ:Circumvent+1","champ:Control"],"picked":"SKIP","floor":49},{"not_picked":["champ:FaceSlap+1","champ:FanOfKnives+1"],"picked":"champ:ShieldWall+1","floor":52}],"player_experience":745990,"relics_obtained":[{"floor":6.0,"key":"PreservedInsect"},{"floor":7.0,"key":"Bag of Preparation"},{"floor":10.0,"key":"Torii"},{"floor":19.0,"key":"Nilry\u0027s Codex"},{"floor":25.0,"key":"Happy Flower"},{"floor":29.0,"key":"CeramicFish"},{"floor":31.0,"key":"FossilizedHelix"},{"floor":41,"key":"Boot"},{"floor":43,"key":"Guardian:PocketSentry"},{"floor":47,"key":"Toy Ornithopter"},{"floor":52,"key":"TungstenRod"}],"event_choices":[{"damage_healed":30.0,"max_hp_gain":0.0,"max_hp_loss":0.0,"gold_gain":0.0,"event_name":"Big Fish","player_choice":"Banana","floor":8.0,"gold_loss":0.0,"damage_taken":0.0}],"is_beta":false,"boss_relics":[{"not_picked":["Pandora\u0027s Box","sneckomod:SneckoTalon"],"picked":"Snecko Eye"},{"not_picked":["SacredBark","Velvet Choker"],"picked":"Philosopher\u0027s Stone"}],"items_purged_floors":[5,38,45,53],"is_endless":false,"potions_floor_spawned":[6,11,14,21,25,29,32,33,37,40,42,43,49],"ascension_level":1}}