{"host":"8e68pzgs4bln6t6e","time":1608690662,"event":{"mods":["AchievementEnabler","Act Like it!","BaseMod","Better Note","BetterRewards","Colored Powertips","Googly Eyes","Hallownest","Hubris","Jorbs\u0027s Wanderer Trilogy","Marisa????????","Minty Spire (QoL Compilation)","Quick Restart","Rare Cards Sparkle","Replay The Spire","Shop Mod","StSLib","The Animator","The Bug Knight","The Cursed","The Disciple","The Hierophant","The Servant 0.9.4"],"gold_per_floor":[115,132,167,182,200,200,230,230,255,255,269,269,288,308,308,411,411,421,421,78,98,98,98,198,198],"floor_reached":24,"playtime":1731,"items_purged":["stsjorbsmod:Amnesia"],"score":223,"play_id":"426ec80d-c599-44bd-bdae-a63c469b2fb2","local_time":"20201223033102","is_ascension_mode":false,"campfire_choices":[{"data":"Survivor","floor":6,"key":"SMITH"},{"data":"A Thousand Cuts","floor":10,"key":"SMITH"},{"floor":12,"key":"REST"},{"floor":15,"key":"REST"},{"data":"1","floor":23,"key":"LIFT"}],"circlet_count":0,"master_deck":["Strike_G","Strike_G","Strike_G","Strike_G","Strike_G","Defend_G","Defend_G","Defend_G","Defend_G","Defend_G","Survivor+1","Neutralize","Prepared","Endless Agony","Flying Knee","Dodge and Roll","A Thousand Cuts+1","Outmaneuver","Sneak Up","Atom Bomb","stsjorbsmod:PollutedStrike","hubris:Despair","A Thousand Cuts","Endless Agony","Blade Dance","Hidden Blade"],"relics":["Ring of the Snake","Girya","Nunchaku","hubris:Icosahedron","hubris:OldNail","Replay:Ancient Bell","Lantern","Question Card","Mango","Sling"],"acts_visited":["Exordium","TheCity"],"potions_floor_usage":[7,16,16,21],"damage_taken":[{"damage":4,"enemies":"Jaw Worm","floor":1,"turns":9},{"damage":1,"enemies":"Cultist","floor":2,"turns":4},{"damage":0,"enemies":"2 Louse","floor":4,"turns":2},{"damage":12,"enemies":"Exordium Thugs","floor":5,"turns":7},{"damage":44,"enemies":"3 Sentries","floor":7,"turns":16},{"damage":5,"enemies":"Looter","floor":11,"turns":3},{"damage":9,"enemies":"Blue Slaver","floor":13,"turns":4},{"damage":4,"enemies":"Red Slaver","floor":14,"turns":5},{"damage":22,"enemies":"Fading Forest","floor":16,"turns":11},{"damage":15,"enemies":"Shell Parasite","floor":18,"turns":3},{"damage":27,"enemies":"Spheric Guardian","floor":21,"turns":5},{"damage":44,"enemies":"Gremlin Leader","floor":24,"turns":6}],"seed_played":"4755061885786376308","potions_obtained":[{"floor":1,"key":"SteroidPotion"},{"floor":2,"key":"Milkshake"},{"floor":5,"key":"Strength Potion"},{"floor":11,"key":"Adrenaline Potion"},{"floor":14,"key":"SteroidPotion"}],"is_trial":false,"path_per_floor":["M","M","?","M","M","R","E","?","T","R","M","R","M","M","R","B",null,"M","?","$","M","?","R","E"],"character_chosen":"THE_SILENT","items_purchased":["Sling","Endless Agony","Blade Dance"],"campfire_rested":2,"item_purchase_floors":[20,20,20],"current_hp_per_floor":[73,72,72,72,60,60,16,16,16,16,11,34,25,21,44,32,91,76,76,76,49,49,49,5,5],"gold":198,"neow_bonus":"TEN_PERCENT_HP_BONUS","is_daily":false,"chose_seed":false,"campfire_upgraded":2,"win_rate":0.0,"timestamp":1608690662,"path_taken":["M","M","?","M","?","R","E","?","T","R","M","R","M","M","R","BOSS","M","?","$","M","?","R","E"],"items_purchased_type":["Relic","Card","Card"],"build_version":"2020-12-13","purchased_purges":1,"victory":false,"max_hp_per_floor":[77,77,77,77,77,77,77,77,77,77,77,77,77,77,77,77,91,91,91,91,91,91,91,91,91],"card_choices":[{"not_picked":["ReplayTheSpireMod:Speed Training","Sucker Punch"],"picked":"Prepared","floor":1},{"not_picked":["Dodge and Roll","Sucker Punch","Prepared"],"picked":"SKIP","floor":2},{"not_picked":["Caltrops","Prepared"],"picked":"Endless Agony","floor":3},{"not_picked":["Acrobatics","Reflex"],"picked":"Flying Knee","floor":4},{"not_picked":["Slice","Deflect"],"picked":"Dodge and Roll","floor":5},{"not_picked":["Blur","Bane"],"picked":"A Thousand Cuts","floor":7},{"not_picked":["Masterful Stab","Underhanded Strike"],"picked":"Outmaneuver","floor":11},{"not_picked":["Heel Hook","Blur","hubris:SlightOfHand"],"picked":"SKIP","floor":13},{"not_picked":["Choke","Acrobatics"],"picked":"Sneak Up","floor":14},{"not_picked":["Doppelganger","After Image"],"picked":"Atom Bomb","floor":16},{"not_picked":["Shame","Regret","animator:Curse_GriefSeed"],"picked":"stsjorbsmod:PollutedStrike","floor":17},{"not_picked":["Decay","Looming Evil","Sickly"],"picked":"hubris:Despair","floor":17},{"not_picked":["SwitchConfidence","Shame","Sickly"],"picked":"stsjorbsmod:Amnesia","floor":17},{"not_picked":["Dagger Throw","Cloak And Dagger","Deadly Poison"],"picked":"A Thousand Cuts","floor":18},{"not_picked":["Toxin Wave","Quick Slash","Riddle With Holes"],"picked":"Hidden Blade","floor":21}],"player_experience":228611,"relics_obtained":[{"floor":3,"key":"Girya"},{"floor":7,"key":"Nunchaku"},{"floor":9,"key":"hubris:OldNail"}],"event_choices":[{"cards_removed":["stsjorbsmod:Amnesia"],"damage_healed":0,"gold_gain":0,"player_choice":"Give","damage_taken":0,"max_hp_gain":0,"max_hp_loss":0,"event_name":"betterNote:BetterNote","floor":19,"gold_loss":0,"cards_obtained":["Zap"]}],"is_beta":false,"boss_relics":[{"not_picked":["Runic Dome","Runic Pyramid"],"picked":"Replay:Ancient Bell"},{"not_picked":["hubris:TenFootPole","Bag of Marbles"],"picked":"Lantern"},{"not_picked":["hubris:MysteriousPyramids","InkBottle"],"picked":"Question Card"},{"not_picked":["hubris:Teleporter","hubris:Potato"],"picked":"Mango"}],"items_purged_floors":[20],"is_endless":false,"potions_floor_spawned":[1,2,5,11,14],"killed_by":"Gremlin Leader","ascension_level":0}}