{"host":"kiauivt48syq9iz6","time":1608716546,"event":{"mods":["BaseMod","Conspire","Downfall","Hermit","Minty Spire (QoL Compilation)","Replay The Spire","SIMod","StSLib","The Animator","The Construct","The Cursed","The Runesmith","The Servant 0.9.4"],"gold_per_floor":[111,111,123,47,66,66,78,96,141,153,153,172,172,172,172,270,270,280,309,322,322,338,338,263,263,263,283,283,300,150,218,218,320,320,330,7,37,64,102,114,126,126],"floor_reached":41,"playtime":1963,"items_purged":[],"score":430,"play_id":"fe9351c5-50c9-46f7-8da7-77703f3bff98","local_time":"20201223024226","is_ascension_mode":false,"campfire_choices":[{"data":"hermit:Vantage","floor":6,"key":"SMITH"},{"floor":13,"key":"REST"},{"floor":15,"key":"REST"},{"floor":23,"key":"REST"},{"floor":25,"key":"REST"},{"floor":28,"key":"REST"},{"floor":32,"key":"REST"},{"floor":40,"key":"REST"}],"circlet_count":0,"master_deck":["hermit:Strike_Hermit","hermit:Strike_Hermit","hermit:Strike_Hermit","hermit:Defend_Hermit","hermit:Defend_Hermit+1","hermit:Defend_Hermit","hermit:Defend_Hermit","hermit:Snapshot","hermit:Covet","hermit:Headshot","hermit:Glare","hermit:ItchyTrigger","hermit:BigShot","hermit:Vantage+1","hermit:Ricochet","hermit:Quickdraw","hermit:Manifest","hermit:Coalescence","hermit:OverwhelmingPower","hermit:Quickdraw+1","hermit:FlashPowder+1","hermit:Determination","Decay","hermit:Gestalt","hermit:Quickdraw","hermit:DeadOrAlive","hermit:Snipe","hermit:TakeAim+1","hermit:CalledShot","hermit:GoldenBullet+1","hermit:Virtue","hermit:CalledShot","hermit:FatalDesire","hermit:Combo+1","hermit:SprayPray","hermit:Dive","hermit:Misfire+1","hermit:Dissolve"],"relics":["hermit:Momento","Centennial Puzzle","Pyrelight","HornCleat","SlaversCollar","Red Mask","Mirror","Orrery","Nunchaku","Busted Crown","Kunai","MawBank"],"acts_visited":["Exordium","TheCity","TheBeyond"],"potions_floor_usage":[18,19,19,19,29,39],"damage_taken":[{"damage":2,"enemies":"Small Slimes","floor":1,"turns":3},{"damage":0,"enemies":"2 Louse","floor":3,"turns":2},{"damage":6,"enemies":"Jaw Worm","floor":5,"turns":3},{"damage":8,"enemies":"Gremlin Gang","floor":7,"turns":5},{"damage":13,"enemies":"Exordium Thugs","floor":8,"turns":3},{"damage":0,"enemies":"2 Fungi Beasts","floor":10,"turns":2},{"damage":4,"enemies":"Red Slaver","floor":12,"turns":3},{"damage":33,"enemies":"Fading Forest","floor":16,"turns":11},{"damage":20,"enemies":"Shell Parasite","floor":18,"turns":4},{"damage":25,"enemies":"Masked Bandits","floor":19,"turns":6},{"damage":0,"enemies":"3 Byrds","floor":20,"turns":6},{"damage":19,"enemies":"Shelled Parasite and Fungi","floor":22,"turns":7},{"damage":4,"enemies":"Snecko","floor":27,"turns":6},{"damage":40,"enemies":"Cultist and Chosen","floor":29,"turns":8},{"damage":21,"enemies":"Slavers","floor":31,"turns":6},{"damage":20,"enemies":"Collector","floor":33,"turns":7},{"damage":14,"enemies":"Orb Walker","floor":35,"turns":4},{"damage":6,"enemies":"3 Shapes","floor":37,"turns":4},{"damage":51,"enemies":"Sphere and 2 Shapes","floor":39,"turns":8},{"damage":38,"enemies":"4 Shapes","floor":41,"turns":8}],"seed_played":"7056196224709059376","potions_obtained":[{"floor":3,"key":"Milkshake"},{"floor":5,"key":"EssenceOfSteel"},{"floor":8,"key":"LifebloodPotion"},{"floor":10,"key":"Energy Potion"},{"floor":18,"key":"AttackPotion"},{"floor":22,"key":"sneckomod:MuddlingPotion"},{"floor":33,"key":"Reflective Coating"},{"floor":35,"key":"LiquidMemories"}],"is_trial":false,"path_per_floor":["M","?","M","$","M","R","M","M","T","M","?","M","R","?","R","B",null,"M","?","M","?","M","R","?","R","T","M","R","M","$","E","R","B",null,"M","$","M","T","M","R","M"],"character_chosen":"HERMIT","items_purchased":["hermit:BigShot","Orrery","Kunai","hermit:SprayPray","hermit:Dive"],"campfire_rested":7,"item_purchase_floors":[4,30,36,36,36],"current_hp_per_floor":[73,73,73,73,67,67,59,46,46,46,46,42,64,39,61,49,75,55,30,30,30,11,33,33,55,55,51,73,33,33,12,34,14,75,61,61,55,55,4,26,0,0],"gold":126,"neow_bonus":"THREE_CARDS","is_daily":false,"chose_seed":false,"campfire_upgraded":1,"win_rate":0.0,"timestamp":1608716546,"path_taken":["M","?","M","$","M","R","M","M","T","M","?","M","R","?","R","BOSS","M","?","M","?","M","R","?","R","T","M","R","?","$","E","R","BOSS","M","$","?","?","M","R","M"],"items_purchased_type":["Card","Relic","Relic","Card","Card"],"build_version":"2020-12-22","purchased_purges":0,"victory":false,"max_hp_per_floor":[75,75,75,75,75,75,75,75,75,75,75,75,75,75,75,75,75,75,75,75,75,75,75,75,75,75,75,75,75,75,75,75,75,75,75,75,75,75,75,75,75,75],"card_choices":[{"not_picked":["hermit:Enervate","hermit:Ricochet"],"picked":"hermit:Headshot","floor":0},{"not_picked":["hermit:TrackingShot","hermit:Feint"],"picked":"hermit:Glare","floor":1},{"not_picked":["hermit:Midnight","hermit:RoundhouseKick"],"picked":"hermit:ItchyTrigger","floor":3},{"not_picked":["hermit:Coalescence","hermit:BigShot"],"picked":"hermit:Vantage","floor":5},{"not_picked":["hermit:Quickdraw","hermit:TakeCover"],"picked":"hermit:Ricochet","floor":7},{"not_picked":["hermit:EyeOfTheStorm","hermit:Vantage"],"picked":"hermit:Quickdraw","floor":8},{"not_picked":["hermit:Horror","hermit:HighCaliber"],"picked":"hermit:Manifest","floor":10},{"not_picked":["hermit:Enervate","hermit:Snipe"],"picked":"hermit:Coalescence","floor":12},{"not_picked":["hermit:Dissolve","hermit:FatalDesire"],"picked":"hermit:OverwhelmingPower","floor":16},{"not_picked":["hermit:Vantage","hermit:Feint+1"],"picked":"hermit:Quickdraw+1","floor":18},{"not_picked":["hermit:NoHoldsBarred+1","hermit:LuckOfTheDraw"],"picked":"hermit:FlashPowder+1","floor":19},{"not_picked":["hermit:BigShot","hermit:Grudge+1"],"picked":"hermit:Determination","floor":20},{"not_picked":["hermit:Vantage","hermit:Coalescence"],"picked":"hermit:Gestalt","floor":22},{"not_picked":["hermit:BodyArmor","hermit:HighCaliber"],"picked":"hermit:Quickdraw","floor":27},{"not_picked":["hermit:Maintenance","hermit:Spite"],"picked":"hermit:DeadOrAlive","floor":29},{"not_picked":["hermit:WideOpen","hermit:Dive"],"picked":"hermit:Snipe","floor":30},{"not_picked":["hermit:GhostlyPresence","hermit:Glare"],"picked":"hermit:TakeAim+1","floor":30},{"not_picked":["hermit:Desperado","hermit:Misfire"],"picked":"hermit:CalledShot","floor":30},{"not_picked":["hermit:WideOpen","hermit:Glare"],"picked":"hermit:GoldenBullet+1","floor":30},{"not_picked":["hermit:DeadMansHand","hermit:Glare+1"],"picked":"hermit:Virtue","floor":30},{"not_picked":["hermit:EternalForm","hermit:HighCaliber"],"picked":"hermit:CalledShot","floor":31},{"not_picked":["hermit:Adapt","hermit:OverwhelmingPower"],"picked":"hermit:FatalDesire","floor":33},{"not_picked":[],"picked":"hermit:Combo+1","floor":35},{"not_picked":[],"picked":"hermit:Misfire+1","floor":37},{"not_picked":[],"picked":"hermit:Dissolve","floor":39}],"player_experience":12007,"relics_obtained":[{"floor":9,"key":"Centennial Puzzle"},{"floor":19,"key":"Red Mask"},{"floor":26,"key":"Mirror"},{"floor":31,"key":"Nunchaku"},{"floor":38,"key":"MawBank"}],"event_choices":[{"damage_healed":0,"gold_gain":0,"player_choice":"Success","damage_taken":25,"relics_obtained":["HornCleat"],"max_hp_gain":0,"max_hp_loss":0,"event_name":"Scrap Ooze","floor":14,"gold_loss":0},{"damage_healed":0,"gold_gain":0,"player_choice":"Fought Bandits","damage_taken":0,"max_hp_gain":0,"max_hp_loss":0,"event_name":"Masked Bandits","floor":19,"gold_loss":0},{"damage_healed":0,"gold_gain":0,"player_choice":"Smashed Altar","damage_taken":0,"max_hp_gain":0,"max_hp_loss":0,"event_name":"Forgotten Altar","floor":21,"gold_loss":0,"cards_obtained":["Decay"]},{"cards_removed":["hermit:Strike_Hermit"],"damage_healed":0,"gold_gain":0,"player_choice":"Gave Gold","damage_taken":0,"max_hp_gain":0,"max_hp_loss":0,"event_name":"Beggar","floor":24,"gold_loss":75}],"is_beta":false,"boss_relics":[{"not_picked":["construct:WeddingRing","Coffee Dripper"],"picked":"SlaversCollar"},{"not_picked":["hermit:BartenderGlass","Kintsugi"],"picked":"Busted Crown"}],"items_purged_floors":[],"is_endless":false,"potions_floor_spawned":[3,5,8,10,12,18,22,33,35],"killed_by":"4 Shapes","ascension_level":0}}