{"host":"w3q5ijqu8eoknil3","time":1608759212,"event":{"mods":["BaseMod","Block Reminder","Colored Powertips","Minty Spire (QoL Compilation)","Quick Restart","Relic Stats","ojb\u0027s Better Paths Mod"],"gold_per_floor":[114,129,148,298,298,298,314,349,373,387,387,387],"floor_reached":11,"playtime":473,"items_purged":[],"score":150,"play_id":"1fa11232-3f25-431e-a538-bb0621b7cf44","local_time":"20201223213332","is_ascension_mode":true,"campfire_choices":[{"data":"True Grit","floor":6,"key":"SMITH"}],"circlet_count":0,"master_deck":["AscendersBane","Strike_R","Strike_R","Strike_R","Strike_R","Strike_R","Defend_R","Defend_R","Defend_R","Defend_R","Bash","True Grit+1","Uppercut","Headbutt","Fire Breathing","Flame Barrier","Second Wind"],"relics":["SacredBark","Omamori","PreservedInsect"],"acts_visited":["Exordium"],"potions_floor_usage":[10,10],"damage_taken":[{"damage":1,"enemies":"Cultist","floor":1,"turns":3},{"damage":14,"enemies":"Jaw Worm","floor":2,"turns":6},{"damage":1,"enemies":"2 Louse","floor":3,"turns":4},{"damage":14,"enemies":"Blue Slaver","floor":7,"turns":4},{"damage":30,"enemies":"Gremlin Nob","floor":8,"turns":4},{"damage":4,"enemies":"Red Slaver","floor":10,"turns":3},{"damage":13,"enemies":"3 Sentries","floor":11,"turns":4}],"seed_played":"4479431858711615504","potions_obtained":[{"floor":1,"key":"Ancient Potion"},{"floor":7,"key":"ColorlessPotion"},{"floor":8,"key":"Strength Potion"}],"is_trial":false,"path_per_floor":["M","M","M","?","?","R","M","E","T","M","E"],"character_chosen":"IRONCLAD","items_purchased":[],"campfire_rested":0,"item_purchase_floors":[],"current_hp_per_floor":[67,53,52,52,52,52,38,8,8,4,0,0],"gold":387,"neow_bonus":"BOSS_RELIC","is_daily":false,"chose_seed":false,"campfire_upgraded":1,"win_rate":0.0,"timestamp":1608759212,"path_taken":["M","M","?","?","?","R","M","E","T","M","E"],"items_purchased_type":[],"build_version":"2020-12-22","purchased_purges":0,"victory":false,"max_hp_per_floor":[75,75,75,75,75,75,75,75,75,75,75,75],"relic_stats":{"counters":[7,28],"PreservedInsect":33,"obtain_stats":[{"SacredBark":0,"PreservedInsect":9,"Omamori":8,"Burning Blood":0},{"SacredBark":0,"PreservedInsect":5,"Omamori":5,"Burning Blood":0},{"SacredBark":0,"PreservedInsect":21,"Omamori":21,"Burning Blood":0}]},"card_choices":[{"not_picked":["Hemokinesis","Perfected Strike"],"picked":"True Grit","floor":1},{"not_picked":["Burning Pact","Dual Wield"],"picked":"Uppercut","floor":2},{"not_picked":["Hemokinesis","Inflame"],"picked":"Headbutt","floor":3},{"not_picked":["Perfected Strike","Clothesline"],"picked":"Fire Breathing","floor":7},{"not_picked":["Sword Boomerang","Twin Strike"],"picked":"Flame Barrier","floor":8},{"not_picked":["Sword Boomerang","True Grit"],"picked":"Second Wind","floor":10}],"player_experience":938499,"relics_obtained":[{"floor":8,"key":"Omamori"},{"floor":9,"key":"PreservedInsect"}],"event_choices":[{"damage_healed":0,"gold_gain":150,"player_choice":"AGREE","damage_taken":0,"max_hp_gain":0,"max_hp_loss":0,"event_name":"Liars Game","floor":4,"gold_loss":0,"cards_obtained":["Doubt"]},{"cards_removed":["Doubt"],"damage_healed":0,"gold_gain":0,"player_choice":"Removed Curses","damage_taken":0,"max_hp_gain":0,"max_hp_loss":0,"event_name":"Fountain of Cleansing","floor":5,"gold_loss":0}],"is_beta":false,"boss_relics":[],"items_purged_floors":[],"is_endless":false,"potions_floor_spawned":[1,7,8],"killed_by":"3 Sentries","ascension_level":20}}