{"host":"kiauivt48syq9iz6","time":1608718862,"event":{"mods":["BaseMod","Conspire","Downfall","Hermit","Minty Spire (QoL Compilation)","Replay The Spire","SIMod","StSLib","The Animator","The Construct","The Cursed","The Runesmith","The Servant 0.9.4"],"gold_per_floor":[112,36,48,48,102,102,120,145,145,145,59,81,99,112,112,218,218,230,26,26,26,26,45,45,61,61,83,101,101,101,101],"floor_reached":30,"playtime":1359,"items_purged":[],"score":232,"play_id":"47861433-df7f-48fe-9941-6eb1624ec030","local_time":"20201223032102","is_ascension_mode":false,"campfire_choices":[{"data":"hermit:Brawl","floor":6,"key":"SMITH"},{"floor":15,"key":"REST"},{"floor":29,"key":"REST"}],"circlet_count":0,"master_deck":["hermit:Strike_Hermit","hermit:Strike_Hermit","hermit:Defend_Hermit","hermit:Defend_Hermit","hermit:Defend_Hermit","hermit:Snapshot","hermit:Covet","hermit:LoneWolf","hermit:TrackingShot","hermit:Brawl+1","hermit:HoleUp","hermit:CalledShot","hermit:GhostlyPresence","hermit:Cheat","Pot Of Greed","Pot Of Greed","hermit:Scavenge","hermit:TakeAim","hermit:Dive","hermit:CalledShot","hermit:Headshot","hermit:Coalescence","hermit:HighNoon","hermit:HighCaliber","Pot Of Greed","hermit:GoldenBullet+1","hermit:Manifest","hermit:Enervate","hermit:Brawl","hermit:Manifest","hermit:Vantage+1","hermit:WideOpen"],"relics":["hermit:Momento","Onion Ring","Grinning Jar","Kunai","Shuriken","Sozu","HandDrill","Pen Nib","ReplayFunnel"],"acts_visited":["Exordium","TheCity"],"potions_floor_usage":[8,12,28],"damage_taken":[{"damage":6,"enemies":"Jaw Worm","floor":1,"turns":4},{"damage":7,"enemies":"2 Louse","floor":3,"turns":3},{"damage":5,"enemies":"Small Slimes","floor":7,"turns":4},{"damage":8,"enemies":"Lagavulin","floor":8,"turns":7},{"damage":5,"enemies":"Exordium Wildlife","floor":12,"turns":8},{"damage":4,"enemies":"Red Slaver","floor":13,"turns":5},{"damage":10,"enemies":"Looter","floor":14,"turns":4},{"damage":23,"enemies":"Hexaghost","floor":16,"turns":12},{"damage":12,"enemies":"Shell Parasite","floor":18,"turns":8},{"damage":15,"enemies":"3 Byrds","floor":23,"turns":7},{"damage":7,"enemies":"Centurion and Healer","floor":25,"turns":5},{"damage":30,"enemies":"Chosen and Byrds","floor":27,"turns":9},{"damage":0,"enemies":"Snake Plant","floor":28,"turns":3},{"damage":35,"enemies":"3 Cultists","floor":30,"turns":4}],"seed_played":"6899475696780725913","potions_obtained":[{"floor":1,"key":"hermit:Tonic"},{"floor":8,"key":"Reflective Coating"},{"floor":16,"key":"champ:CounterPotion"}],"is_trial":false,"path_per_floor":["M","$","M","$","?","R","M","E","T","?","$","M","M","M","R","B",null,"M","$","?","?","$","M","$","M","T","M","M","R","M"],"character_chosen":"HERMIT","items_purchased":["hermit:Brawl","hermit:TakeAim","hermit:Dive","HandDrill","hermit:GoldenBullet+1"],"campfire_rested":2,"item_purchase_floors":[2,11,11,19,19],"current_hp_per_floor":[69,69,62,62,62,62,57,49,49,24,24,19,15,5,27,4,75,63,63,63,63,63,48,48,41,41,11,11,33,0,0],"gold":101,"neow_bonus":"RANDOM_EVENT","is_daily":false,"chose_seed":false,"campfire_upgraded":1,"win_rate":0.0,"timestamp":1608718862,"path_taken":["M","$","M","$","?","R","M","E","T","?","?","M","M","M","R","BOSS","M","$","?","?","?","M","$","M","T","M","?","R","M"],"items_purchased_type":["Card","Card","Card","Relic","Card"],"build_version":"2020-12-22","purchased_purges":0,"victory":false,"max_hp_per_floor":[75,75,75,75,75,75,75,75,75,75,75,75,75,75,75,75,75,75,75,75,75,75,75,75,75,75,75,75,75,75,75],"card_choices":[{"not_picked":["hermit:Grudge","hermit:Ricochet"],"picked":"hermit:TrackingShot","floor":1},{"not_picked":["hermit:Roulette","hermit:Feint"],"picked":"hermit:HoleUp","floor":3},{"not_picked":["hermit:NoHoldsBarred","hermit:Ricochet"],"picked":"hermit:CalledShot","floor":5},{"not_picked":["hermit:Vantage","hermit:SprayPray"],"picked":"hermit:GhostlyPresence","floor":5},{"not_picked":["hermit:FullyLoaded","hermit:TrackingShot"],"picked":"hermit:Cheat","floor":7},{"not_picked":["hermit:LuckOfTheDraw","hermit:Gambit"],"picked":"hermit:Scavenge","floor":8},{"not_picked":["hermit:Desperado","hermit:Roulette"],"picked":"hermit:CalledShot","floor":12},{"not_picked":["hermit:NoHoldsBarred","hermit:WideOpen"],"picked":"hermit:Headshot","floor":13},{"not_picked":["hermit:Cheat","hermit:Misfire"],"picked":"hermit:Coalescence","floor":14},{"not_picked":["hermit:DeadOrAlive","hermit:OverwhelmingPower"],"picked":"hermit:HighNoon","floor":16},{"not_picked":["hermit:Desperado+1","hermit:Grudge"],"picked":"hermit:HighCaliber","floor":18},{"not_picked":["hermit:Quickdraw","hermit:TrackingShot"],"picked":"hermit:Brawl","floor":23},{"not_picked":["hermit:LuckOfTheDraw","hermit:Dissolve"],"picked":"hermit:Manifest","floor":25},{"not_picked":["hermit:Deadeye+1","hermit:Snipe"],"picked":"hermit:Vantage+1","floor":27},{"not_picked":["hermit:SprayPray+1","hermit:Ricochet"],"picked":"hermit:WideOpen","floor":28}],"player_experience":14872,"relics_obtained":[{"floor":5,"key":"Onion Ring"},{"floor":8,"key":"Grinning Jar"},{"floor":9,"key":"Kunai"},{"floor":26,"key":"ReplayFunnel"}],"event_choices":[{"damage_healed":0,"gold_gain":0,"cards_transformed":["hermit:Defend_Hermit"],"player_choice":"Change","damage_taken":0,"max_hp_gain":0,"max_hp_loss":0,"event_name":"Living Wall","floor":0,"gold_loss":0,"cards_obtained":["hermit:LoneWolf"]},{"damage_healed":0,"gold_gain":0,"player_choice":"Success","damage_taken":25,"relics_obtained":["Shuriken"],"max_hp_gain":0,"max_hp_loss":0,"event_name":"Scrap Ooze","floor":10,"gold_loss":0},{"damage_healed":0,"gold_gain":0,"player_choice":"Opened","damage_taken":0,"relics_obtained":["Pen Nib"],"max_hp_gain":0,"max_hp_loss":0,"event_name":"The Mausoleum","floor":20,"gold_loss":0},{"damage_healed":0,"gold_gain":0,"cards_transformed":["hermit:Strike_Hermit","hermit:Strike_Hermit"],"player_choice":"Became Test Subject","damage_taken":0,"max_hp_gain":0,"max_hp_loss":0,"event_name":"Drug Dealer","floor":21,"gold_loss":0,"cards_obtained":["hermit:Manifest","hermit:Enervate"]}],"is_beta":false,"boss_relics":[{"not_picked":["Velvet Choker","Astrolabe"],"picked":"Sozu"}],"items_purged_floors":[],"is_endless":false,"potions_floor_spawned":[1,8,16,25,27],"killed_by":"3 Cultists","ascension_level":0}}