{"host":"fmtvje4mks8zli8e","time":1608686350,"event":{"mods":["AchievementEnabler","AlwaysNeverKeys","BaseMod","BetterRewards","Minty Spire (QoL Compilation)","READ ME - Guardian Mod","Remove Card Discount Mod","StSLib","The Cursed","The Druid","The Servant 0.9.4","The Wild Card"],"gold_per_floor":[113,124,141,416,429,454,454,485,534,561,579,591,766,766,766,863,913,925,925,413,428,527,527,560,560,560,560,660,687,699,734,734,838,838,850,850,860,875,895,930,930,964,964,565,565,615,629,659,659,659,659,659,1,36,36],"floor_reached":56,"playtime":2427,"items_purged":[],"score":2595,"play_id":"01e9da4d-4a39-4ff9-8b4a-e57ed3bb04cb","local_time":"20201222191910","is_ascension_mode":true,"campfire_choices":[{"data":"Caltrops","floor":7.0,"key":"SMITH"},{"data":"Prepared","floor":15.0,"key":"SMITH"},{"data":"Envenom","floor":23.0,"key":"SMITH"},{"data":"Caltrops","floor":25.0,"key":"SMITH"},{"data":"Sucker Punch","floor":27.0,"key":"SMITH"},{"data":"Caltrops","floor":32.0,"key":"SMITH"},{"floor":41.0,"key":"REST"},{"floor":49.0,"key":"REST"},{"floor":52.0,"key":"REST"}],"circlet_count":0,"master_deck":["AscendersBane","Strike_G+1","Strike_G+1","Strike_G+1","Strike_G+1","Strike_G+1","Defend_G+1","Defend_G+1","Defend_G+1","Defend_G+1","Defend_G+1","Survivor","Neutralize","Infinite Blades","Sucker Punch+1","Caltrops+1","Masterful Stab","Regret","Prepared+1","Infinite Blades","Blade Dance","Blade Dance+1","Doubt","Parasite","Envenom+1","Caltrops+1","Noxious Fumes","Escape Plan+1","Caltrops+1","Distraction+1","Accuracy+1","Deflect+1","Tactician+1","Deflect","Envenom","Footwork","Blur","Writhe","Deflect+1","Deflect","Tools of the Trade","Backflip","Infinite Blades","PiercingWail+1"],"relics":["Ring of the Snake","HornCleat","Du-Vu Doll","Meat on the Bone","OrangePellets","ClockworkSouvenir","Oddly Smooth Stone","StrikeDummy","PreservedInsect","Sling","TwistedFunnel","Boot","Pear","Blood Vial","Toy Ornithopter","Tiny House","Ginger","Medical Kit","Pantograph","Bronze Scales","Prayer Wheel","Paper Crane","Turnip","Snake Skull","Fusion Hammer","Tingsha","Vajra","Singing Bowl","Pen Nib","Ancient Tea Set","Torii","The Courier","Membership Card","Orichalcum","Ninja Scroll","Strawberry","InkBottle","Happy Flower","War Paint","Bag of Marbles","Akabeko"],"acts_visited":["Exordium","TheCity","TheBeyond","TheEnding"],"potions_floor_usage":[55,55,55],"damage_taken":[{"damage":0.0,"enemies":"Cultist","floor":1.0,"turns":3.0},{"damage":0.0,"enemies":"Small Slimes","floor":2.0,"turns":2.0},{"damage":0.0,"enemies":"Jaw Worm","floor":3.0,"turns":3.0},{"damage":13.0,"enemies":"Large Slime","floor":5.0,"turns":5.0},{"damage":0.0,"enemies":"Lagavulin","floor":6.0,"turns":4.0},{"damage":1.0,"enemies":"3 Sentries","floor":8.0,"turns":4.0},{"damage":0.0,"enemies":"Gremlin Nob","floor":10.0,"turns":3.0},{"damage":0.0,"enemies":"3 Louse","floor":11.0,"turns":2.0},{"damage":0.0,"enemies":"2 Fungi Beasts","floor":12.0,"turns":2.0},{"damage":24.0,"enemies":"The Guardian","floor":16.0,"turns":7.0},{"damage":6.0,"enemies":"3 Byrds","floor":18.0,"turns":2.0},{"damage":9.0,"enemies":"2 Thieves","floor":21.0,"turns":3.0},{"damage":0.0,"enemies":"Book of Stabbing","floor":24.0,"turns":3.0},{"damage":10.0,"enemies":"Colosseum Slavers","floor":28.0,"turns":3.0},{"damage":7.0,"enemies":"Colosseum Nobs","floor":28.0,"turns":3.0},{"damage":7.0,"enemies":"Gremlin Leader","floor":29.0,"turns":3.0},{"damage":12.0,"enemies":"Centurion and Healer","floor":30.0,"turns":4.0},{"damage":6.0,"enemies":"Slavers","floor":31.0,"turns":3.0},{"damage":69.0,"enemies":"Automaton","floor":33.0,"turns":9.0},{"damage":11.0,"enemies":"3 Darklings","floor":35.0,"turns":4.0},{"damage":5.0,"enemies":"3 Shapes","floor":37.0,"turns":6.0},{"damage":33.0,"enemies":"Writhing Mass","floor":38.0,"turns":4.0},{"damage":1.0,"enemies":"Spire Growth","floor":39.0,"turns":5.0},{"damage":7.0,"enemies":"Nemesis","floor":40.0,"turns":3.0},{"damage":2.0,"enemies":"Giant Head","floor":42.0,"turns":4.0},{"damage":1.0,"enemies":"Mind Bloom Boss Battle","floor":46.0,"turns":5.0},{"damage":14.0,"enemies":"Jaw Worm Horde","floor":47.0,"turns":4.0},{"damage":16.0,"enemies":"Reptomancer","floor":48.0,"turns":4.0},{"damage":88.0,"enemies":"Donu and Deca","floor":50.0,"turns":8.0},{"damage":60.0,"enemies":"Shield and Spear","floor":54.0,"turns":4.0},{"damage":73,"enemies":"The Heart","floor":55,"turns":6}],"seed_played":"4010197547790923691","potions_obtained":[{"floor":2.0,"key":"FearPotion"},{"floor":5.0,"key":"PowerPotion"},{"floor":11.0,"key":"Poison Potion"},{"floor":16.0,"key":"LiquidBronze"},{"floor":54.0,"key":"CunningPotion"}],"is_trial":false,"path_per_floor":["M","M","M","?","M","E","R","E","T","E","M","M","?","?","R","B",null,"M","?","$","M","?","R","E","R","T","R","?","E","M","E","R","B",null,"M","?","M","M","M","E","R","E","T","$","?","?","M","E","R","B",null,"R","$","E","B",null],"character_chosen":"THE_SILENT","items_purchased":["HornCleat","Infinite Blades","Du-Vu Doll","Meat on the Bone","OrangePellets","ClockworkSouvenir","Oddly Smooth Stone","StrikeDummy","PreservedInsect","Sling","TwistedFunnel","Sucker Punch","Ginger","Medical Kit","Noxious Fumes","Pen Nib","Ancient Tea Set","Footwork","Blur","Membership Card","Orichalcum","Ninja Scroll","Strawberry","InkBottle","Happy Flower","War Paint","Bag of Marbles","Backflip","Infinite Blades"],"campfire_rested":3,"item_purchase_floors":[0,0,0,0,0,0,0,0,0,0,0,0,20,20,20,44,44,44,44,53,53,53,53,53,53,53,53,53,53],"current_hp_per_floor":[33,45,45,45,44,44,44,53,53,55,57,59,59,79,79,61,80,76,76,76,69,69,69,71,71,71,71,58,53,43,51,51,21,69,60,60,57,38,51,46,71,71,71,71,85,84,73,59,85,16,69,87,94,46,27],"gold":36,"neow_bonus":"","is_daily":false,"chose_seed":false,"campfire_upgraded":6,"win_rate":0.0,"timestamp":1608686350,"path_taken":["M","?","M","?","M","E","R","E","T","E","?","M","?","?","R","BOSS","M","?","$","M","?","R","E","R","T","R","?","E","?","E","R","BOSS","M","?","M","M","M","E","R","E","T","$","?","?","M","E","R","BOSS","R","$","E","BOSS"],"items_purchased_type":["Relic","Card","Relic","Relic","Relic","Relic","Relic","Relic","Relic","Relic","Relic","Card","Relic","Relic","Card","Relic","Relic","Card","Card","Relic","Relic","Relic","Relic","Relic","Relic","Relic","Relic","Card","Card"],"build_version":"2020-12-13","purchased_purges":0,"victory":true,"max_hp_per_floor":[70,70,70,70,70,70,70,80,80,80,80,80,80,80,80,80,85,85,85,85,85,85,85,85,85,85,85,85,85,85,85,85,85,85,85,85,85,85,85,85,85,85,85,85,85,85,87,87,87,87,87,87,94,94,94],"card_choices":[{"not_picked":["Deflect","Dodge and Roll"],"picked":"Caltrops","floor":1.0},{"not_picked":["Bouncing Flask","Bane","Masterful Stab"],"picked":"SKIP","floor":2.0},{"not_picked":["Bouncing Flask","Bane"],"picked":"Masterful Stab","floor":2.0},{"not_picked":["Outmaneuver","All Out Attack","Flying Knee"],"picked":"SKIP","floor":3.0},{"not_picked":["Bane","Slice","Concentrate"],"picked":"SKIP","floor":5.0},{"not_picked":["Quick Slash","Sucker Punch","Flying Knee"],"picked":"SKIP","floor":6.0},{"not_picked":["Night Terror","Bane"],"picked":"Prepared","floor":8.0},{"not_picked":["Deflect","Bouncing Flask"],"picked":"Infinite Blades","floor":10.0},{"not_picked":["Choke","Catalyst"],"picked":"Blade Dance","floor":11.0},{"not_picked":["Riddle With Holes","PiercingWail"],"picked":"Blade Dance","floor":12.0},{"not_picked":["Phantasmal Killer","Wraith Form v2"],"picked":"Envenom","floor":16.0},{"not_picked":["PiercingWail","Dagger Spray"],"picked":"Caltrops","floor":17.0},{"not_picked":["PiercingWail","Choke+1","Dodge and Roll"],"picked":"SKIP","floor":18.0},{"not_picked":["Storm of Steel","Deadly Poison"],"picked":"Escape Plan+1","floor":21.0},{"not_picked":["Well Laid Plans","Dagger Spray","Expertise"],"picked":"SKIP","floor":24.0},{"not_picked":["Reflex","Outmaneuver+1"],"picked":"Caltrops","floor":28.0},{"not_picked":["Reflex","Bouncing Flask","Underhanded Strike+1"],"picked":"SKIP","floor":29.0},{"not_picked":["Outmaneuver","Flying Knee","PiercingWail"],"picked":"SKIP","floor":30.0},{"not_picked":["Sucker Punch","Terror","Choke"],"picked":"SKIP","floor":30.0},{"not_picked":["Acrobatics+1","Outmaneuver"],"picked":"Distraction+1","floor":31.0},{"not_picked":["All Out Attack+1","Dagger Throw"],"picked":"Accuracy+1","floor":35.0},{"not_picked":["Poisoned Stab","Acrobatics+1","Backstab+1"],"picked":"SKIP","floor":35.0},{"not_picked":["Infinite Blades","Dagger Spray"],"picked":"Deflect","floor":37.0},{"not_picked":["Outmaneuver+1","Quick Slash+1","Deadly Poison+1"],"picked":"SKIP","floor":37.0},{"not_picked":["Blade Dance","Catalyst","Skewer+1"],"picked":"SKIP","floor":38.0},{"not_picked":["Sucker Punch","Deadly Poison","Bane+1"],"picked":"SKIP","floor":38.0},{"not_picked":["Venomology","Slice+1"],"picked":"Tactician+1","floor":39.0},{"not_picked":["Poisoned Stab","Dagger Spray+1","Calculated Gamble"],"picked":"SKIP","floor":39.0},{"not_picked":["Blade Dance","Backstab"],"picked":"Deflect","floor":40.0},{"not_picked":["PiercingWail","Corpse Explosion"],"picked":"Envenom","floor":42.0},{"not_picked":["Blade Dance","Slice+1"],"picked":"Deflect+1","floor":46.0},{"not_picked":["Sucker Punch","Distraction+1","Deadly Poison"],"picked":"Singing Bowl","floor":47.0},{"not_picked":["Quick Slash+1","Sucker Punch"],"picked":"Deflect","floor":47.0},{"not_picked":["Bane+1","Poisoned Stab"],"picked":"Tools of the Trade","floor":48.0},{"not_picked":["Bane+1","Flying Knee"],"picked":"PiercingWail+1","floor":54.0}],"player_experience":3012976,"relics_obtained":[{"floor":6.0,"key":"Boot"},{"floor":8.0,"key":"Pear"},{"floor":9.0,"key":"Blood Vial"},{"floor":10.0,"key":"Toy Ornithopter"},{"floor":24.0,"key":"Pantograph"},{"floor":26.0,"key":"Bronze Scales"},{"floor":28.0,"key":"Prayer Wheel"},{"floor":28.0,"key":"Paper Crane"},{"floor":29.0,"key":"Turnip"},{"floor":31.0,"key":"Snake Skull"},{"floor":40.0,"key":"Tingsha"},{"floor":42.0,"key":"Vajra"},{"floor":43.0,"key":"Singing Bowl"},{"floor":46.0,"key":"Torii"},{"floor":48.0,"key":"The Courier"},{"floor":54.0,"key":"Akabeko"}],"event_choices":[{"damage_healed":0.0,"max_hp_gain":0.0,"max_hp_loss":0.0,"gold_gain":275.0,"event_name":"Golden Shrine","player_choice":"Desecrate","floor":4.0,"gold_loss":0.0,"damage_taken":0.0,"cards_obtained":["Regret"]},{"damage_healed":0.0,"max_hp_gain":0.0,"max_hp_loss":0.0,"gold_gain":175.0,"event_name":"Liars Game","player_choice":"AGREE","floor":13.0,"gold_loss":0.0,"damage_taken":0.0,"cards_obtained":["Doubt"]},{"damage_healed":20.0,"max_hp_gain":0.0,"max_hp_loss":0.0,"gold_gain":0.0,"event_name":"Mushrooms","player_choice":"Healed and dodged fight","floor":14.0,"gold_loss":0.0,"damage_taken":0.0,"cards_obtained":["Parasite"]},{"damage_healed":0.0,"max_hp_gain":0.0,"max_hp_loss":0.0,"gold_gain":0.0,"event_name":"Back to Basics","player_choice":"Simplicity","floor":19.0,"gold_loss":0.0,"damage_taken":0.0,"cards_upgraded":["Strike_G","Strike_G","Strike_G","Strike_G","Defend_G","Defend_G","Defend_G","Defend_G","Defend_G"]},{"damage_healed":0.0,"max_hp_gain":0.0,"max_hp_loss":0.0,"gold_gain":99.0,"event_name":"Nest","player_choice":"Stole From Cult","floor":22.0,"gold_loss":0.0,"damage_taken":0.0},{"damage_healed":0.0,"max_hp_gain":0.0,"max_hp_loss":0.0,"gold_gain":0.0,"event_name":"Colosseum","player_choice":"Fight","floor":28.0,"gold_loss":0.0,"damage_taken":0.0},{"damage_healed":0.0,"max_hp_gain":0.0,"max_hp_loss":0.0,"gold_gain":0.0,"event_name":"Colosseum","player_choice":"Fought Nobs","floor":28.0,"gold_loss":0.0,"damage_taken":0.0},{"damage_healed":0.0,"max_hp_gain":0.0,"max_hp_loss":0.0,"gold_gain":0.0,"event_name":"Tomb of Lord Red Mask","player_choice":"Ignored","floor":36.0,"gold_loss":0.0,"damage_taken":0.0},{"damage_healed":21.0,"max_hp_gain":0.0,"max_hp_loss":0.0,"gold_gain":0.0,"event_name":"Winding Halls","player_choice":"Writhe","floor":45.0,"gold_loss":0.0,"damage_taken":0.0,"cards_obtained":["Writhe"]},{"damage_healed":0.0,"max_hp_gain":0.0,"max_hp_loss":0.0,"gold_gain":0.0,"event_name":"MindBloom","player_choice":"Fight","floor":46.0,"gold_loss":0.0,"damage_taken":0.0}],"is_beta":false,"boss_relics":[{"not_picked":["Velvet Choker","SacredBark"],"picked":"Tiny House"},{"not_picked":["Snecko Eye","Runic Dome"],"picked":"Fusion Hammer"}],"items_purged_floors":[],"is_endless":false,"potions_floor_spawned":[2,5,11,16,24,29,30,38,40,42,54],"ascension_level":10}}