{"host":"4gpocmiyl6swb7z6","time":1608766191,"event":{"mods":["AchievementEnabler","BaseMod","Colored Map","Colored Powertips","Minty Spire (QoL Compilation)","Rare Cards Sparkle"],"gold_per_floor":[116,128,146,162,162,162,195,195,195,195,210,225,225,239,239,369,369,389,414,433,451,16,51,51,75,126,126,126,147,188,209,209,209,209],"floor_reached":33,"playtime":3400,"items_purged":[],"score":358,"play_id":"af09108d-7e64-4dda-9f6a-bf0bdb20905c","local_time":"20201224002951","is_ascension_mode":true,"campfire_choices":[{"data":"Seeing Red","floor":6,"key":"SMITH"},{"data":"Battle Trance","floor":10,"key":"SMITH"},{"floor":13,"key":"REST"},{"data":"Rampage","floor":15,"key":"SMITH"},{"data":"Feed","floor":24,"key":"SMITH"},{"data":"Intimidate","floor":27,"key":"SMITH"},{"floor":32,"key":"REST"}],"circlet_count":0,"master_deck":["Strike_R","Strike_R","Strike_R","Strike_R","Strike_R","Defend_R","Defend_R","Defend_R","Defend_R","Bash","Battle Trance+1","Seeing Red+1","Pommel Strike","Disarm","Second Wind","Rampage+1","Carnage","Blood for Blood","Feed+1","Iron Wave+1","Metallicize","Rupture","Bloodletting+1","Mayhem","PanicButton","Cleave","Intimidate+1","Dark Shackles","Flame Barrier+1","Dual Wield","Armaments"],"relics":["Burning Blood","Golden Idol","Incense Burner","Ornamental Fan","Darkstone Periapt","Runic Pyramid","ClockworkSouvenir","Blood Vial","Ancient Tea Set","Paper Frog"],"acts_visited":["Exordium","TheCity"],"potions_floor_usage":[7,16,16,23,23,30,30],"damage_taken":[{"damage":4,"enemies":"Small Slimes","floor":1,"turns":5},{"damage":12,"enemies":"Jaw Worm","floor":2,"turns":5},{"damage":0,"enemies":"2 Louse","floor":3,"turns":3},{"damage":18,"enemies":"Lots of Slimes","floor":4,"turns":5},{"damage":26,"enemies":"Lagavulin","floor":7,"turns":9},{"damage":15,"enemies":"Exordium Thugs","floor":11,"turns":4},{"damage":6,"enemies":"Exordium Wildlife","floor":12,"turns":4},{"damage":1,"enemies":"2 Fungi Beasts","floor":14,"turns":3},{"damage":48,"enemies":"The Guardian","floor":16,"turns":11},{"damage":5,"enemies":"Chosen","floor":18,"turns":6},{"damage":22,"enemies":"2 Thieves","floor":19,"turns":4},{"damage":15,"enemies":"Snake Plant","floor":20,"turns":5},{"damage":32,"enemies":"3 Cultists","floor":21,"turns":7},{"damage":15,"enemies":"Book of Stabbing","floor":23,"turns":5},{"damage":9,"enemies":"Chosen and Byrds","floor":25,"turns":8},{"damage":11,"enemies":"Shelled Parasite and Fungi","floor":29,"turns":6},{"damage":31,"enemies":"Gremlin Leader","floor":30,"turns":7},{"damage":3,"enemies":"Snecko","floor":31,"turns":6},{"damage":58,"enemies":"Automaton","floor":33,"turns":10}],"seed_played":"1683781106913120060","potions_obtained":[{"floor":3,"key":"HeartOfIron"},{"floor":7,"key":"DistilledChaos"},{"floor":12,"key":"Dexterity Potion"},{"floor":18,"key":"Swift Potion"},{"floor":21,"key":"ColorlessPotion"},{"floor":23,"key":"BlessingOfTheForge"},{"floor":29,"key":"SteroidPotion"}],"is_trial":false,"path_per_floor":["M","M","M","M","?","R","E","?","T","R","M","M","R","M","R","B",null,"M","M","M","M","$","E","R","M","T","R","?","M","E","M","R","B"],"character_chosen":"IRONCLAD","items_purchased":["Mayhem","ClockworkSouvenir","PanicButton"],"campfire_rested":2,"item_purchase_floors":[22,22,22],"current_hp_per_floor":[88,82,88,76,54,54,34,27,27,27,18,18,44,49,49,7,88,91,78,72,49,49,43,43,46,46,46,34,35,12,17,50,0,0],"gold":209,"neow_bonus":"TEN_PERCENT_HP_BONUS","is_daily":false,"chose_seed":false,"campfire_upgraded":5,"win_rate":0.0,"timestamp":1608766191,"path_taken":["M","M","M","M","?","R","E","?","T","R","M","M","R","M","R","BOSS","M","M","M","M","$","E","R","M","T","R","?","M","E","?","R","BOSS"],"items_purchased_type":["Card","Relic","Card"],"build_version":"2020-12-22","purchased_purges":0,"victory":false,"max_hp_per_floor":[88,88,88,88,88,88,88,88,88,88,88,88,88,88,88,88,88,91,94,97,100,100,103,103,107,107,107,107,111,111,111,111,111,111],"card_choices":[{"not_picked":["Headbutt","True Grit"],"picked":"Battle Trance","floor":1},{"not_picked":["Flex","Pommel Strike"],"picked":"Seeing Red","floor":2},{"not_picked":["Headbutt","Anger"],"picked":"Pommel Strike","floor":3},{"not_picked":["Dark Embrace","Perfected Strike"],"picked":"Disarm","floor":4},{"not_picked":["Burning Pact","Sword Boomerang"],"picked":"Second Wind","floor":7},{"not_picked":["Warcry","Brutality"],"picked":"Rampage","floor":11},{"not_picked":["Iron Wave","Uppercut"],"picked":"Carnage","floor":12},{"not_picked":["Clash","Anger"],"picked":"Blood for Blood","floor":14},{"not_picked":["Bludgeon","Juggernaut"],"picked":"Feed","floor":16},{"not_picked":["Perfected Strike","Pommel Strike"],"picked":"Iron Wave+1","floor":18},{"not_picked":["Clash","Perfected Strike"],"picked":"Metallicize","floor":19},{"not_picked":["Twin Strike","True Grit"],"picked":"Rupture","floor":20},{"not_picked":["Heavy Blade","True Grit"],"picked":"Bloodletting+1","floor":21},{"not_picked":["Clothesline+1","Battle Trance"],"picked":"Cleave","floor":23},{"not_picked":["Pommel Strike+1","Uppercut"],"picked":"Intimidate","floor":25},{"not_picked":["Double Tap","Shockwave"],"picked":"Flame Barrier+1","floor":29},{"not_picked":["Whirlwind","Headbutt"],"picked":"Dual Wield","floor":30},{"not_picked":["Flex+1","Battle Trance"],"picked":"Armaments","floor":31}],"player_experience":13428,"relics_obtained":[{"floor":7,"key":"Incense Burner"},{"floor":9,"key":"Darkstone Periapt"},{"floor":23,"key":"Blood Vial"},{"floor":26,"key":"Ancient Tea Set"},{"floor":30,"key":"Paper Frog"}],"event_choices":[{"damage_healed":0,"gold_gain":0,"player_choice":"Take Damage","damage_taken":22,"relics_obtained":["Golden Idol"],"max_hp_gain":0,"max_hp_loss":0,"event_name":"Golden Idol","floor":5,"gold_loss":0},{"damage_healed":0,"gold_gain":0,"player_choice":"Success","damage_taken":7,"relics_obtained":["Ornamental Fan"],"max_hp_gain":0,"max_hp_loss":0,"event_name":"Scrap Ooze","floor":8,"gold_loss":0},{"damage_healed":0,"gold_gain":0,"player_choice":"CARD ","damage_taken":12,"max_hp_gain":0,"max_hp_loss":0,"event_name":"Knowing Skull","floor":28,"potions_obtained":[],"gold_loss":0,"cards_obtained":["Dark Shackles"]}],"is_beta":false,"boss_relics":[{"not_picked":["Cursed Key","SlaversCollar"],"picked":"Runic Pyramid"}],"items_purged_floors":[],"is_endless":false,"potions_floor_spawned":[3,7,12,18,21,23,29],"killed_by":"Automaton","ascension_level":1}}