{"host":"baymyijz6sxaqj5s","time":1608722100,"event":{"mods":["AchievementEnabler","BaseMod","Colored Map","Colored Powertips","DeckTracker","KOR Keyword Fix","Keyboard Shortcuts","Minty Spire (QoL Compilation)","Quick Restart","StSLib","SuperFastMode"],"gold_per_floor":[112,112,126,144,163,163,163,35,60,60,77,77,92,121,121,216,216,232,172,172,186,199,199,298,298,298,314,324,343,131,131,131],"floor_reached":31,"playtime":964,"items_purged":[],"score":229,"play_id":"1d934eec-18fc-4956-9086-f27230a7944d","local_time":"20201223201500","is_ascension_mode":false,"campfire_choices":[{"data":"Seeing Red","floor":6,"key":"SMITH"},{"data":"Heavy Blade","floor":10,"key":"SMITH"},{"data":"Impervious","floor":12,"key":"SMITH"},{"data":"Sword Boomerang","floor":15,"key":"SMITH"},{"data":"Barricade","floor":23,"key":"SMITH"},{"data":"Entrench","floor":25,"key":"SMITH"}],"circlet_count":0,"master_deck":["Strike_R+1","Strike_R+1","Strike_R+1","Defend_R+1","Defend_R+1","Defend_R+1","Defend_R+1","Bash","Heavy Blade+1","Seeing Red+1","Impervious+1","Inflame","Sword Boomerang+1","Barricade+1","Flame Barrier+1","Entrench+1","Ghostly Armor","Heavy Blade+1","Enlightenment"],"relics":["Black Blood","Bag of Marbles","Odd Mushroom","Meat on the Bone"],"acts_visited":["Exordium","TheCity"],"potions_floor_usage":[11,14,16,18,18,19,27,29,31],"damage_taken":[{"damage":1,"enemies":"Cultist","floor":1,"turns":4},{"damage":5,"enemies":"Small Slimes","floor":3,"turns":4},{"damage":1,"enemies":"Jaw Worm","floor":4,"turns":5},{"damage":11,"enemies":"Blue Slaver","floor":5,"turns":4},{"damage":0,"enemies":"Large Slime","floor":11,"turns":4},{"damage":3,"enemies":"2 Fungi Beasts","floor":13,"turns":4},{"damage":12,"enemies":"The Mushroom Lair","floor":14,"turns":4},{"damage":55,"enemies":"Hexaghost","floor":16,"turns":9},{"damage":41,"enemies":"Spheric Guardian","floor":18,"turns":12},{"damage":15,"enemies":"2 Thieves","floor":19,"turns":4},{"damage":13,"enemies":"Snake Plant","floor":21,"turns":6},{"damage":7,"enemies":"Snecko","floor":22,"turns":4},{"damage":4,"enemies":"3 Cultists","floor":27,"turns":6},{"damage":18,"enemies":"Shelled Parasite and Fungi","floor":28,"turns":10},{"damage":0,"enemies":"Snecko","floor":29,"turns":7},{"damage":88,"enemies":"3 Cultists","floor":31,"turns":9}],"seed_played":"1410497548032417947","potions_obtained":[{"floor":1,"key":"BlessingOfTheForge"},{"floor":3,"key":"Block Potion"},{"floor":13,"key":"Energy Potion"},{"floor":16,"key":"Block Potion"},{"floor":18,"key":"Dexterity Potion"},{"floor":22,"key":"AttackPotion"},{"floor":27,"key":"EssenceOfSteel"}],"is_trial":false,"path_per_floor":["M","?","M","M","M","R","?","$","T","R","M","R","M","?","R","B",null,"M","M","?","M","M","R","?","R","T","M","M","M","$","M"],"character_chosen":"IRONCLAD","items_purchased":["Inflame","BloodPotion","Enlightenment","Energy Potion","LiquidBronze"],"campfire_rested":0,"item_purchase_floors":[8,8,30,30,30],"current_hp_per_floor":[88,81,82,87,82,82,82,82,82,82,88,88,88,82,82,33,88,76,73,73,72,77,77,77,77,77,85,79,88,88,0,0],"gold":131,"neow_bonus":"TEN_PERCENT_HP_BONUS","is_daily":false,"chose_seed":false,"campfire_upgraded":6,"win_rate":0.0,"timestamp":1608722100,"path_taken":["M","?","M","M","M","R","?","$","T","R","M","R","?","?","R","BOSS","M","M","?","M","M","R","?","R","T","M","M","M","$","M"],"items_purchased_type":["Card","Potion","Card","Potion","Potion"],"build_version":"2020-12-22","purchased_purges":0,"victory":false,"max_hp_per_floor":[88,88,88,88,88,88,88,88,88,88,88,88,88,88,88,88,88,88,88,88,88,88,88,88,88,88,88,88,88,88,88,88],"card_choices":[{"not_picked":["Sentinel","Wild Strike","Battle Trance"],"picked":"SKIP","floor":1},{"not_picked":["Shrug It Off","Cleave"],"picked":"Heavy Blade","floor":3},{"not_picked":["Fire Breathing","Clash","Perfected Strike"],"picked":"SKIP","floor":4},{"not_picked":["Headbutt","Twin Strike"],"picked":"Seeing Red","floor":5},{"not_picked":["Thunderclap","Disarm"],"picked":"Sword Boomerang","floor":11},{"not_picked":["Berserk","Headbutt","True Grit"],"picked":"SKIP","floor":13},{"not_picked":["Juggernaut","Offering"],"picked":"Barricade","floor":16},{"not_picked":["Armaments","Heavy Blade"],"picked":"Flame Barrier+1","floor":18},{"not_picked":["Shockwave","Pummel","Clash"],"picked":"SKIP","floor":19},{"not_picked":["Metallicize","Sword Boomerang","Warcry+1"],"picked":"SKIP","floor":21},{"not_picked":["True Grit","Flame Barrier"],"picked":"Entrench","floor":22},{"not_picked":["Wild Strike+1","Warcry"],"picked":"Ghostly Armor","floor":27},{"not_picked":["Rampage","Burning Pact","Twin Strike"],"picked":"SKIP","floor":28},{"not_picked":["Feel No Pain","Anger"],"picked":"Heavy Blade+1","floor":29}],"player_experience":200116,"relics_obtained":[{"floor":9,"key":"Bag of Marbles"},{"floor":14,"key":"Odd Mushroom"},{"floor":26,"key":"Meat on the Bone"}],"event_choices":[{"cards_removed":["Strike_R"],"damage_healed":0,"gold_gain":0,"player_choice":"Card Removal","damage_taken":7,"max_hp_gain":0,"max_hp_loss":0,"event_name":"Golden Wing","floor":2,"gold_loss":0},{"damage_healed":0,"gold_gain":0,"cards_transformed":["Strike_R"],"player_choice":"Transformed","damage_taken":0,"max_hp_gain":0,"max_hp_loss":0,"event_name":"Transmorgrifier","floor":7,"gold_loss":0,"cards_obtained":["Impervious"]},{"damage_healed":0,"gold_gain":0,"player_choice":"Fought Mushrooms","damage_taken":0,"max_hp_gain":0,"max_hp_loss":0,"event_name":"Mushrooms","floor":14,"gold_loss":0},{"damage_healed":0,"gold_gain":0,"player_choice":"Simplicity","damage_taken":0,"max_hp_gain":0,"max_hp_loss":0,"event_name":"Back to Basics","floor":20,"gold_loss":0,"cards_upgraded":["Strike_R","Strike_R","Strike_R","Defend_R","Defend_R","Defend_R","Defend_R"]},{"damage_healed":0,"gold_gain":99,"player_choice":"Stole From Cult","damage_taken":0,"max_hp_gain":0,"max_hp_loss":0,"event_name":"Nest","floor":24,"gold_loss":0}],"is_beta":false,"boss_relics":[{"not_picked":["Astrolabe","Busted Crown"],"picked":"Black Blood"}],"items_purged_floors":[],"is_endless":false,"potions_floor_spawned":[1,3,13,16,18,22,27],"killed_by":"3 Cultists","ascension_level":0}}