{"host":"xkmvu47k9fdstweo","time":1608760848,"event":{"mods":["BaseMod","Colored Map","Conspire","Hubris","Minty Spire (QoL Compilation)","Quick Restart","Railgun Mod","Shop Mod","StSLib","The Alterego","The Servant 0.9.4","The Wild Card","TheBandit","WarShipGirlsR/??è≠èóR mod","vexMod"],"gold_per_floor":[118,118,43,43,43,84,84,96,108,120,176,212,238,291,303,441,453,460,179,199,114,213,257,257,290,315,328,71,95,138,154,154,274,274,289,289,289,212,225,225,261,261,261,297,297,321,321,359,359,359],"floor_reached":51,"playtime":1571,"items_purged":["Injury","Strike_S"],"score":1195,"play_id":"f91117f1-8927-434b-baad-bfac4f2a9ae1","local_time":"20201223170048","is_ascension_mode":true,"campfire_choices":[{"data":"theWildCard:Michael","floor":8,"key":"SMITH"},{"data":"ForgedInTime","floor":15,"key":"SMITH"},{"floor":24,"key":"REST"},{"floor":32,"key":"REST"},{"floor":40,"key":"REST"},{"floor":45,"key":"REST"},{"floor":49,"key":"RECALL"}],"circlet_count":0,"master_deck":["Strike_S+1","Strike_S+1","Strike_S+1","Defend_S+1","Defend_S+1","Defend_S+1","KidneyShot+1","Exchange+1","Foresight+1","theWildCard:Michael+1","Hightail+1","ForgedInTime+1","Potential+1","Sunlight+1","ShatteredReality+1","FloweringNight+1","DualDimension+1","Initiator+1","DualDimension+1","BottledTime+1","Misdirection+1","DoubleEdge+1","Rearm+1","Solidify+1","KillingDoll+1","MoonPhase+1","SurpressingFire+1","Contraction+1","Writhe","Moonlight+1","RealityMarble+1"],"relics":["SplendidAttire","NeowsBlessing","Golden Idol","vexMod:Dragonfruit","MawBank","hubris:GlazedTorus","conspire:Boomerang","Pen Nib","vexMod:MysteryBossChallenge","Fusion Hammer","Chemical X","Matryoshka","hubris:TenFootPole","Mercury Hourglass","vexMod:ScavengeHelm","Strawberry","War Paint","Tiny Chest","hubris:Towel","Ginger","Ancient Tea Set","Meat on the Bone","Kunai","Orichalcum","Mark of the Bloom","Omamori"],"acts_visited":["Exordium","TheCity","TheBeyond"],"potions_floor_usage":[16,25,44,50,50],"damage_taken":[{"damage":0,"enemies":"Jaw Worm","floor":1,"turns":1},{"damage":0,"enemies":"3 Sentries","floor":6,"turns":2},{"damage":0,"enemies":"Gremlin Nob","floor":11,"turns":1},{"damage":0,"enemies":"Small Slimes","floor":12,"turns":4},{"damage":0,"enemies":"Cultist","floor":13,"turns":5},{"damage":0,"enemies":"Lagavulin","floor":14,"turns":6},{"damage":2,"enemies":"Hexaghost","floor":16,"turns":8},{"damage":0,"enemies":"2 Thieves","floor":18,"turns":4},{"damage":3,"enemies":"Chosen","floor":20,"turns":4},{"damage":37,"enemies":"Book of Stabbing","floor":23,"turns":7},{"damage":31,"enemies":"conspire:SneckoGhost","floor":25,"turns":6},{"damage":0,"enemies":"Snake Plant","floor":27,"turns":5},{"damage":0,"enemies":"conspire:HollyBat","floor":29,"turns":7},{"damage":0,"enemies":"Gremlin Leader","floor":30,"turns":4},{"damage":4,"enemies":"Cultist and Chosen","floor":31,"turns":5},{"damage":0,"enemies":"Champ","floor":33,"turns":12},{"damage":12,"enemies":"3 Darklings","floor":35,"turns":3},{"damage":9,"enemies":"3 Shapes","floor":39,"turns":2},{"damage":14,"enemies":"Nemesis","floor":41,"turns":5},{"damage":16,"enemies":"Reptomancer","floor":44,"turns":6},{"damage":0,"enemies":"Giant Head","floor":48,"turns":6},{"damage":47,"enemies":"Time Eater","floor":50,"turns":6}],"seed_played":"3176057043500165672","potions_obtained":[{"floor":1,"key":"Ancient Potion"},{"floor":6,"key":"SpeedPotion"},{"floor":12,"key":"Weak Potion"},{"floor":16,"key":"Weak Potion"},{"floor":23,"key":"PowerPotion"},{"floor":25,"key":"Block Potion"},{"floor":31,"key":"Regen Potion"},{"floor":48,"key":"AttackPotion"}],"is_trial":false,"path_per_floor":["M","?","$","?","$","E","?","R","T","?","E","M","M","E","R","B",null,"M","$","M","?","?","E","R","E","T","M","$","M","E","M","R","B",null,"M","?","?","$","M","R","E","?","T","E","R","T","?","E","R","B",null],"character_chosen":"THE_SERVANT","items_purchased":["Chemical X","Initiator","War Paint","SurpressingFire"],"campfire_rested":4,"item_purchase_floors":[19,19,28,38],"current_hp_per_floor":[65,65,65,65,65,70,70,70,70,70,70,70,70,70,70,68,70,70,70,67,67,67,30,51,20,27,27,27,27,27,23,46,46,77,65,65,65,65,56,77,63,77,77,61,77,77,77,77,77,30],"gold":359,"neow_bonus":"THREE_ENEMY_KILL","is_daily":false,"chose_seed":false,"campfire_upgraded":2,"win_rate":0.0,"timestamp":1608760848,"path_taken":["M","?","$","?","$","E","?","R","T","?","E","M","?","E","R","BOSS","M","$","M","?","?","E","R","E","T","?","$","?","E","M","R","BOSS","M","?","?","$","M","R","E","?","T","E","R","?","?","E","R","BOSS"],"items_purchased_type":["Relic","Card","Relic","Card"],"build_version":"2020-12-22","purchased_purges":2,"victory":true,"max_hp_per_floor":[65,65,65,65,65,70,70,70,70,70,70,70,70,70,70,70,70,70,70,70,70,70,70,70,70,77,77,77,77,77,77,77,77,77,77,77,77,77,77,77,77,77,77,77,77,77,77,77,77,77],"card_choices":[{"not_picked":["Desolation","Revamp"],"picked":"Foresight","floor":1},{"not_picked":["Misdirection","BottledTime"],"picked":"Hightail","floor":6},{"not_picked":["Potential","Advance"],"picked":"ForgedInTime","floor":11},{"not_picked":["ShatteredReality","Gouge"],"picked":"Potential","floor":12},{"not_picked":["Rearm","Contraction"],"picked":"Sunlight","floor":13},{"not_picked":["TimeWarp","Alleviate"],"picked":"ShatteredReality","floor":14},{"not_picked":["Duplication","ForgedInTime"],"picked":"FloweringNight","floor":16},{"not_picked":["Replace","StarChef"],"picked":"DualDimension","floor":18},{"not_picked":["Potential","Deadline"],"picked":"DualDimension+1","floor":20},{"not_picked":["TimeWarp","DoubleEdge"],"picked":"BottledTime","floor":23},{"not_picked":["Advance","Replace"],"picked":"Misdirection","floor":25},{"not_picked":["Unruled+1","Defy","FanOfKnives"],"picked":"SKIP","floor":27},{"not_picked":["Starlight","Read"],"picked":"DoubleEdge","floor":29},{"not_picked":["Alleviate","Replace+1"],"picked":"Rearm","floor":30},{"not_picked":["Sabotage","DoubleEdge+1"],"picked":"Solidify","floor":31},{"not_picked":["TrueSight","PendulumOfEternity"],"picked":"KillingDoll","floor":33},{"not_picked":["Deadline+1","Advance+1"],"picked":"MoonPhase","floor":35},{"not_picked":["Advance","Spin","FanOfKnives"],"picked":"SKIP","floor":39},{"not_picked":["ShatteredReality","Reset+1"],"picked":"Contraction+1","floor":41},{"not_picked":["Revamp","Ricochet"],"picked":"Moonlight","floor":44},{"not_picked":["Starlight+1","Comet+1"],"picked":"RealityMarble+1","floor":48}],"player_experience":328522,"relics_obtained":[{"floor":6,"key":"vexMod:Dragonfruit"},{"floor":9,"key":"hubris:GlazedTorus"},{"floor":11,"key":"conspire:Boomerang"},{"floor":14,"key":"Pen Nib"},{"floor":23,"key":"hubris:TenFootPole"},{"floor":25,"key":"Mercury Hourglass"},{"floor":26,"key":"vexMod:ScavengeHelm"},{"floor":26,"key":"Strawberry"},{"floor":30,"key":"Tiny Chest"},{"floor":41,"key":"Ginger"},{"floor":43,"key":"Ancient Tea Set"},{"floor":43,"key":"Meat on the Bone"},{"floor":44,"key":"Kunai"},{"floor":46,"key":"Orichalcum"},{"floor":48,"key":"Omamori"}],"event_choices":[{"damage_healed":0,"gold_gain":0,"player_choice":"Take Wound","damage_taken":0,"relics_obtained":["Golden Idol"],"max_hp_gain":0,"max_hp_loss":0,"event_name":"Golden Idol","floor":2,"gold_loss":0,"cards_obtained":["Injury"]},{"damage_healed":0,"gold_gain":0,"player_choice":"Box","damage_taken":0,"relics_obtained":["MawBank"],"max_hp_gain":0,"max_hp_loss":0,"event_name":"Big Fish","floor":7,"gold_loss":0,"cards_obtained":["Regret"]},{"cards_removed":["Regret"],"damage_healed":0,"gold_gain":0,"player_choice":"Purged","damage_taken":0,"max_hp_gain":0,"max_hp_loss":0,"event_name":"Purifier","floor":10,"gold_loss":0},{"damage_healed":0,"gold_gain":0,"player_choice":"Obtained Relic","damage_taken":0,"relics_obtained":["Matryoshka"],"max_hp_gain":0,"max_hp_loss":0,"event_name":"Addict","floor":21,"gold_loss":85},{"damage_healed":0,"gold_gain":99,"player_choice":"Stole From Cult","damage_taken":0,"max_hp_gain":0,"max_hp_loss":0,"event_name":"Nest","floor":22,"gold_loss":0},{"cards_removed":["Defend_S"],"damage_healed":0,"gold_gain":0,"player_choice":"Removed Skill","damage_taken":0,"max_hp_gain":0,"max_hp_loss":0,"event_name":"Falling","floor":37,"gold_loss":0},{"damage_healed":19,"gold_gain":0,"player_choice":"Writhe","damage_taken":0,"max_hp_gain":0,"max_hp_loss":0,"event_name":"Winding Halls","floor":42,"gold_loss":0,"cards_obtained":["Writhe"]},{"damage_healed":0,"gold_gain":0,"player_choice":"Upgrade","damage_taken":0,"relics_obtained":["Mark of the Bloom"],"max_hp_gain":0,"max_hp_loss":0,"event_name":"MindBloom","floor":47,"gold_loss":0,"cards_upgraded":["Strike_S","Strike_S","Strike_S","Defend_S","Defend_S","KidneyShot","Exchange","Foresight","Potential","Sunlight","ShatteredReality","FloweringNight","DualDimension","Initiator","BottledTime","Misdirection","DoubleEdge","Rearm","Solidify","KillingDoll","MoonPhase","SurpressingFire","Moonlight"]}],"is_beta":false,"boss_relics":[{"not_picked":["vexMod:NewClearReactor","vexMod:MegatonBomb"],"picked":"vexMod:MysteryBossChallenge"},{"not_picked":["hubris:TerracottaHorce","Empty Cage"],"picked":"SplendidAttire"}],"items_purged_floors":[3,28],"is_endless":false,"potions_floor_spawned":[1,6,12,16,23,25,29,30,31,35,48],"ascension_level":3}}