{"host":"a271difpu8igxb07","time":1608734863,"event":{"mods":["2.2 Compatiblity","AchievementEnabler","Act Like it!","Ascension Reborn","Aspiration","BaseMod","Better Note","BetterRewards","Challenge The Spire","Colored Map","Colored Powertips","Conspire","Custom Start","Downfall","Energized Spire","Halation","Hermit","Hubris","Infinite Spire","Minty Spire (QoL Compilation)","Quick Restart","READ ME - Guardian Mod","Replay The Spire","Retaliation","StSLib","The Construct","The Factory","The Jungle","vexMod"],"gold_per_floor":[116,128,158,180,33,33,33,56,56,90,90,90,118,149,149,274,334,347,347,347,347,372,372,409,409,409,432,452,452,452,486,486,610,610,627,627,639,605,623,653,653,653,653,653,665,685,705,719,719,719,719,719,5195,5227,5227],"floor_reached":56,"playtime":4445,"items_purged":[],"score":1602,"play_id":"4dc43a69-fb91-428e-afaf-25c84dea6bb8","local_time":"20201223214743","is_ascension_mode":true,"campfire_choices":[{"data":"Bouncing Flask","floor":6.0,"key":"SMITH"},{"data":"Draining Mist","floor":11.0,"key":"SMITH"},{"data":"Poison Darts","floor":15.0,"key":"SMITH"},{"floor":23.0,"key":"REST"},{"data":"Corpse Explosion","floor":25.0,"key":"SMITH"},{"floor":29.0,"key":"RECALL"},{"floor":32.0,"key":"REST"},{"data":"Night Terror","floor":41.0,"key":"SMITH"},{"data":"Noxious Fumes","floor":44.0,"key":"SMITH"},{"data":"Blade Dance","floor":52,"key":"SMITH"}],"circlet_count":0,"master_deck":["Strike_G+1","Strike_G+1","Strike_G+1","Strike_G+1","Strike_G+1","Defend_G+1","Defend_G+1","Defend_G+1","Defend_G+1","Defend_G+1","Survivor+1","Neutralize+1","Poisoned Stab+1","Poisoned Stab","Bouncing Flask+1","Cloak And Dagger+1","ReplayTheSpireMod:Faulty Equipment+1","Backflip","Backflip","Draining Mist+1","Hidden Blade+1","Poison Darts+1","hubris:Counter+1","Corpse Explosion+1","Dagger Throw+1","Predator+1","Amplify","hubris:Fate+1","Cloak And Dagger+1","Well Laid Plans+1","Poison Darts","Caltrops","Noxious Fumes+1","Night Terror+1","Choke","Sucker Punch+1","All Out Attack","PiercingWail+1","Blade Dance+1","Replay:Poison Smokescreen+1","Sucker Punch","aspiration:Lunge","Hidden Blade+1","ReplayTheSpireMod:IOU","ReplayTheSpireMod:IOU","ReplayTheSpireMod:IOU","ReplayTheSpireMod:IOU","ReplayTheSpireMod:IOU","ReplayTheSpireMod:IOU","ReplayTheSpireMod:IOU","ReplayTheSpireMod:IOU","ReplayTheSpireMod:IOU","ReplayTheSpireMod:IOU","ReplayTheSpireMod:IOU","ReplayTheSpireMod:IOU","ReplayTheSpireMod:IOU","ReplayTheSpireMod:IOU","ReplayTheSpireMod:IOU","ReplayTheSpireMod:IOU","ReplayTheSpireMod:IOU","ReplayTheSpireMod:IOU","ReplayTheSpireMod:IOU","ReplayTheSpireMod:IOU","ReplayTheSpireMod:IOU","ReplayTheSpireMod:IOU","ReplayTheSpireMod:IOU","ReplayTheSpireMod:IOU","ReplayTheSpireMod:IOU","ReplayTheSpireMod:IOU","ReplayTheSpireMod:IOU","ReplayTheSpireMod:IOU","ReplayTheSpireMod:IOU","ReplayTheSpireMod:IOU","ReplayTheSpireMod:IOU","ReplayTheSpireMod:IOU","ReplayTheSpireMod:IOU","ReplayTheSpireMod:IOU","ReplayTheSpireMod:IOU","ReplayTheSpireMod:IOU","ReplayTheSpireMod:IOU","ReplayTheSpireMod:IOU","ReplayTheSpireMod:IOU","ReplayTheSpireMod:IOU","ReplayTheSpireMod:IOU","ReplayTheSpireMod:IOU","ReplayTheSpireMod:IOU","ReplayTheSpireMod:IOU","ReplayTheSpireMod:IOU","ReplayTheSpireMod:IOU","ReplayTheSpireMod:IOU","Dagger Spray","Flying Knee","Flying Knee","Acrobatics","hubris:Sniper","ReplayTheSpireMod:Scrap Shanks","expansioncontent:DashGenerateEvil","ReplayTheSpireMod:Uncanny Aura","All Out Attack+1"],"relics":["Ring of the Snake","aspiration:Nostalgia","hexamod:SpiritBrand","Pet Ghost","halation:AfternoonTea","ReplayTheSpireMod:Ring of Exchange","Ring of Hypnosis","Vampiric Spirits","Anchor","Bottled Flame","Unceasing Top","aspiration:VileToxins","infinitespire:Golems Mask","Tiny House","Darkstone Periapt","conspire:Dentures","hubris:Potato","Byrd Skull","conspire:DeflatedDodgeball","Orichalcum","aspiration:RitualStick","Boot","halation:OrihimeAndHikoboshiSamaAndTears","vexMod:MysteryBossChallenge","energizedSpire:MagnifyingGlass","halation:PinkSoulGem","Mercury Hourglass","Bottled Tornado","halation:PromiseList","vexMod:Dragonfruit","ReplayTheSpireMod:Ninjato","Replay:Wax Seal","halation:Trompette","vexMod:TimeEaterHat","Replay:Bottled Snecko"],"acts_visited":["Exordium","TheCity","TheBeyond","TheEnding"],"potions_floor_usage":[50,50,50,55],"damage_taken":[{"damage":0.0,"enemies":"Cultist","floor":1.0,"turns":3.0},{"damage":0.0,"enemies":"2 Louse","floor":2.0,"turns":2.0},{"damage":0.0,"enemies":"conspire:MimicChest","floor":3.0,"turns":2.0},{"damage":0.0,"enemies":"conspire:RoseBush","floor":4.0,"turns":2.0},{"damage":0.0,"enemies":"Blue Slaver","floor":8.0,"turns":3.0},{"damage":7.0,"enemies":"3 Sentries","floor":10.0,"turns":6.0},{"damage":6.0,"enemies":"Exordium Thugs","floor":13.0,"turns":4.0},{"damage":5.0,"enemies":"Lagavulin","floor":14.0,"turns":4.0},{"damage":25.0,"enemies":"Slime Boss","floor":16.0,"turns":9.0},{"damage":0.0,"enemies":"Spheric Guardian","floor":18.0,"turns":2.0},{"damage":9.0,"enemies":"2 Thieves","floor":22.0,"turns":3.0},{"damage":22.0,"enemies":"Gremlin Leader","floor":24.0,"turns":3.0},{"damage":24.0,"enemies":"Shelled Parasite and Fungi","floor":27.0,"turns":5.0},{"damage":1.0,"enemies":"conspire:HollyBat","floor":28.0,"turns":5.0},{"damage":0.0,"enemies":"conspire:Head Lice","floor":31.0,"turns":5.0},{"damage":10.0,"enemies":"hubris:MusketHawk","floor":33.0,"turns":6.0},{"damage":8.0,"enemies":"3 Shapes","floor":35.0,"turns":2.0},{"damage":0.0,"enemies":"Orb Walker","floor":37.0,"turns":3.0},{"damage":0.0,"enemies":"Maw","floor":39.0,"turns":6.0},{"damage":12.0,"enemies":"R_Hoarder","floor":40.0,"turns":7.0},{"damage":27.0,"enemies":"Spire Growth","floor":45.0,"turns":5.0},{"damage":0.0,"enemies":"4 Shapes","floor":46.0,"turns":3.0},{"damage":2,"enemies":"Transient","floor":47,"turns":6},{"damage":10,"enemies":"3 Darklings","floor":48,"turns":6},{"damage":36,"enemies":"Awakened One","floor":50,"turns":10},{"damage":70,"enemies":"Shield and Spear","floor":54,"turns":6},{"damage":91,"enemies":"The Heart","floor":55,"turns":11}],"seed_played":"-1657087683571481484","potions_obtained":[{"floor":1.0,"key":"Poison Potion"},{"floor":3.0,"key":"Cursed Concoction"},{"floor":10.0,"key":"FearPotion"},{"floor":14.0,"key":"conspire:TimeTravelPotion"},{"floor":18.0,"key":"SkillPotion"},{"floor":33.0,"key":"Languid Potion"},{"floor":39.0,"key":"Dexterity Potion"},{"floor":47,"key":"Energy Potion"}],"is_trial":false,"path_per_floor":["M","M","?","M","$","R","?","M","T","E","R","T","M","E","R","B",null,"M","?","?","T","M","R","E","R","T","M","M","R","?","E","R","B",null,"M","?","M","$","M","E","R","?","T","R","M","M","M","M","R_BF","B",null,"R","$","E","B",null],"character_chosen":"THE_SILENT","items_purchased":["halation:AfternoonTea","All Out Attack","Replay:Wax Seal","Dagger Spray","Flying Knee","Acrobatics","hubris:Sniper","ReplayTheSpireMod:Scrap Shanks","expansioncontent:DashGenerateEvil","ReplayTheSpireMod:Uncanny Aura","DuplicationPotion","Block Potion","Dexterity Potion","halation:Trompette","vexMod:TimeEaterHat"],"campfire_rested":2,"item_purchase_floors":[5,38,53,53,53,53,53,53,53,53,53,53,53,53,53],"current_hp_per_floor":[63,63,63,63,63,63,63,63,63,62,62,62,60,55,55,31,65,65,65,47,47,44,66,56,56,56,52,51,51,36,43,65,74,75,67,67,71,71,75,63,63,63,68,68,49,51,53,62,62,51,73,73,355,289,214],"gold":5227,"neow_bonus":"NOSTALGIA","is_daily":false,"chose_seed":false,"campfire_upgraded":7,"win_rate":0.0,"timestamp":1608734863,"path_taken":["M","M","?","M","$","R","?","M","T","E","R","?","M","E","R","BOSS","M","?","?","?","M","R","E","R","T","M","M","R","?","E","R","BOSS","M","?","M","$","M","E","R","?","T","R","?","M","M","M","R_BF","BOSS","R","$","E","BOSS"],"items_purchased_type":["Relic","Card","Relic","Card","Card","Card","Card","Card","Card","Card","Potion","Potion","Potion","Relic","Relic"],"build_version":"2020-12-22","purchased_purges":0,"victory":true,"max_hp_per_floor":[70,70,70,70,70,70,70,70,70,70,70,70,70,70,70,70,75,75,75,75,75,75,75,75,75,75,75,75,75,75,75,75,75,75,75,75,75,75,75,75,75,75,80,80,80,80,80,80,80,80,80,80,362,362,362],"card_choices":[{"not_picked":["ReplayTheSpireMod:Speed Training","Blade Dance"],"picked":"Poisoned Stab+1","floor":1.0},{"not_picked":["Dagger Throw","Dagger Spray"],"picked":"Poisoned Stab","floor":2.0},{"not_picked":["Dodge and Roll","Underhanded Strike"],"picked":"Bouncing Flask","floor":3.0},{"not_picked":["Storm of Steel","Prepared"],"picked":"Cloak And Dagger+1","floor":4.0},{"not_picked":["hubris:SlightOfHand","Unload"],"picked":"Backflip","floor":8.0},{"not_picked":["conspire:DoublingDagger","Blur"],"picked":"Backflip","floor":10.0},{"not_picked":["hubris:SlightOfHand","Slice"],"picked":"Draining Mist","floor":10.0},{"not_picked":["Sneak Up","Backflip"],"picked":"Hidden Blade+1","floor":13.0},{"not_picked":["Sneak Up","Tactician+1"],"picked":"Poison Darts","floor":14.0},{"not_picked":["Phantasmal Killer","Backflip+1"],"picked":"hubris:Counter+1","floor":14.0},{"not_picked":["Poison Darts","Envenom"],"picked":"Corpse Explosion","floor":16.0},{"not_picked":["Leg Sweep","Slice"],"picked":"Dagger Throw+1","floor":17.0},{"not_picked":["Prepared","hubris:SlightOfHand+1"],"picked":"Predator+1","floor":18.0},{"not_picked":["hubris:Rewind","infinitespire:Menacing"],"picked":"hubris:Fate","floor":20.0},{"not_picked":["ReplayTheSpireMod:The Works+1","Slice+1"],"picked":"Cloak And Dagger+1","floor":22.0},{"not_picked":["ReplayTheSpireMod:Exploit Weakness+1","Hidden Blade"],"picked":"Well Laid Plans+1","floor":24.0},{"not_picked":["Escape Plan","Blade Dance+1"],"picked":"Poison Darts","floor":27.0},{"not_picked":["Tactician+1","Quick Slash"],"picked":"Caltrops","floor":28.0},{"not_picked":["Dagger Throw","Endless Agony"],"picked":"Noxious Fumes","floor":31.0},{"not_picked":["ReplayTheSpireMod:Necrosis","Replay:Bag of Tricks"],"picked":"Night Terror","floor":33.0},{"not_picked":["Dagger Throw","Prepared+1"],"picked":"Choke","floor":35.0},{"not_picked":["Dodge and Roll","Dagger Throw+1"],"picked":"Sucker Punch+1","floor":37.0},{"not_picked":["Backstab","Reflex+1"],"picked":"PiercingWail+1","floor":39.0},{"not_picked":["Riddle With Holes+1","Underhanded Strike+1"],"picked":"Blade Dance","floor":40.0},{"not_picked":["Flechettes+1","Slice+1"],"picked":"Replay:Poison Smokescreen+1","floor":45.0},{"not_picked":["Slice+1","hubris:SlightOfHand+1"],"picked":"Sucker Punch","floor":46.0},{"not_picked":["Masterful Stab+1","Hidden Blade+1"],"picked":"aspiration:Lunge","floor":47},{"not_picked":["Slice+1","Draining Mist+1"],"picked":"Hidden Blade+1","floor":48},{"not_picked":["Prepared+1","Fluid Movement+1"],"picked":"All Out Attack+1","floor":54}],"player_experience":86805,"relics_obtained":[{"floor":3.0,"key":"Pet Ghost"},{"floor":7.0,"key":"ReplayTheSpireMod:Ring of Exchange"},{"floor":7.0,"key":"Ring of Hypnosis"},{"floor":9.0,"key":"Vampiric Spirits"},{"floor":9.0,"key":"Anchor"},{"floor":10.0,"key":"Bottled Flame"},{"floor":12.0,"key":"Unceasing Top"},{"floor":14.0,"key":"aspiration:VileToxins"},{"floor":16.0,"key":"infinitespire:Golems Mask"},{"floor":21.0,"key":"Darkstone Periapt"},{"floor":21.0,"key":"conspire:Dentures"},{"floor":22.0,"key":"hubris:Potato"},{"floor":24.0,"key":"Byrd Skull"},{"floor":26.0,"key":"conspire:DeflatedDodgeball"},{"floor":26.0,"key":"Orichalcum"},{"floor":31.0,"key":"Boot"},{"floor":33.0,"key":"halation:OrihimeAndHikoboshiSamaAndTears"},{"floor":39.0,"key":"Mercury Hourglass"},{"floor":40.0,"key":"Bottled Tornado"},{"floor":42.0,"key":"halation:PromiseList"},{"floor":43.0,"key":"vexMod:Dragonfruit"},{"floor":43.0,"key":"ReplayTheSpireMod:Ninjato"},{"floor":54,"key":"Replay:Bottled Snecko"}],"event_choices":[{"cards_removed":["Poison Darts"],"damage_healed":0.0,"max_hp_gain":0.0,"max_hp_loss":0.0,"gold_gain":0.0,"event_name":"betterNote:BetterNote","player_choice":"Take \u0026 Give","floor":19.0,"gold_loss":0.0,"damage_taken":0.0,"cards_obtained":["Amplify"]},{"damage_healed":0.0,"max_hp_gain":0.0,"max_hp_loss":0.0,"gold_gain":0.0,"event_name":"Wheel of Change","player_choice":"Relic","floor":42.0,"gold_loss":0.0,"damage_taken":0.0}],"is_beta":false,"boss_relics":[{"not_picked":["ReplayTheSpireMod:SealedPack","Orrery"],"picked":"Tiny House"},{"not_picked":["Guide Book","halation:PinkAlligatorPlush"],"picked":"vexMod:MysteryBossChallenge"}],"items_purged_floors":[],"is_endless":false,"potions_floor_spawned":[1,3,10,14,18,24,33,39,47,48,54],"ascension_level":0}}