{"host":"eeeqmyc7a1933jos","time":1608736106,"event":{"mods":["2.2 Compatiblity","Act Like it!","BaseMod","CapriCore","Colored Powertips","Downfall","Elementarium","Friendly Minions","Gensokyo","GifTheSpireLib","Gremlin Mod","Hallownest","Hermit","Hubris","Infinite Spire","Jorbs\u0027s Wanderer Trilogy","Marisa????????","Mimic Mod","Minty Spire (QoL Compilation)","Pale of the Ancients","Random Character Button","Random Character Mod","Reimu??????","Relic Sorter","Relic Stats","Replay The Spire","SIMod","Shade Mod","StSLib","The Administrix","The Bug Knight","The Hierophant","The Immortal","The Mystic","The Runesmith","The Senshi","The Vixen","TheBandit","TheFirefly","TheVacant","Wandering Minibosses"],"gold_per_floor":[199,210,210,228,245,262,288,316,316,316,326,358,374,394,407,509,509,509,527,537,556,570,581,581,610,640,674,674,691,616,526,540,635,635,560,571,571,489,506,506,586,611,536,536,696,722,740,740,753,753,753,753],"floor_reached":50,"playtime":5943,"items_purged":["champ:Defend","champ:Defend"],"score":892,"play_id":"00d7f175-a24b-4572-afef-146305bfa2ae","local_time":"20201223160826","is_ascension_mode":true,"campfire_choices":[{"data":"champ:VampiricStrike","floor":10,"key":"SMITH"},{"data":"champ:Defend","floor":18,"key":"PURGE"},{"floor":30,"key":"RECALL"},{"data":"champ:VampiricStrike","floor":35,"key":"SMITH"},{"data":"infinitespire:TheBestDefense","floor":40,"key":"SMITH"},{"data":"champ:PerfectedStrike","floor":43,"key":"SMITH"}],"circlet_count":0,"master_deck":["champ:Strike+1","champ:Strike","champ:Strike","champ:Strike","champ:Defend","champ:Execute","champ:Taunt","champ:BringItOn","champ:Control","champ:HeartStrike","champ:Encircle","champ:VampiricStrike+1","champ:EnragedBash","champ:VampiricStrike","champ:Haymaker","champ:VampiricStrike+1","champ:PerfectedStrike+1","champ:Control+1","champ:SwordThrow","champ:Backstep+1","champ:Aggression","champ:LastStand","hubris:DuctTapeCard","champ:AdrenalArmor","champ:ArenaPreparation+1","champ:Encircle","champ:Backstep","champ:VampiricStrike+1","champ:ArenaPreparation","infinitespire:TheBestDefense+1","champ:GutPunch","champ:GutPunch","Secret Weapon","champ:BladeFlurry","champ:PerfectedStrike+1","champ:AdrenalArmor+1","champ:FocusedBerserking+1"],"relics":["Replay:Wanted Poster","hubris:Towel","Hallownest:DreamNailRelic","HollowMod:PaleOreRelic","ReplayTheSpireMod:Lightbulb","Vajra","Coffee Dripper","Whetstone","Shuriken","Red Mask","hubris:DuctTape","champ:FightingForDummies","downfall:HeartBlessingGreen","wanderingMiniBosses:Inkheart","Philosopher\u0027s Stone","downfall:HeartBlessingRed","Mastiff:ReiMu","downfall:HeartBlessingBlue","Hallownest:GodTamersBeastRelic","Potion Belt","paleoftheancients:Timepiece","paleoftheancients:KeyRelic","Gremlin Horn","Spirit Poop"],"acts_visited":["Exordium","TheCity","TheCity","Hallownest:KingdomsEdge"],"potions_floor_usage":[22,25,25,26,27,50,50,50],"damage_taken":[{"damage":16,"enemies":"Hallownest:monsterHuskGuard","floor":2,"turns":4},{"damage":10,"enemies":"Hallownest:2_MossCreeps","floor":4,"turns":5},{"damage":9,"enemies":"Hallownest:monsterHuskWarrior","floor":5,"turns":4},{"damage":19,"enemies":"Hallownest:monsterFoolEater","floor":6,"turns":6},{"damage":20,"enemies":"Hallownest:eliteVengeflyKing","floor":8,"turns":7},{"damage":32,"enemies":"Hallownest:Guard_and_Warrior","floor":11,"turns":4},{"damage":23,"enemies":"Hallownest:eliteMossKnight","floor":12,"turns":4},{"damage":40,"enemies":"Hallownest:1_Ooma_and_2_Uuma","floor":13,"turns":5},{"damage":14,"enemies":"Hallownest:monsterFoolEater","floor":14,"turns":3},{"damage":32,"enemies":"Hallownest:Guard_and_Warrior","floor":15,"turns":4},{"damage":42,"enemies":"downfall:Watcher","floor":16,"turns":9},{"damage":24,"enemies":"Chosen","floor":19,"turns":3},{"damage":11,"enemies":"Centurion and Healer","floor":20,"turns":5},{"damage":6,"enemies":"Chosen and Byrds","floor":21,"turns":4},{"damage":90,"enemies":"Sentry and Sphere","floor":22,"turns":6},{"damage":48,"enemies":"Shelled Parasite and Fungi","floor":23,"turns":4},{"damage":58,"enemies":"Slavers","floor":25,"turns":3},{"damage":39,"enemies":"Masked Bandits","floor":26,"turns":4},{"damage":31,"enemies":"Book of Stabbing","floor":27,"turns":3},{"damage":20,"enemies":"Chosen and Byrds","floor":29,"turns":4},{"damage":54,"enemies":"downfall:FleeingMerchant","floor":31,"turns":4},{"damage":56,"enemies":"3 Cultists","floor":32,"turns":6},{"damage":36,"enemies":"downfall:Defect","floor":33,"turns":4},{"damage":51,"enemies":"Hallownest:3_Siblings","floor":36,"turns":4},{"damage":36,"enemies":"downfall:FleeingMerchant","floor":38,"turns":3},{"damage":60,"enemies":"Hallownest:2_Littles","floor":39,"turns":3},{"damage":67,"enemies":"Hallownest:StalkingDevout","floor":42,"turns":3},{"damage":34,"enemies":"Hallownest:StalkingDevout","floor":45,"turns":3},{"damage":40,"enemies":"Hallownest:StalkingDevout","floor":45,"turns":3},{"damage":101,"enemies":"Hallownest:StalkingDevout","floor":45,"turns":4},{"damage":13,"enemies":"Hallownest:StalkingDevout","floor":45,"turns":2},{"damage":58,"enemies":"Hallownest:eliteHiveKnight","floor":46,"turns":3},{"damage":28,"enemies":"Hallownest:2_Soldiers_and_1_Guardian","floor":47,"turns":2},{"damage":42,"enemies":"Hallownest:monsterPrimalAspid","floor":49,"turns":2},{"damage":66,"enemies":"downfall:Silent","floor":50,"turns":3}],"seed_played":"-649202799103997076","potions_obtained":[{"floor":4,"key":"DuplicationPotion"},{"floor":5,"key":"champ:OpenerPotion"},{"floor":12,"key":"SpeedPotion"},{"floor":13,"key":"GamblersBrew"},{"floor":21,"key":"SkillPotion"},{"floor":22,"key":"FearPotion"},{"floor":26,"key":"PowerPotion"},{"floor":27,"key":"AttackPotion"},{"floor":33,"key":"Guardian:BlockOnCardUsePotion"},{"floor":42,"key":"Dexterity Potion"},{"floor":46,"key":"Energy Potion"},{"floor":47,"key":"SteroidPotion"},{"floor":49,"key":"FairyPotion"}],"is_trial":false,"path_per_floor":["R","M","?","M","M","M","T","E","?","R","M","E","M","M","M","B",null,"R","M","M","M","M","M","T","E","?","E","?","M","R","$","M","B",null,"R","M","?","$","M","R","T","E","R","?","?","E","M","?","M","B"],"character_chosen":"THE_CHAMP","items_purchased":["champ:GutPunch","Secret Weapon","champ:BladeFlurry"],"campfire_rested":0,"item_purchase_floors":[38,38,38],"current_hp_per_floor":[90,79,79,79,79,76,76,73,38,38,44,63,81,90,90,75,90,90,90,90,90,33,43,43,31,47,47,47,79,79,90,90,84,90,90,90,67,85,90,90,90,90,100,100,100,100,100,25,43,100,100,100],"gold":753,"neow_bonus":"BOSS_RELIC","is_daily":false,"chose_seed":false,"campfire_upgraded":4,"win_rate":0.0,"timestamp":1608736106,"path_taken":["R","M","?","?","M","M","T","E","?","R","M","E","M","?","M","BOSS","R","M","M","M","M","M","T","E","?","E","?","M","R","$","M","BOSS","R","M","?","$","M","R","T","E","R","?","?","E","M","?","M","BOSS"],"items_purchased_type":["Card","Card","Card"],"build_version":"2020-12-22","purchased_purges":2,"victory":false,"max_hp_per_floor":[90,90,90,90,90,90,90,90,90,90,90,90,90,90,90,90,90,90,90,90,90,90,90,90,90,90,90,90,90,90,90,90,90,90,90,90,90,90,90,90,90,90,100,100,100,100,100,100,100,100,100,100],"relic_stats":{"Gremlin Horn":[0,0],"counters":[35,140],"Shuriken":[41],"Whetstone":["champ:Strike","champ:VampiricStrike"],"obtain_stats":[{"Gremlin Horn":50,"Vajra":12,"Spirit Poop":50,"champ:ChampionCrown":0,"downfall:HeartBlessingGreen":30,"Hallownest:DreamNailRelic":3,"Whetstone":24,"Hallownest:GodTamersBeastRelic":45,"Replay:Wanted Poster":0,"Mastiff:ReiMu":42,"downfall:HeartBlessingBlue":43,"Philosopher\u0027s Stone":34,"Red Mask":26,"HollowMod:PaleOreRelic":7,"champ:FightingForDummies":28,"Potion Belt":46,"paleoftheancients:KeyRelic":50,"hubris:DuctTape":27,"downfall:HeartBlessingRed":35,"hubris:Towel":1,"paleoftheancients:Timepiece":50,"Shuriken":25,"Coffee Dripper":17,"ReplayTheSpireMod:Lightbulb":8,"wanderingMiniBosses:Inkheart":32},{"Gremlin Horn":35,"Vajra":7,"Spirit Poop":35,"champ:ChampionCrown":0,"downfall:HeartBlessingGreen":20,"Hallownest:DreamNailRelic":1,"Whetstone":16,"Hallownest:GodTamersBeastRelic":31,"Replay:Wanted Poster":0,"Mastiff:ReiMu":27,"downfall:HeartBlessingBlue":27,"Philosopher\u0027s Stone":23,"Red Mask":18,"HollowMod:PaleOreRelic":4,"champ:FightingForDummies":19,"Potion Belt":32,"paleoftheancients:KeyRelic":35,"hubris:DuctTape":19,"downfall:HeartBlessingRed":23,"hubris:Towel":0,"paleoftheancients:Timepiece":35,"Shuriken":17,"Coffee Dripper":11,"ReplayTheSpireMod:Lightbulb":5,"wanderingMiniBosses:Inkheart":22},{"Gremlin Horn":140,"Vajra":34,"Spirit Poop":140,"champ:ChampionCrown":0,"downfall:HeartBlessingGreen":91,"Hallownest:DreamNailRelic":4,"Whetstone":77,"Hallownest:GodTamersBeastRelic":130,"Replay:Wanted Poster":0,"Mastiff:ReiMu":118,"downfall:HeartBlessingBlue":118,"Philosopher\u0027s Stone":105,"Red Mask":84,"HollowMod:PaleOreRelic":19,"champ:FightingForDummies":87,"Potion Belt":133,"paleoftheancients:KeyRelic":140,"hubris:DuctTape":87,"downfall:HeartBlessingRed":105,"hubris:Towel":0,"paleoftheancients:Timepiece":140,"Shuriken":80,"Coffee Dripper":55,"ReplayTheSpireMod:Lightbulb":26,"wanderingMiniBosses:Inkheart":101}]},"card_choices":[{"not_picked":["champ:StanceDance","champ:TornadoPunch"],"picked":"champ:BringItOn","floor":2},{"not_picked":["champ:LastStand","champ:Circumvent"],"picked":"champ:Control","floor":4},{"not_picked":["champ:StanceDance","champ:GladiatorsShout"],"picked":"champ:HeartStrike","floor":5},{"not_picked":["champ:GladiatorStyle","champ:FalseCounter"],"picked":"champ:Encircle","floor":6},{"not_picked":["champ:BringItOn","champ:Encircle"],"picked":"champ:VampiricStrike","floor":8},{"not_picked":["champ:Duel","champ:IronFortress"],"picked":"champ:AdrenalArmor","floor":11},{"not_picked":["champ:BladeFlurry","champ:AdrenalArmor"],"picked":"champ:EnragedBash","floor":12},{"not_picked":["champ:TornadoPunch","champ:Backstep"],"picked":"champ:VampiricStrike","floor":13},{"not_picked":["champ:Circumvent","champ:FanOfKnives"],"picked":"champ:Haymaker","floor":14},{"not_picked":["champ:CrookedStrike","champ:EnGarde","champ:Balance"],"picked":"SKIP","floor":15},{"not_picked":["champ:ShieldSlam","champ:HeavySlash"],"picked":"champ:VampiricStrike","floor":16},{"not_picked":["champ:FanOfKnives","champ:Circumvent"],"picked":"champ:PerfectedStrike+1","floor":19},{"not_picked":["champ:Haymaker","champ:StanceDance"],"picked":"champ:Control+1","floor":20},{"not_picked":["champ:TornadoPunch","champ:GladiatorStyle"],"picked":"champ:BerserkersShout+1","floor":21},{"not_picked":["champ:Haymaker","champ:StanceDance+1"],"picked":"champ:SwordThrow","floor":22},{"not_picked":["champ:CrookedStrike","champ:Circumvent"],"picked":"champ:Backstep+1","floor":23},{"not_picked":["champ:SteelEdge","champ:Haymaker+1"],"picked":"champ:Aggression","floor":25},{"not_picked":["champ:BringItOn","champ:Lariat"],"picked":"champ:LastStand","floor":26},{"not_picked":["champ:FocusedDefense+1","champ:PreciseThrust+1"],"picked":"champ:AdrenalArmor","floor":27},{"not_picked":["champ:FanOfKnives+1","champ:Circumvent"],"picked":"champ:ArenaPreparation+1","floor":29},{"not_picked":["champ:PerfectForm","champ:BerserkersShout"],"picked":"champ:Encircle","floor":31},{"not_picked":["champ:GladiatorsShout+1","champ:BerserkersShout"],"picked":"champ:Backstep","floor":32},{"not_picked":["champ:SteelEdge","champ:CheapShot"],"picked":"champ:VampiricStrike","floor":33},{"not_picked":["champ:DefensiveShout+1","champ:FanOfKnives"],"picked":"champ:ArenaPreparation","floor":36},{"not_picked":["infinitespire:SealOfDarkness+","infinitespire:SevenWalls"],"picked":"infinitespire:TheBestDefense","floor":37},{"not_picked":["champ:Backstep","champ:TornadoPunch","champ:FalseCounter+1"],"picked":"SKIP","floor":38},{"not_picked":["champ:BringItOn+1","champ:EnGarde","champ:ShieldWall+1"],"picked":"SKIP","floor":39},{"not_picked":["champ:EndlessRage","champ:Lariat+1"],"picked":"champ:PerfectedStrike","floor":42},{"not_picked":["champ:DefensiveShout+1","champ:DancingMaster"],"picked":"champ:AdrenalArmor+1","floor":46},{"not_picked":["champ:CrookedStrike","champ:GladiatorsShout+1","champ:StanceDance"],"picked":"SKIP","floor":47},{"not_picked":["champ:Haymaker","champ:BringItOn+1"],"picked":"champ:FocusedBerserking+1","floor":49}],"player_experience":1359465,"relics_obtained":[{"floor":7,"key":"HollowMod:PaleOreRelic"},{"floor":8,"key":"ReplayTheSpireMod:Lightbulb"},{"floor":12,"key":"Vajra"},{"floor":24,"key":"Whetstone"},{"floor":25,"key":"Shuriken"},{"floor":26,"key":"Red Mask"},{"floor":27,"key":"hubris:DuctTape"},{"floor":32,"key":"wanderingMiniBosses:Inkheart"},{"floor":42,"key":"Mastiff:ReiMu"},{"floor":46,"key":"Potion Belt"}],"event_choices":[{"damage_healed":0,"gold_gain":0,"player_choice":"Fought Bandits","damage_taken":0,"max_hp_gain":0,"max_hp_loss":0,"event_name":"Masked Bandits","floor":26,"gold_loss":0}],"is_beta":false,"boss_relics":[{"not_picked":["Replay:Grab Bag","Honey Jar"],"picked":"Coffee Dripper"},{"not_picked":["Black Star","Ring of Chaos"],"picked":"Philosopher\u0027s Stone"}],"items_purged_floors":[31,38],"is_endless":false,"potions_floor_spawned":[4,5,12,13,16,21,22,26,27,33,42,45,46,47,49],"ascension_level":1}}