{"host":"0gy90rl0ccnvdufw","time":1608701367,"event":{"mods":["AchievementEnabler","Act Like it!","Aspiration","Bard","BaseMod","Better Third Choice","Better Vampires","BetterRewards","ChefMod","Colored Map","Colored Powertips","Conspire","Decade(???)","Downfall","Ekko","Gensokyo","GungeonMod","Halation","Hubris","Infinite Spire","Jedi Mod","KomeijiMod","Luminous","Minty Spire (QoL Compilation)","Quick Restart","Rare Cards Sparkle","Replay The Spire","Robot Space Explorer","StSLib","SuperFastMode","The Cursed","The Disciple","The Dragon Tamer","The Forsaken","The Jungle","[IsaacMod]????","??????REMEMod"],"gold_per_floor":[118,293,308,308,358,387,407,407,433,469,481,569,494,494,494,604,604,618,618,618,636,651,651,591,591,591,629,649,649,693,706,706,711,711],"floor_reached":33,"playtime":1365,"items_purged":["Doubt"],"score":325,"play_id":"3eae0b38-1954-4fa2-bbf4-691e3f352af7","local_time":"20201222232927","is_ascension_mode":false,"campfire_choices":[{"floor":8.0,"key":"REST"},{"floor":15,"key":"REST"},{"floor":23,"key":"REST"},{"floor":29,"key":"REST"},{"floor":32,"key":"REST"}],"circlet_count":0,"master_deck":["DemoMod:Defend_Huntress","DemoMod:Defend_Huntress+1","DemoMod:Defend_Huntress","DemoMod:Defend_Huntress","DemoMod:Roll","DemoMod:ManualReload","DemoMod:RustySidearm","DemoMod:CrossBow","DemoMod:TripleGun","DemoMod:TableSutra","DemoMod:ChanceBullets","DemoMod:BattleInHaste+1","DemoMod:Elimentaler","DemoMod:GunstockTap+1","Bite","Bite","Bite","expansioncontent:DonusPower+1","DemoMod:StickyCrossBow","expansioncontent:DecasProtection"],"relics":["DemoMod:Dog","REME_ComplimentaryCards","HushsDoor","KeepersGift","NeowsBlessing","Replay:Baseball","infinitespire:FocusingShard","Bag of Marbles","conspire:DeflatedDodgeball","Bag of Preparation","hubris:DeckOfHolding","GnawedLeaf","REME_LowDesire","ReplayTheSpireMod:TigerMarble","DemoMod:PoisonVial","BookofShadows","War Paint","hubris:ToyBattleship"],"acts_visited":["Exordium","TheCity"],"potions_floor_usage":[16,27,31],"damage_taken":[{"damage":0.0,"enemies":"Small Slimes","floor":1.0,"turns":1.0},{"damage":0.0,"enemies":"2 Louse","floor":3.0,"turns":1.0},{"damage":9.0,"enemies":"Hiden Room Battle","floor":5.0,"turns":2.0},{"damage":0.0,"enemies":"3 Sentries","floor":6.0,"turns":2.0},{"damage":0.0,"enemies":"Cultist","floor":7.0,"turns":4.0},{"damage":0.0,"enemies":"Gremlin Nob","floor":10.0,"turns":3.0},{"damage":0.0,"enemies":"Gremlin Gang","floor":11.0,"turns":1.0},{"damage":60.0,"enemies":"Lagavulin Event","floor":12.0,"turns":7.0},{"damage":27,"enemies":"The Guardian","floor":16,"turns":14},{"damage":16,"enemies":"conspire:FuzzyDice","floor":18,"turns":6},{"damage":33,"enemies":"2 Thieves","floor":21,"turns":5},{"damage":27,"enemies":"Centurion and Healer","floor":22,"turns":10},{"damage":46,"enemies":"Slavers","floor":27,"turns":7},{"damage":20,"enemies":"Cultist and Chosen","floor":28,"turns":8},{"damage":0,"enemies":"Snecko","floor":30,"turns":4},{"damage":0,"enemies":"Snake Plant","floor":31,"turns":1},{"damage":77,"enemies":"hubris:MusketHawk","floor":33,"turns":12}],"seed_played":"5998087854002333776","potions_obtained":[{"floor":3.0,"key":"Ancient Potion"},{"floor":6.0,"key":"jedi:tentaclejuice"},{"floor":7.0,"key":"REME_GoldPotion"},{"floor":22,"key":"Block Potion"},{"floor":27,"key":"jedi:StrikingPotion"},{"floor":30,"key":"CalmPotion"}],"is_trial":false,"path_per_floor":["M","?","M","?","?","E","M","R","T","E","M","?","$","?","R","B",null,"M","?","?","M","M","R","?","T","T","E","M","R","M","M","R","B"],"character_chosen":"HUNTRESS","items_purchased":[],"campfire_rested":5,"item_purchase_floors":[],"current_hp_per_floor":[70,70,70,70,46,46,46,67,67,67,67,7,7,7,28,1,70,54,54,54,29,32,49,49,49,49,20,12,29,36,40,57,0,0],"gold":711,"neow_bonus":"THREE_ENEMY_KILL","is_daily":false,"chose_seed":false,"campfire_upgraded":0,"win_rate":0.0,"timestamp":1608701367,"path_taken":["M","?","M","?","?","E","M","R","T","E","?","?","$","?","R","BOSS","M","?","?","?","M","R","?","?","T","E","M","R","M","M","R","BOSS"],"items_purchased_type":[],"build_version":"2020-12-22","purchased_purges":1,"victory":false,"max_hp_per_floor":[70,70,70,70,70,70,70,70,70,70,70,70,70,70,70,70,70,70,70,57,57,57,57,57,57,57,57,57,57,57,57,57,57,57],"card_choices":[{"not_picked":["DemoMod:Ejector","DemoMod:FeignSurrender"],"picked":"DemoMod:TripleGun","floor":1.0},{"not_picked":["DemoMod:AC15","DemoMod:JK47"],"picked":"DemoMod:TableSutra","floor":3.0},{"not_picked":["DemoMod:Desperate","DemoMod:DoubleSwitch"],"picked":"Bomb","floor":5.0},{"not_picked":["DemoMod:CursedBullets","DemoMod:GunstockTap"],"picked":"DemoMod:ChanceBullets","floor":6.0},{"not_picked":["DemoMod:ProbeStrike","DemoMod:HungryBullets"],"picked":"DemoMod:BattleInHaste","floor":7.0},{"not_picked":["DemoMod:Desperate","DemoMod:PracticeMakesPerfect"],"picked":"Bomb","floor":10.0},{"not_picked":["DemoMod:AC15","DemoMod:CursedBullets","DemoMod:FastSwitch"],"picked":"SKIP","floor":11.0},{"not_picked":["DemoMod:EasyReloadBullets","DemoMod:JK47"],"picked":"Bomb","floor":12.0},{"not_picked":["DemoMod:DoubleVision","DemoMod:Slinger"],"picked":"DemoMod:Elimentaler","floor":16},{"not_picked":["DemoMod:BSG","DemoMod:ZorGun","Replay:Parry+1"],"picked":"DemoMod:GunstockTap+1","floor":18},{"not_picked":["DemoMod:TeaPot","DemoMod:PracticeMakesPerfect","DemoMod:BoxingGlove"],"picked":"expansioncontent:DonusPower+1","floor":21},{"not_picked":["DemoMod:SAA+1","DemoMod:Unmoved+1","DemoMod:Ejector","expansioncontent:Flail"],"picked":"SKIP","floor":22},{"not_picked":["DemoMod:FastSwitch","DemoMod:AWP","ThoughtExtend"],"picked":"DemoMod:StickyCrossBow","floor":27},{"not_picked":["DemoMod:GunstockTap+1","DemoMod:AC15","DemoMod:Polaris"],"picked":"expansioncontent:DecasProtection","floor":28},{"not_picked":["DemoMod:BattleInHaste","DemoMod:TeaPot","DemoMod:ConditionalReflex","REME_TheoryOfElimination"],"picked":"SKIP","floor":30},{"not_picked":["DemoMod:PracticeMakesPerfect","DemoMod:Polaris","DemoMod:MegaHand","jedi:cleanse"],"picked":"SKIP","floor":31}],"player_experience":316144,"relics_obtained":[{"floor":4.0,"key":"Replay:Baseball"},{"floor":5.0,"key":"infinitespire:FocusingShard"},{"floor":5.0,"key":"Bag of Marbles"},{"floor":6.0,"key":"conspire:DeflatedDodgeball"},{"floor":9.0,"key":"Bag of Preparation"},{"floor":10.0,"key":"hubris:DeckOfHolding"},{"floor":12.0,"key":"GnawedLeaf"},{"floor":17,"key":"ReplayTheSpireMod:TigerMarble"},{"floor":17,"key":"DemoMod:PoisonVial"},{"floor":25,"key":"BookofShadows"},{"floor":26,"key":"War Paint"},{"floor":27,"key":"hubris:ToyBattleship"}],"event_choices":[{"damage_healed":0.0,"max_hp_gain":0.0,"max_hp_loss":0.0,"gold_gain":175.0,"event_name":"betterThird:BetterSerpent","player_choice":"AGREE","floor":2.0,"gold_loss":0.0,"damage_taken":118.0},{"damage_healed":0.0,"max_hp_gain":0.0,"max_hp_loss":0.0,"gold_gain":0.0,"event_name":"HidenRoomEvent","player_choice":"Fight","floor":5.0,"gold_loss":0.0,"damage_taken":0.0},{"damage_healed":0.0,"max_hp_gain":0.0,"max_hp_loss":0.0,"gold_gain":0.0,"event_name":"Dead Adventurer","player_choice":"Searched \u00272\u0027 times","floor":12.0,"gold_loss":0.0,"damage_taken":0.0},{"damage_healed":0,"gold_gain":0,"player_choice":"Ignored","damage_taken":0,"max_hp_gain":0,"max_hp_loss":0,"event_name":"Purifier","floor":14,"gold_loss":0},{"damage_healed":0,"gold_gain":0,"player_choice":"Became a vampire","damage_taken":0,"max_hp_gain":0,"max_hp_loss":13,"event_name":"Vampires","floor":20,"gold_loss":0,"cards_obtained":["Bite","Bite","Bite"]}],"is_beta":false,"boss_relics":[{"not_picked":["halation:SmartPhone","hubris:ScarierMask"],"picked":"REME_LowDesire"},{"not_picked":[]}],"items_purged_floors":[13],"is_endless":false,"potions_floor_spawned":[3,6,7,10,22,27,30],"killed_by":"hubris:MusketHawk","ascension_level":0}}