{"host":"ky7z67tg8zpdk0g7","time":1608748649,"event":{"mods":["BaseMod","Beaked The Cultist","Better Third Choice","CapriCore","Displayed Cursed Tome","Energized Spire","Fireblade Mod","Hubris","Lobotomy","LobotomyExtend","Minty Spire (QoL Compilation)","Replay The Spire","SOS???????","Shop Mod","StSLib","Td1madao Mod","The Dragon Tamer","The Hayseed","The Hierophant","The Immortal","The Marked","The Necromancer","TheBandit","TheWitcher"],"gold_per_floor":[369,369,389,389,402,402,49,78,78,78,78,98,98,98,98,200,200,214,214,214,214,229,229,258,258,285,420,433,449,111,127,127,127,127],"floor_reached":33,"playtime":1086,"items_purged":["Doubt","Parasite"],"score":325,"play_id":"29fb23c0-8e81-4f6c-aef9-237b33b4c7a8","local_time":"20201224013729","is_ascension_mode":true,"campfire_choices":[{"data":"theMarked:ComboAttacks","floor":6.0,"key":"SMITH"},{"floor":13.0,"key":"REST"},{"floor":15.0,"key":"REST"},{"data":"theMarked:Defy","floor":23.0,"key":"SMITH"},{"data":"theMarked:BindingBlade","floor":25.0,"key":"SMITH"},{"floor":32,"key":"REST"}],"circlet_count":1,"master_deck":["theMarked:Strike","theMarked:Strike","theMarked:Strike","theMarked:Defend","theMarked:Defend","theMarked:Defend","theMarked:Defend","theMarked:SoldierOfQuellstein+1","theMarked:ComboAttacks+1","theMarked:EmpowerWeapon","theMarked:LightningStrikesTwice","theMarked:MysticalArsenal+1","theMarked:WardOff","Parasite","Parasite","Burn","theMarked:Defy+1","theMarked:ChainLightning+1","theMarked:CreepingChasm","theMarked:Overthink","theMarked:EmpowerWeapon","theMarked:BindingBlade+1","theMarked:BanishingStrike","theMarked:RepellingDischarge","theMarked:WardOff","theMarked:BanishingWave","theMarked:HeightenedSenses","theMarked:SoldierForm","theMarked:BanishingStrike"],"relics":["theMarked:ArtifactOfAir","Circlet","LetterFromLob","Ring of Misfortune","Ring of Fangs","PreservedInsect","BargainBundle","Replay:Bottled Steam","Replay:Rubber Ducky","hubris:Icosahedron","hubris:RunicObelisk","Enchiridion","Pondfish Scales","Replay:Wax Seal","theMarked:NailFile"],"acts_visited":["Exordium","TheCity"],"potions_floor_usage":[31,31],"damage_taken":[{"damage":4.0,"enemies":"Jaw Worm","floor":1.0,"turns":3.0},{"damage":6.0,"enemies":"2 Louse","floor":3.0,"turns":3.0},{"damage":1.0,"enemies":"Small Slimes","floor":5.0,"turns":3.0},{"damage":12.0,"enemies":"Lagavulin","floor":8.0,"turns":5.0},{"damage":1.0,"enemies":"3 Louse","floor":12.0,"turns":3.0},{"damage":24.0,"enemies":"The Guardian","floor":16.0,"turns":9.0},{"damage":13.0,"enemies":"Chosen","floor":18.0,"turns":5.0},{"damage":8.0,"enemies":"2 Thieves","floor":22.0,"turns":3.0},{"damage":6.0,"enemies":"Book of Stabbing","floor":24.0,"turns":4.0},{"damage":11.0,"enemies":"Replay:Snechameleon","floor":27.0,"turns":3.0},{"damage":12.0,"enemies":"3 Cultists","floor":28.0,"turns":3.0},{"damage":0.0,"enemies":"Chosen and Byrds","floor":29.0,"turns":4.0},{"damage":0,"enemies":"Snake Plant","floor":31,"turns":4},{"damage":64,"enemies":"Champ","floor":33,"turns":7}],"seed_played":"-3276471238214662285","potions_obtained":[{"floor":5.0,"key":"Fire Potion"},{"floor":8.0,"key":"theMarked:ChargePotion"},{"floor":18.0,"key":"SpeedPotion"},{"floor":24.0,"key":"Energy Potion"},{"floor":28.0,"key":"Dexterity Potion"}],"is_trial":false,"path_per_floor":["M","?","M","?","M","R","$","E","T","M","?","M","R","?","R","B",null,"M","?","?","?","M","R","E","R","T","E","M","M","$","M","R","B"],"character_chosen":"THE_DEFAULT","items_purchased":["PreservedInsect","BargainBundle","DuplicationPotion","Ancient Potion","theMarked:MysticalArsenal+1","theMarked:WardOff","theMarked:BanishingWave","theMarked:HeightenedSenses","theMarked:SoldierForm"],"campfire_rested":3,"item_purchase_floors":[7,7,7,7,7,7,30,30,30],"current_hp_per_floor":[45,45,39,39,38,38,38,26,26,6,6,5,26,26,47,23,70,57,57,57,41,33,33,27,27,27,16,4,11,11,18,38,0,0],"gold":127,"neow_bonus":"TWO_FIFTY_GOLD","is_daily":false,"chose_seed":false,"campfire_upgraded":3,"win_rate":0.0,"timestamp":1608748649,"path_taken":["M","?","M","?","M","R","$","E","T","M","?","M","R","?","R","BOSS","M","?","?","?","M","R","E","R","T","E","M","M","$","M","R","BOSS"],"items_purchased_type":["Relic","Relic","Potion","Potion","Card","Card","Card","Card","Card"],"build_version":"2020-12-22","purchased_purges":2,"victory":false,"max_hp_per_floor":[70,70,70,70,70,70,70,70,70,70,70,70,70,70,70,70,70,70,70,70,70,70,70,70,70,70,70,70,70,67,67,67,67,67],"card_choices":[{"not_picked":["theMarked:EmpowerWeapon","theMarked:ElectricStrings"],"picked":"theMarked:ComboAttacks","floor":1.0},{"not_picked":["theMarked:Improvise","theMarked:ResourceFulStrike"],"picked":"theMarked:EmpowerWeapon","floor":3.0},{"not_picked":["theMarked:PowerFlow","theMarked:ResourceFulStrike"],"picked":"theMarked:LightningStrikesTwice","floor":5.0},{"not_picked":["theMarked:WastefulAttack","theMarked:MagicAdept","theMarked:Frustration"],"picked":"SKIP","floor":8.0},{"not_picked":["theMarked:MagicAdept","theMarked:ElectricStrings","theMarked:EnhanceMovement"],"picked":"SKIP","floor":12.0},{"not_picked":["theMarked:SuspiciousRaven","theMarked:ThrowWeapon"],"picked":"theMarked:Defy","floor":16.0},{"not_picked":["theMarked:GodGivenPower+1","theMarked:SwordAndMagic"],"picked":"theMarked:ChainLightning+1","floor":18.0},{"not_picked":["theMarked:RepellingDischarge","theMarked:Panic"],"picked":"theMarked:EmpowerWeapon","floor":22.0},{"not_picked":["theMarked:ElectricStrings","theMarked:BanishingStrike"],"picked":"theMarked:BindingBlade","floor":24.0},{"not_picked":["theMarked:Aftermath","theMarked:Overthink"],"picked":"theMarked:BanishingStrike","floor":27.0},{"not_picked":["theMarked:Electrocute","theMarked:SwordAndMagic"],"picked":"theMarked:RepellingDischarge","floor":28.0},{"not_picked":["theMarked:Convert","theMarked:Aftermath"],"picked":"theMarked:WardOff","floor":29.0},{"not_picked":["theMarked:Aftermath","theMarked:Convert"],"picked":"theMarked:BanishingStrike","floor":31}],"player_experience":295485,"relics_obtained":[{"floor":1.0,"key":"LetterFromLob"},{"floor":2.0,"key":"Ring of Misfortune"},{"floor":2.0,"key":"Ring of Fangs"},{"floor":8.0,"key":"Replay:Bottled Steam"},{"floor":9.0,"key":"Replay:Rubber Ducky"},{"floor":24.0,"key":"Pondfish Scales"},{"floor":26.0,"key":"Replay:Wax Seal"},{"floor":27.0,"key":"theMarked:NailFile"}],"event_choices":[{"damage_healed":6.0,"max_hp_gain":0.0,"max_hp_loss":70.0,"gold_gain":0.0,"event_name":"betterThird:BetterShining","player_choice":"Embrace Burn","floor":11.0,"gold_loss":0.0,"damage_taken":0.0},{"damage_healed":0.0,"max_hp_gain":0.0,"max_hp_loss":0.0,"gold_gain":0.0,"cards_transformed":["theMarked:Strike","theMarked:Strike"],"event_name":"Drug Dealer","player_choice":"Became Test Subject","floor":20.0,"gold_loss":0.0,"damage_taken":0.0,"cards_obtained":["theMarked:CreepingChasm","theMarked:Overthink"]},{"damage_healed":0.0,"max_hp_gain":0.0,"max_hp_loss":0.0,"gold_gain":0.0,"event_name":"Cursed Tome","player_choice":"Obtained Book","floor":21.0,"gold_loss":0.0,"damage_taken":16.0}],"is_beta":false,"boss_relics":[{"not_picked":["Replay:Bronze Core","hubris:HollowSoul"],"picked":"hubris:RunicObelisk"}],"items_purged_floors":[7,30],"is_endless":false,"potions_floor_spawned":[5,8,18,24,28],"killed_by":"Champ","ascension_level":3}}