{"host":"7o30bgpqouqblh42","time":1608698138,"event":{"mods":["AchievementEnabler","Aspiration","BaseMod","Colored Map","Downfall","Highlight Path","Minty Spire (QoL Compilation)","StSLib","SuperFastMode"],"gold_per_floor":[119,131,131,7,7,7,7,25,25,36,51,82,96,125,125,226,226,245,245,245,245,261,261,231,231,231,260,273,59,74,101,101,205,205,224,236,256,270,270,270,270,302,302,77,77,112,112,112,112,112],"floor_reached":51,"playtime":2559,"items_purged":[],"score":893,"play_id":"27c439a4-37f8-41f2-b06d-22a51068b1f4","local_time":"20201222233538","is_ascension_mode":true,"campfire_choices":[{"data":"Perfected Strike","floor":6,"key":"SMITH"},{"floor":15,"key":"REST"},{"data":"Double Tap","floor":23,"key":"SMITH"},{"data":"Seeing Red","floor":25,"key":"SMITH"},{"floor":32,"key":"REST"},{"data":"Reaper","floor":40,"key":"SMITH"},{"data":"Double Tap","floor":45,"key":"SMITH"},{"floor":47,"key":"RECALL"},{"data":"Offering","floor":49,"key":"SMITH"}],"circlet_count":0,"master_deck":["Strike_R","Strike_R","Strike_R","Strike_R+1","Strike_R","Defend_R","Defend_R","Defend_R","Bash+1","Perfected Strike+1","Pommel Strike","Seeing Red+1","Flash of Steel","Pain","Perfected Strike","Carnage","Double Tap+1","Impervious","Hemokinesis+1","Sever Soul","Wild Strike","Fiend Fire","Perfected Strike","Reaper+1","Offering+1","Perfected Strike+1","Ghostly Armor+1","Perfected Strike+1","Writhe","Double Tap+1","Inflame+1","Reaper","Perfected Strike","Dark Embrace+1"],"relics":["Burning Blood","NeowsBlessing","WarpedTongs","Lizard Tail","CaptainsWheel","Runic Cube","aspiration:RitualStick","Enchiridion","Frozen Egg 2","Charon\u0027s Ashes","FossilizedHelix","Coffee Dripper","Shuriken","aspiration:SeaSaltIceCream","aspiration:Nostalgia","sneckomod:SneckoSoul","HornCleat"],"acts_visited":["Exordium","TheCity","TheBeyond"],"potions_floor_usage":[16,16,16,22,22,27,37,41,50,50,50],"damage_taken":[{"damage":0,"enemies":"2 Louse","floor":1,"turns":1},{"damage":0,"enemies":"Small Slimes","floor":2,"turns":1},{"damage":1,"enemies":"Cultist","floor":8,"turns":1},{"damage":16,"enemies":"Gremlin Gang","floor":10,"turns":4},{"damage":9,"enemies":"Exordium Wildlife","floor":11,"turns":2},{"damage":0,"enemies":"Gremlin Nob","floor":12,"turns":2},{"damage":10,"enemies":"Looter","floor":13,"turns":2},{"damage":16,"enemies":"3 Sentries","floor":14,"turns":5},{"damage":33,"enemies":"Hexaghost","floor":16,"turns":6},{"damage":13,"enemies":"Spheric Guardian","floor":18,"turns":3},{"damage":9,"enemies":"Shell Parasite","floor":22,"turns":1},{"damage":26,"enemies":"Gremlin Leader","floor":27,"turns":4},{"damage":7,"enemies":"3 Cultists","floor":28,"turns":4},{"damage":15,"enemies":"Shelled Parasite and Fungi","floor":30,"turns":2},{"damage":17,"enemies":"Book of Stabbing","floor":31,"turns":4},{"damage":49,"enemies":"Automaton","floor":33,"turns":5},{"damage":26,"enemies":"3 Shapes","floor":35,"turns":2},{"damage":18,"enemies":"3 Darklings","floor":36,"turns":2},{"damage":0,"enemies":"Sphere and 2 Shapes","floor":37,"turns":3},{"damage":18,"enemies":"4 Shapes","floor":38,"turns":1},{"damage":0,"enemies":"3 Darklings","floor":41,"turns":1},{"damage":6,"enemies":"Giant Head","floor":42,"turns":5},{"damage":47,"enemies":"Nemesis","floor":46,"turns":5},{"damage":70,"enemies":"Time Eater","floor":50,"turns":8}],"seed_played":"-5248297294641351971","potions_obtained":[{"floor":11,"key":"SpeedPotion"},{"floor":12,"key":"Dexterity Potion"},{"floor":13,"key":"FearPotion"},{"floor":14,"key":"Slimebound:ThreeZeroPotion"},{"floor":16,"key":"BloodPotion"},{"floor":18,"key":"Slimebound:ThreeZeroPotion"},{"floor":22,"key":"Dexterity Potion"},{"floor":24,"key":"SmokeBomb"},{"floor":24,"key":"Slimebound:ThreeZeroPotion"},{"floor":33,"key":"Guardian:BlockOnCardUsePotion"},{"floor":35,"key":"Block Potion"},{"floor":37,"key":"sneckomod:MuddlingPotion"},{"floor":46,"key":"AttackPotion"}],"is_trial":false,"path_per_floor":["M","M","?","$","?","R","?","M","T","M","M","E","M","E","R","B",null,"M","?","?","?","M","R","?","R","T","E","M","$","M","E","R","B",null,"M","M","M","M","?","R","M","E","T","$","R","E","R","?","R","B",null],"character_chosen":"IRONCLAD","items_purchased":["Seeing Red","Flash of Steel","Fiend Fire","Perfected Strike","Double Tap","Inflame+1"],"campfire_rested":2,"item_purchase_floors":[4,4,29,29,44,44],"current_hp_per_floor":[80,80,64,64,57,57,57,62,62,52,49,55,51,41,65,38,80,73,73,57,41,54,54,54,54,54,34,33,33,24,20,44,46,80,71,59,65,53,73,73,79,79,79,79,79,39,39,39,39,17],"gold":112,"neow_bonus":"THREE_ENEMY_KILL","is_daily":false,"chose_seed":false,"campfire_upgraded":6,"win_rate":0.0,"timestamp":1608698138,"path_taken":["M","M","?","$","?","R","?","M","T","?","?","E","M","E","R","BOSS","M","?","?","?","M","R","?","R","T","E","?","?","?","E","R","BOSS","M","?","M","M","?","R","M","E","T","$","R","E","R","?","R","BOSS"],"items_purchased_type":["Card","Card","Card","Card","Card","Card"],"build_version":"2020-12-13","purchased_purges":0,"victory":true,"max_hp_per_floor":[80,80,80,80,80,80,80,80,80,80,80,80,80,80,80,80,80,80,80,80,80,80,80,80,80,80,80,80,80,80,80,80,80,80,80,80,80,80,80,80,80,80,80,80,80,80,80,80,80,80],"card_choices":[{"not_picked":["Anger","Flex"],"picked":"Perfected Strike","floor":1},{"not_picked":["Wild Strike","Clash"],"picked":"Pommel Strike","floor":2},{"not_picked":["Barricade","Fire Breathing"],"picked":"Perfected Strike","floor":8},{"not_picked":["Cleave","Armaments"],"picked":"Carnage","floor":10},{"not_picked":["Anger","Shockwave","Sword Boomerang"],"picked":"SKIP","floor":11},{"not_picked":["Perfected Strike","Cleave"],"picked":"Double Tap","floor":12},{"not_picked":["Sever Soul","Anger","Power Through"],"picked":"SKIP","floor":13},{"not_picked":["Power Through","Sever Soul","Armaments"],"picked":"SKIP","floor":14},{"not_picked":["Barricade","Juggernaut"],"picked":"Impervious","floor":16},{"not_picked":["Havoc","Twin Strike","True Grit"],"picked":"SKIP","floor":18},{"not_picked":["Clothesline","Iron Wave+1"],"picked":"Hemokinesis+1","floor":22},{"not_picked":["Shrug It Off","Havoc+1"],"picked":"Sever Soul","floor":27},{"not_picked":["Clothesline","Body Slam+1"],"picked":"Wild Strike","floor":28},{"not_picked":["Battle Trance","Shrug It Off"],"picked":"Reaper","floor":30},{"not_picked":["Pummel","Thunderclap","Flame Barrier"],"picked":"SKIP","floor":31},{"not_picked":["Brutality+1","Reaper"],"picked":"Offering","floor":33},{"not_picked":["Uppercut","Armaments","Entrench+1"],"picked":"SKIP","floor":35},{"not_picked":["Searing Blow","Warcry+1"],"picked":"Perfected Strike+1","floor":36},{"not_picked":["Wild Strike","Clothesline+1"],"picked":"Ghostly Armor+1","floor":37},{"not_picked":["Flex+1","Sword Boomerang"],"picked":"Perfected Strike+1","floor":38},{"not_picked":["Sever Soul+1","Thunderclap","Flex"],"picked":"SKIP","floor":42},{"not_picked":["Iron Wave","Heavy Blade+1"],"picked":"Reaper","floor":46}],"player_experience":98832,"relics_obtained":[{"floor":12,"key":"Lizard Tail"},{"floor":14,"key":"CaptainsWheel"},{"floor":21,"key":"Enchiridion"},{"floor":26,"key":"Frozen Egg 2"},{"floor":27,"key":"Charon\u0027s Ashes"},{"floor":31,"key":"FossilizedHelix"},{"floor":42,"key":"Shuriken"},{"floor":43,"key":"aspiration:SeaSaltIceCream"},{"floor":46,"key":"HornCleat"}],"event_choices":[{"damage_healed":0,"gold_gain":0,"player_choice":"Entered Light","damage_taken":16,"max_hp_gain":0,"max_hp_loss":0,"event_name":"Shining Light","floor":3,"gold_loss":0,"cards_upgraded":["Bash","Strike_R"]},{"cards_removed":["Defend_R"],"damage_healed":0,"gold_gain":0,"player_choice":"Card Removal","damage_taken":7,"max_hp_gain":0,"max_hp_loss":0,"event_name":"Golden Wing","floor":5,"gold_loss":0},{"damage_healed":0,"gold_gain":0,"player_choice":"Rummage","damage_taken":0,"relics_obtained":["WarpedTongs"],"max_hp_gain":0,"max_hp_loss":0,"event_name":"Accursed Blacksmith","floor":7,"gold_loss":0,"cards_obtained":["Pain"]},{"damage_healed":0,"gold_gain":0,"player_choice":"Ignored","damage_taken":0,"max_hp_gain":0,"max_hp_loss":0,"event_name":"Ghosts","floor":19,"gold_loss":0},{"damage_healed":0,"gold_gain":0,"player_choice":"Obtained Book","damage_taken":16,"max_hp_gain":0,"max_hp_loss":0,"event_name":"Cursed Tome","floor":21,"gold_loss":0},{"damage_healed":0,"gold_gain":0,"player_choice":"Bought 2 Potions","damage_taken":0,"max_hp_gain":0,"max_hp_loss":0,"event_name":"The Woman in Blue","floor":24,"gold_loss":0},{"damage_healed":20,"gold_gain":0,"player_choice":"Writhe","damage_taken":0,"max_hp_gain":0,"max_hp_loss":0,"event_name":"Winding Halls","floor":39,"gold_loss":0,"cards_obtained":["Writhe"]},{"damage_healed":0,"gold_gain":0,"player_choice":"2 cards matched","damage_taken":0,"max_hp_gain":0,"max_hp_loss":0,"event_name":"Match and Keep!","floor":48,"gold_loss":0,"cards_obtained":["Perfected Strike","Dark Embrace"]}],"is_beta":false,"boss_relics":[{"not_picked":["SlaversCollar","Runic Pyramid"],"picked":"Runic Cube"},{"not_picked":["aspiration:SilentSkillbook","Runic Dome"],"picked":"Coffee Dripper"}],"items_purged_floors":[],"is_endless":false,"potions_floor_spawned":[11,12,13,14,16,18,22,33,35,37,41,46],"ascension_level":1}}