{"host":"odz7g4gpgch153rb","time":1608752368,"event":{"mods":["AchievementEnabler","BaseMod","Better Match","Better Third Choice","BetterRewards","GifTheSpireLib","Infinite Spire","Jedi Mod","Minty Spire (QoL Compilation)","Quick Restart","Replay The Spire","Spikes Relics","StSLib","Stuff the Spire","The Blue Laboratory","Trackpad"],"gold_per_floor":[117,137,62,62,25,25,51,64,132,32,43,116,149,163,163,241,241,253,253,253,253,267,267,286,286,286,286,286],"floor_reached":27,"playtime":1273,"items_purged":["Strike_B","Strike_B","Strike_B"],"score":418,"play_id":"05066440-4270-4ed8-9d4e-94bce29e154c","local_time":"20201223143928","is_ascension_mode":true,"campfire_choices":[{"data":"StuffTheSpire:Synthwave","floor":6,"key":"SMITH"},{"floor":15,"key":"REST"},{"data":"Loop","floor":23,"key":"SMITH"},{"floor":25,"key":"REST"}],"circlet_count":0,"master_deck":["AscendersBane","Defend_B","Defend_B","Defend_B","Defend_B","Zap+1","Dualcast","Streamline","Beam Cell","StuffTheSpire:Synthwave+1","Streamline","Sweeping Beam","Loop+1","StuffTheSpire:Synthwave","Ball Lightning"],"relics":["Cracked Core","NeowsBlessing","Bronze Scales","Orichalcum","Philosopher\u0027s Stone","Ring of Chaos","infinitespire:Freezer","Nloth\u0027s Gift","MiniBlackHole"],"acts_visited":["Exordium","TheCity"],"potions_floor_usage":[16,18],"damage_taken":[{"damage":0,"enemies":"2 Louse","floor":1,"turns":1},{"damage":0,"enemies":"Jaw Worm","floor":2,"turns":1},{"damage":0,"enemies":"Gremlin Nob","floor":7,"turns":1},{"damage":1,"enemies":"Cultist","floor":8,"turns":3},{"damage":8,"enemies":"Exordium Wildlife","floor":11,"turns":3},{"damage":30,"enemies":"Lagavulin","floor":13,"turns":5},{"damage":5,"enemies":"Exordium Thugs","floor":14,"turns":2},{"damage":24,"enemies":"Fading Forest","floor":16,"turns":11},{"damage":25,"enemies":"2 Thieves","floor":18,"turns":3},{"damage":7,"enemies":"Chosen","floor":22,"turns":4},{"damage":29,"enemies":"Snake Plant","floor":24,"turns":3},{"damage":41,"enemies":"Book of Stabbing","floor":27,"turns":3}],"seed_played":"4871547317708971768","potions_obtained":[{"floor":7,"key":"blueLaboratory:NullPotion"},{"floor":8,"key":"ColorlessPotion"},{"floor":16,"key":"Milkshake"},{"floor":24,"key":"Milkshake"}],"is_trial":false,"path_per_floor":["M","M","$","?","$","R","E","M","T","$","M","T","E","M","R","B",null,"M","AVR","?","$","M","R","M","R","T","E"],"character_chosen":"DEFECT","items_purchased":["StuffTheSpire:Synthwave"],"campfire_rested":2,"item_purchase_floors":[5],"current_hp_per_floor":[64,64,64,64,64,64,64,63,68,68,60,60,30,25,47,31,65,40,40,40,40,33,33,4,26,26,0,0],"gold":286,"neow_bonus":"THREE_ENEMY_KILL","is_daily":false,"chose_seed":false,"campfire_upgraded":2,"win_rate":0.0,"timestamp":1608752368,"path_taken":["M","M","$","?","?","R","E","?","T","$","M","?","E","?","R","BOSS","M","AVR","?","$","M","R","M","R","T","E"],"items_purchased_type":["Card"],"build_version":"2020-12-22","purchased_purges":3,"victory":false,"max_hp_per_floor":[71,71,71,71,71,71,71,71,76,76,76,76,76,76,76,76,76,76,76,76,76,76,76,76,76,76,76,76],"card_choices":[{"not_picked":["Cold Snap","Steam"],"picked":"Streamline","floor":1},{"not_picked":["jedi:BurstFrost","FTL"],"picked":"Beam Cell","floor":2},{"not_picked":["ReplayTheSpireMod:Reroute Power","StuffTheSpire:CleanHardDrive","Beam Cell"],"picked":"SKIP","floor":7},{"not_picked":["Chill","Barrage","Cold Snap"],"picked":"SKIP","floor":8},{"not_picked":["Crystallizer","BasicCrystalCard","jedi:BurstFrost"],"picked":"SKIP","floor":11},{"not_picked":["Hyperbeam","ReplayGash"],"picked":"Streamline","floor":13},{"not_picked":["Turbo","Sunder"],"picked":"Sweeping Beam","floor":14},{"not_picked":["Chaos","Steam"],"picked":"Loop","floor":18},{"not_picked":["jedi:blockon","Recycle"],"picked":"StuffTheSpire:Synthwave","floor":22},{"not_picked":["Fusion+1","Leap"],"picked":"Ball Lightning","floor":24}],"player_experience":929947,"relics_obtained":[{"floor":7,"key":"Bronze Scales"},{"floor":9,"key":"StuffTheSpire:Rhapsscallions"},{"floor":13,"key":"Orichalcum"},{"floor":26,"key":"MiniBlackHole"}],"event_choices":[{"damage_healed":0,"gold_gain":0,"player_choice":"Grow","damage_taken":0,"max_hp_gain":0,"max_hp_loss":0,"event_name":"Living Wall","floor":4,"gold_loss":0,"cards_upgraded":["Zap"]},{"damage_healed":0,"gold_gain":0,"player_choice":"Traded Relic","damage_taken":0,"relics_obtained":["Nloth\u0027s Gift"],"max_hp_gain":0,"max_hp_loss":0,"event_name":"N\u0027loth","floor":20,"relics_lost":["StuffTheSpire:Rhapsscallions"],"gold_loss":0}],"is_beta":false,"boss_relics":[{"not_picked":["Replay:Wanted Poster","Abe\u0027s Treasure"],"picked":"Philosopher\u0027s Stone"}],"items_purged_floors":[3,10,19],"is_endless":false,"potions_floor_spawned":[7,8,16,22,24],"killed_by":"Book of Stabbing","ascension_level":14}}