{"host":"3qkmyeoym75lj4wn","time":1608683951,"event":{"mods":["2.2 Compatiblity","Act Like it!","BaseMod","Bestiary","Block Reminder","Colored Powertips","Downfall","Highlight Path","Minty Spire (QoL Compilation)","Permanent Neow","Rare Cards Sparkle","Relic Stats","StSLib"],"gold_per_floor":[199,209,226,36,49,149,175,175,201,221,51,63,63,96,115,115,115,115],"floor_reached":16,"playtime":652,"items_purged":[],"score":118,"play_id":"aa65adb4-9a54-440e-a807-68b1ab37517f","local_time":"20201223003911","is_ascension_mode":true,"campfire_choices":[{"data":"Slimebound:Split","floor":1,"key":"SMITH"},{"data":"Slimebound:LeadByExample","floor":8,"key":"SMITH"},{"data":"expansioncontent:DashGenerateEvil","floor":13,"key":"SMITH"}],"circlet_count":0,"master_deck":["Slimebound:Strike_Slimebound","Slimebound:Strike_Slimebound","Slimebound:Strike_Slimebound","Slimebound:Tackle","Slimebound:Defend_Slimebound","Slimebound:Defend_Slimebound","Slimebound:Defend_Slimebound","Slimebound:Defend_Slimebound","Slimebound:Split+1","Slimebound:CorrosiveSpit","Slimebound:RejuvenatingLick","Slimebound:SplitBruiser","Slimebound:RollThrough","expansioncontent:DashGenerateEvil+1","Slimebound:LeadByExample+1","Slimebound:LevelUp","Slimebound:SplitMire","Slimebound:OneTwoCombo","Slimebound:GoopSpray","Slimebound:Grow+1","Slimebound:ViciousTackle"],"relics":["Slimebound:AbsorbEndCombat","Happy Flower","Kunai","Sling","Frozen Egg 2"],"acts_visited":["Exordium"],"potions_floor_usage":[14,16],"damage_taken":[{"damage":12,"enemies":"Jaw Worm","floor":2,"turns":4},{"damage":12,"enemies":"2 Louse","floor":3,"turns":3},{"damage":23,"enemies":"downfall:FleeingMerchant","floor":4,"turns":4},{"damage":8,"enemies":"Cultist","floor":5,"turns":3},{"damage":36,"enemies":"Gremlin Nob","floor":9,"turns":3},{"damage":13,"enemies":"3 Louse","floor":10,"turns":3},{"damage":26,"enemies":"downfall:FleeingMerchant","floor":11,"turns":4},{"damage":9,"enemies":"Exordium Wildlife","floor":12,"turns":3},{"damage":21,"enemies":"Lagavulin","floor":14,"turns":4},{"damage":4,"enemies":"2 Fungi Beasts","floor":15,"turns":2},{"damage":55,"enemies":"downfall:Defect","floor":16,"turns":4}],"seed_played":"-904517497263240033","potions_obtained":[{"floor":2,"key":"Explosive Potion"},{"floor":9,"key":"Swift Potion"},{"floor":14,"key":"FearPotion"}],"is_trial":false,"path_per_floor":["R","M","M","$","M","?","T","R","E","M","$","M","R","E","M","B"],"character_chosen":"SLIMEBOUND","items_purchased":["expansioncontent:DashGenerateEvil","Sling"],"campfire_rested":0,"item_purchase_floors":[4,11],"current_hp_per_floor":[60,58,60,56,60,60,60,60,42,39,39,40,40,37,41,0,0,0],"gold":115,"neow_bonus":"HUNDRED_GOLD","is_daily":false,"chose_seed":false,"campfire_upgraded":3,"win_rate":0.0,"timestamp":1608683951,"path_taken":["R","M","M","$","M","?","T","R","E","M","$","M","R","E","M","BOSS"],"items_purchased_type":["Card","Relic"],"build_version":"2020-12-13","purchased_purges":0,"victory":false,"max_hp_per_floor":[60,60,60,60,60,60,60,60,60,60,60,60,60,60,60,60,60,60],"relic_stats":{"Happy Flower":[7],"counters":[11,35],"Kunai":[0],"obtain_stats":[{"Happy Flower":7,"Slimebound:AbsorbEndCombat":0,"Kunai":9,"Frozen Egg 2":14,"Sling":11},{"Happy Flower":4,"Slimebound:AbsorbEndCombat":0,"Kunai":5,"Frozen Egg 2":9,"Sling":7},{"Happy Flower":14,"Slimebound:AbsorbEndCombat":0,"Kunai":17,"Frozen Egg 2":30,"Sling":24}]},"card_choices":[{"not_picked":["Slimebound:FinishingTackle","Slimebound:SplitAcid"],"picked":"Slimebound:RejuvenatingLick","floor":2},{"not_picked":["Slimebound:ItLooksTasty","Slimebound:Gluttony"],"picked":"Slimebound:SplitBruiser","floor":3},{"not_picked":["Slimebound:HauntingLick","Slimebound:SlimeBrawl"],"picked":"Slimebound:RollThrough","floor":4},{"not_picked":["Slimebound:ViciousTackle","Slimebound:SplitLeeching"],"picked":"Slimebound:LeadByExample","floor":5},{"not_picked":["Slimebound:PressTheAttack","Slimebound:FormOfPuddle"],"picked":"Slimebound:LevelUp","floor":9},{"not_picked":["Slimebound:DivideAndConquer","Slimebound:TongueLash"],"picked":"Slimebound:SplitMire","floor":10},{"not_picked":["Slimebound:ServeAndProtect","Slimebound:SplitAcid"],"picked":"Slimebound:OneTwoCombo","floor":11},{"not_picked":["Slimebound:LeechEnergy","Slimebound:TongueLash"],"picked":"Slimebound:GoopSpray","floor":12},{"not_picked":["Slimebound:Schlurp","Slimebound:Equalize"],"picked":"Slimebound:Grow+1","floor":14},{"not_picked":["Slimebound:ComboTackle","Slimebound:PressTheAttack"],"picked":"Slimebound:ViciousTackle","floor":15}],"player_experience":1597482,"relics_obtained":[{"floor":7,"key":"Happy Flower"},{"floor":9,"key":"Kunai"},{"floor":14,"key":"Frozen Egg 2"}],"event_choices":[],"is_beta":false,"boss_relics":[],"items_purged_floors":[],"is_endless":false,"potions_floor_spawned":[2,9,14],"killed_by":"downfall:Defect","ascension_level":1}}