{"host":"5gc11emcm5chfr5t","time":1608690796,"event":{"mods":["2.2 Compatiblity","AchievementEnabler","BaseMod","Bestiary","Better Note","Colored Map","Colored Powertips","Downfall","Googly Eyes","Minty Spire (QoL Compilation)","Rare Cards Sparkle","StSLib"],"gold_per_floor":[99,99,99,99,99,130,130,130,143,91,103,28,47,62,82,160,160,160,180,180,200,18,36,60,60,335,347,358,358,358],"floor_reached":29,"playtime":931,"items_purged":[],"score":450,"play_id":"58f740cd-1447-47c6-9cb8-7690697f6401","local_time":"20201222213316","is_ascension_mode":true,"campfire_choices":[{"floor":1.0,"key":"RECALL"},{"floor":12.0,"key":"REST"},{"data":"sneckomod:UnknownRarePower","floor":18.0,"key":"SMITH"},{"floor":25.0,"key":"REST"}],"circlet_count":0,"master_deck":["AscendersBane","sneckomod:TailWhip","sneckomod:SnekBite","sneckomod:Unknown","sneckomod:Unknown","sneckomod:UnknownCommonSkill","sneckomod:QuickMove","sneckomod:UnknownUncommonSkill","sneckomod:UnknownRarePower+1","sneckomod:WideSting+1","sneckomod:UnknownStrength","sneckomod:IronFang+1","sneckomod:ImprovisedAttack+1","sneckomod:TrashToTreasure","sneckomod:SlitherStrike+1","sneckomod:Unknown2Cost","sneckomod:SoulCleanse","sneckomod:UnknownRareAttack+1","sneckomod:UnknownUncommonSkill+1","sneckomod:UnknownUncommonAttack+1","sneckomod:QuickBite+1","sneckomod:SnakeSap+1","sneckomod:SnekBeam+1","sneckomod:UnknownUncommonPower","sneckomod:MixItUp+1","sneckomod:UnknownStrike+1","sneckomod:UnknownEthereal","Regret","sneckomod:UnknownCommonSkill","sneckomod:WideSting+1"],"relics":["sneckomod:SneckoSoul","downfall:HeartsMalice","Molten Egg 2","sneckomod:CleanMud","downfall:HeartBlessingRed","Astrolabe","Juzu Bracelet"],"acts_visited":["Exordium","TheCity"],"potions_floor_usage":[29],"damage_taken":[{"damage":0.0,"enemies":"Jaw Worm","floor":2.0,"turns":1.0},{"damage":0.0,"enemies":"Cultist","floor":4.0,"turns":1.0},{"damage":0.0,"enemies":"2 Louse","floor":5.0,"turns":1.0},{"damage":42.0,"enemies":"Gremlin Nob","floor":6.0,"turns":5.0},{"damage":0.0,"enemies":"Exordium Wildlife","floor":9.0,"turns":3.0},{"damage":30.0,"enemies":"downfall:FleeingMerchant","floor":10.0,"turns":4.0},{"damage":0.0,"enemies":"3 Louse","floor":11.0,"turns":2.0},{"damage":9.0,"enemies":"Blue Slaver","floor":13.0,"turns":3.0},{"damage":2.0,"enemies":"Exordium Wildlife","floor":14.0,"turns":1.0},{"damage":0.0,"enemies":"Exordium Thugs","floor":15.0,"turns":2.0},{"damage":41.0,"enemies":"downfall:Silent","floor":16.0,"turns":8.0},{"damage":0.0,"enemies":"Chosen","floor":19.0,"turns":2.0},{"damage":19.0,"enemies":"Spheric Guardian","floor":21.0,"turns":4.0},{"damage":12.0,"enemies":"downfall:FleeingMerchant","floor":22.0,"turns":4.0},{"damage":34.0,"enemies":"Snake Plant","floor":23.0,"turns":4.0},{"damage":18.0,"enemies":"Centurion and Healer","floor":27.0,"turns":4.0},{"damage":17.0,"enemies":"Sentry and Sphere","floor":28.0,"turns":2.0},{"damage":16,"enemies":"downfall:FleeingMerchant","floor":29,"turns":2}],"seed_played":"-2968202571326993672","potions_obtained":[{"floor":9.0,"key":"DuplicationPotion"},{"floor":11.0,"key":"Regen Potion"},{"floor":13.0,"key":"SpeedPotion"},{"floor":21.0,"key":"champ:CounterPotion"},{"floor":23.0,"key":"GamblersBrew"},{"floor":27.0,"key":"champ:CounterPotion"},{"floor":28.0,"key":"LiquidBronze"}],"is_trial":false,"path_per_floor":["R","M","?","M","M","E","T","?","M","$","M","R","M","M","M","B",null,"R","M","?","M","$","M","T","R","?","M","M","$"],"character_chosen":"THE_SNECKO","items_purchased":["sneckomod:ImprovisedAttack+1","Juzu Bracelet"],"campfire_rested":2,"item_purchase_floors":[10,22],"current_hp_per_floor":[75,76,76,76,77,36,36,36,37,37,37,63,54,53,53,28,76,76,76,76,58,47,14,14,42,42,25,8,0,0],"gold":358,"neow_bonus":"THREE_ENEMY_KILL","is_daily":false,"chose_seed":false,"campfire_upgraded":1,"win_rate":0.0,"timestamp":1608690796,"path_taken":["R","M","?","?","M","E","T","?","M","$","M","R","M","?","M","BOSS","R","M","?","M","?","M","T","R","?","M","M","$"],"items_purchased_type":["Card","Relic"],"build_version":"2020-12-13","purchased_purges":0,"victory":false,"max_hp_per_floor":[83,84,84,84,85,86,86,86,87,87,87,87,87,88,88,89,91,91,91,91,92,93,94,94,94,94,95,95,100,100],"card_choices":[{"not_picked":["sneckomod:DiceBlock","sneckomod:DiceCrush"],"picked":"sneckomod:UnknownCommonSkill","floor":2.0},{"not_picked":["sneckomod:UnknownClassGUARDIAN","sneckomod:SoulDraw"],"picked":"sneckomod:QuickMove","floor":4.0},{"not_picked":["sneckomod:Unknown0Cost","sneckomod:UnknownStrike"],"picked":"sneckomod:UnknownUncommonSkill","floor":5.0},{"not_picked":["sneckomod:UnknownWeak","sneckomod:UnknownCommonAttack+1"],"picked":"sneckomod:UnknownRarePower","floor":6.0},{"not_picked":["sneckomod:UnknownStrike+1","sneckomod:UnknownEthereal"],"picked":"sneckomod:UnknownStrength","floor":9.0},{"not_picked":["sneckomod:SoulRoll","sneckomod:Unknown0Cost"],"picked":"sneckomod:IronFang+1","floor":10.0},{"not_picked":["sneckomod:SoulDraw","sneckomod:UnknownClassTHE_CHAMP_GRAY"],"picked":"sneckomod:TrashToTreasure","floor":11.0},{"not_picked":["sneckomod:UnknownCommonAttack+1","sneckomod:SoulRoll"],"picked":"sneckomod:SlitherStrike+1","floor":13.0},{"not_picked":["sneckomod:DiceBlock","sneckomod:UnknownCommonAttack+1"],"picked":"sneckomod:Unknown2Cost","floor":14.0},{"not_picked":["sneckomod:WideSting+1","sneckomod:UnknownX"],"picked":"sneckomod:SoulCleanse","floor":15.0},{"not_picked":["sneckomod:MorePower","sneckomod:Restock"],"picked":"sneckomod:UnknownRareAttack+1","floor":16.0},{"not_picked":["sneckomod:UnknownUncommonAttack+1","sneckomod:DefensiveFlair"],"picked":"sneckomod:SnakeSap+1","floor":19.0},{"not_picked":["sneckomod:Unknown1Cost","sneckomod:SoulDraw"],"picked":"sneckomod:UnknownUncommonPower","floor":21.0},{"not_picked":["sneckomod:SoulDraw","sneckomod:ImprovisedGuard"],"picked":"sneckomod:MixItUp+1","floor":22.0},{"not_picked":["sneckomod:TrashToTreasure","sneckomod:Unknown1Cost"],"picked":"sneckomod:UnknownStrike+1","floor":22.0},{"not_picked":["sneckomod:RainOfDice+1","sneckomod:UnknownClassGUARDIAN"],"picked":"sneckomod:UnknownEthereal","floor":23.0},{"not_picked":["sneckomod:DiceCrush+1","sneckomod:TrashToTreasure+1"],"picked":"sneckomod:UnknownCommonSkill","floor":27.0},{"not_picked":["sneckomod:UnknownBlock","sneckomod:UnknownEthereal"],"picked":"sneckomod:WideSting+1","floor":28.0}],"player_experience":481904,"relics_obtained":[{"floor":6.0,"key":"Molten Egg 2"},{"floor":7.0,"key":"sneckomod:CleanMud"}],"event_choices":[{"cards_removed":["sneckomod:Strike"],"damage_healed":0.0,"max_hp_gain":0.0,"max_hp_loss":0.0,"gold_gain":0.0,"event_name":"Bonfire Elementals","player_choice":"Offered Basic","floor":3.0,"gold_loss":0.0,"damage_taken":0.0},{"damage_healed":0.0,"max_hp_gain":0.0,"max_hp_loss":0.0,"gold_gain":0.0,"cards_transformed":["sneckomod:Defend"],"event_name":"Transmorgrifier","player_choice":"Transformed","floor":8.0,"gold_loss":0.0,"damage_taken":0.0,"cards_obtained":["sneckomod:WideSting"]},{"damage_healed":0.0,"max_hp_gain":0.0,"max_hp_loss":0.0,"gold_gain":0.0,"cards_transformed":["sneckomod:Defend"],"event_name":"Transmorgrifier","player_choice":"Transformed","floor":20.0,"gold_loss":0.0,"damage_taken":0.0,"cards_obtained":["sneckomod:SnekBeam"]}],"is_beta":false,"boss_relics":[{"not_picked":["Coffee Dripper","sneckomod:SuperSneckoSoul"],"picked":"Astrolabe"}],"items_purged_floors":[],"is_endless":false,"potions_floor_spawned":[9,11,13,14,15,21,23,27,28],"killed_by":"downfall:FleeingMerchant","ascension_level":20}}