{"host":"brlhu57vzmgrzvkq","time":1608708450,"event":{"mods":["AchievementEnabler","BaseMod","Colored Map","Downfall","Hermit","Minty Spire (QoL Compilation)","StSLib","SuperFastMode","The Cursed","The Servant 0.9.4"],"gold_per_floor":[199,210,210,224,238,238,238,250,268,268,16,51,64,64,81,186,186,186,186,186,93,93,93,93,93,93,93,93,93,93],"floor_reached":28,"playtime":1085,"items_purged":["Guardian:Strike_Guardian"],"score":244,"play_id":"d87b36bc-36b1-4894-aba1-b47ae61b4d31","local_time":"20201223002730","is_ascension_mode":false,"campfire_choices":[{"data":"Guardian:CurlUp","floor":1,"key":"SMITH"},{"data":"Guardian:RollAttack","floor":6,"key":"SMITH"},{"data":"Guardian:GuardianWhirl","floor":10,"key":"SMITH"},{"data":"Guardian:TimeSifter","floor":18,"key":"SMITH"},{"floor":23,"key":"REST"}],"circlet_count":0,"master_deck":["Guardian:Strike_Guardian","Guardian:Strike_Guardian","Guardian:Strike_Guardian","Guardian:Defend_Guardian","Guardian:Defend_Guardian","Guardian:Defend_Guardian","Guardian:Defend_Guardian","Guardian:CurlUp+1","Guardian:TwinSlam","Guardian:RollAttack+1","Guardian:PiercingHide","Guardian:ChargeCore","Guardian:GuardianWhirl+1","Guardian:RevengeProtocol+1","Guardian:FastForward","Guardian:ShieldCharger","Guardian:TimeSifter+1","Guardian:Reroute","Guardian:Planning","Guardian:TimeCapacitor","Guardian:Gem_Synthetic","Guardian:WalkerClaw","Guardian:CrystalBeam+1"],"relics":["Guardian:ModeShifter","Mummified Hand","Toy Ornithopter","Ectoplasm","Oddly Smooth Stone","Incense Burner"],"acts_visited":["Exordium","TheCity"],"potions_floor_usage":[16,25,25],"damage_taken":[{"damage":5,"enemies":"Jaw Worm","floor":2,"turns":5},{"damage":3,"enemies":"Cultist","floor":4,"turns":4},{"damage":9,"enemies":"2 Louse","floor":5,"turns":2},{"damage":3,"enemies":"Lots of Slimes","floor":8,"turns":2},{"damage":3,"enemies":"2 Fungi Beasts","floor":9,"turns":3},{"damage":5,"enemies":"downfall:FleeingMerchant","floor":11,"turns":4},{"damage":7,"enemies":"Lagavulin","floor":12,"turns":5},{"damage":5,"enemies":"Blue Slaver","floor":13,"turns":4},{"damage":0,"enemies":"Lots of Slimes","floor":15,"turns":1},{"damage":23,"enemies":"downfall:Ironclad","floor":16,"turns":9},{"damage":0,"enemies":"3 Byrds","floor":19,"turns":3},{"damage":20,"enemies":"Shelled Parasite and Fungi","floor":20,"turns":6},{"damage":15,"enemies":"downfall:FleeingMerchant","floor":21,"turns":4},{"damage":23,"enemies":"Snake Plant","floor":22,"turns":5},{"damage":22,"enemies":"Slavers","floor":25,"turns":3},{"damage":14,"enemies":"Sentry and Sphere","floor":26,"turns":6},{"damage":5,"enemies":"Cultist and Chosen","floor":27,"turns":7},{"damage":27,"enemies":"Book of Stabbing","floor":28,"turns":2}],"seed_played":"3464169369147062124","potions_obtained":[{"floor":8,"key":"EssenceOfSteel"},{"floor":12,"key":"SteroidPotion"},{"floor":15,"key":"champ:CounterPotion"},{"floor":16,"key":"Regen Potion"},{"floor":25,"key":"SteroidPotion"},{"floor":26,"key":"Ancient Potion"}],"is_trial":false,"path_per_floor":["R","M","?","M","M","R","T","M","M","R","$","E","M","?","M","B",null,"R","M","M","$","M","R","T","E","M","M","E"],"character_chosen":"GUARDIAN","items_purchased":["Guardian:Gem_Orange","Guardian:TimeCapacitor"],"campfire_rested":1,"item_purchase_floors":[11,21],"current_hp_per_floor":[80,75,75,72,63,63,63,60,57,57,52,45,40,40,40,22,80,80,80,60,45,22,46,46,39,25,20,0,0,0],"gold":93,"neow_bonus":"HUNDRED_GOLD","is_daily":false,"chose_seed":false,"campfire_upgraded":4,"win_rate":0.0,"timestamp":1608708450,"path_taken":["R","M","?","M","M","R","T","?","M","R","$","E","M","?","M","BOSS","R","M","M","?","M","R","T","E","M","M","E"],"items_purchased_type":["Card","Card"],"build_version":"2020-12-22","purchased_purges":1,"victory":false,"max_hp_per_floor":[80,80,80,80,80,80,80,80,80,80,80,80,80,80,80,80,80,80,80,80,80,80,80,80,80,80,80,80,80,80],"card_choices":[{"not_picked":["Guardian:Recover","Guardian:Incinerate"],"picked":"Guardian:Gem_Lightblue","floor":2},{"not_picked":["Guardian:BronzeArmor","Guardian:ShieldCharger"],"picked":"Guardian:RollAttack","floor":4},{"not_picked":["Guardian:Gem_Red","Guardian:Recover"],"picked":"Guardian:PiercingHide","floor":5},{"not_picked":["Guardian:Gem_Lightblue","Guardian:Gem_Cyan"],"picked":"Guardian:ChargeCore","floor":8},{"not_picked":["Guardian:Emergency","Guardian:Incinerate"],"picked":"Guardian:GuardianWhirl","floor":9},{"not_picked":["Guardian:Clone","Guardian:WalkerClaw"],"picked":"Guardian:RevengeProtocol","floor":11},{"not_picked":["Guardian:RollAttack","Guardian:PrimingBeam"],"picked":"Guardian:FastForward","floor":12},{"not_picked":["Guardian:Gem_Lightblue","Guardian:BronzeOrb"],"picked":"Guardian:ShieldCharger","floor":13},{"not_picked":["Guardian:DonusPower","Guardian:Harden"],"picked":"Guardian:Gem_Blue","floor":15},{"not_picked":["Guardian:HyperBeam_Guardian","Guardian:StasisField"],"picked":"Guardian:TimeSifter","floor":16},{"not_picked":["Guardian:Incinerate","Guardian:ShieldCharger"],"picked":"Guardian:Reroute","floor":19},{"not_picked":["Guardian:SentryBeam","Guardian:Incinerate"],"picked":"Guardian:Planning","floor":20},{"not_picked":["Guardian:ShieldCharger+1","Guardian:ChargeCore"],"picked":"Guardian:Gem_Lightblue","floor":21},{"not_picked":["Guardian:Gem_Cyan","Guardian:PiercingHide+1"],"picked":"Guardian:Gem_Red","floor":22},{"not_picked":["Guardian:DonusPower","Guardian:ShieldSpikes"],"picked":"Guardian:Gem_Synthetic","floor":25},{"not_picked":["Guardian:Recover","Guardian:PrismaticBarrier+1"],"picked":"Guardian:WalkerClaw","floor":26},{"not_picked":["Guardian:Recover","Guardian:ChargeCore"],"picked":"Guardian:CrystalBeam+1","floor":27}],"player_experience":78132,"relics_obtained":[{"floor":7,"key":"Mummified Hand"},{"floor":12,"key":"Toy Ornithopter"},{"floor":24,"key":"Oddly Smooth Stone"},{"floor":25,"key":"Incense Burner"}],"event_choices":[],"is_beta":false,"boss_relics":[{"not_picked":["Empty Cage","Astrolabe"],"picked":"Ectoplasm"}],"items_purged_floors":[11],"is_endless":false,"potions_floor_spawned":[8,12,15,16,20,25,26],"killed_by":"Book of Stabbing","ascension_level":0}}