{"host":"4k3z1vmw52e7hl04","time":1608690300,"event":{"mods":["AchievementEnabler","Aspiration","BaseMod","Best Route Mod","Better Altar","Better Match","Better Note","Better Third Choice","Block Reminder","Colored Powertips","GifTheSpireLib","Hermit","HexUI Lib","Highlight Path","Hubris","Infinite Spire","Minty Spire (QoL Compilation)","Rare Cards Sparkle","Replay The Spire","Shop Mod","Spicy Shops","StSLib","Stuff the Spire","SuperFastMode","Synergy Search","The Animator","The Bug Knight","The Runesmith","everything is the same but u backflip on backflip"],"gold_per_floor":[119,129,129,141,141,172,195,195,195,217,217,237,237,34,34,156,156,183,202,41,41,121,121,21,21,21,63,63,67,67,67,67,177,177,200,227,255,257,257,302,302,324,349,364,382,406,406,432,432,577,877,886,888,915,915,915,915,368,379,379,379,379,379,409,426,426,528,528,533,533,533,533,539,539,551,558,558,558,558,637,542,562,568,575,575,672,672,684,546,556,556,556,556,552,552,552,584,592,592],"floor_reached":98,"playtime":4654,"items_purged":["Defend_R","Writhe","Defend_R"],"score":1609,"play_id":"0641f7a8-2518-4a68-be5e-68e1ca55789c","local_time":"20201222182500","is_ascension_mode":false,"campfire_choices":[{"floor":8.0,"key":"REST"},{"floor":13.0,"key":"REST"},{"data":"Metallicize","floor":15.0,"key":"SMITH"},{"data":"Brutality","floor":23,"key":"SMITH"},{"data":"Limit Break","floor":28,"key":"SMITH"},{"floor":30,"key":"REST"},{"floor":32,"key":"REST"},{"floor":41,"key":"RECALL"},{"data":"Rupture","floor":57,"key":"SMITH"},{"data":"Demon Form","floor":62,"key":"SMITH"},{"data":"Injury","floor":66,"key":"PURGE"},{"data":"Rupture","floor":74,"key":"SMITH"},{"floor":85,"key":"DIG"},{"floor":93,"key":"DIG"}],"circlet_count":0,"master_deck":["Strike_R+1","Strike_R","Strike_R","Strike_R","Strike_R","Defend_R+1","Bash","Run Through","Combust","Genetic Algorithm","StuffTheSpire:BloodClot+1","infinitespire:DeathsTouch","Limit Break+1","Hemokinesis","Metallicize+1","Inflame","Blood for Blood","Flex","Brutality+1","Rage+1","Demon Form+1","Rupture+1","Double Tap","Shrug It Off+1","Thunderclap","Twin Strike","Madness","Madness","Berserk","Infernal Blade+1","Bloodletting+1","Offering+1","Flex","Rupture+1","Hemokinesis+1","Shockwave","Inflame","Demon Form","Necronomicurse","Sentinel+1","Pommel Strike","Hemogenesis","hubris:DuctTapeCard","Carnage","Pummel","Heavy Blade","Twin Strike+1","infinitespire:UltimateForm"],"relics":["Burning Blood","infinitespire:Midas Blood","hubris:Towel","hubris:Backtick","TungstenRod","Orichalcum","Sundial","Shuriken","Bloody Idol","Nloth\u0027s Gift","Sozu","hubris:Icosahedron","Iron Hammer","Bag of Preparation","Replay:Ancient Bell","Simple Rune","Gremlin Horn","Old Coin","Juzu Bracelet","infinitespire:Golems Mask","MerchantsRug","Bottled Lightning","aspiration:ChemicalBlood","hubris:Stopwatch","infinitespire:Lucky Rock","hubris:OldNail","Necronomicon","StuffTheSpire:Mouthbags","Shovel","aspiration:SeaSaltIceCream","aspiration:Nostalgia","hubris:MysteriousPyramids","hubris:DuctTape","Counterbalance","aspiration:MobileForge","StuffTheSpire:Experiment12","hubris:Zylophone","hubris:GlazedTorus"],"acts_visited":["Exordium","TheCity","TheBeyond","Exordium","TheCity","TheBeyond"],"potions_floor_usage":[22,29,33,42],"damage_taken":[{"damage":15.0,"enemies":"Small Slimes","floor":1.0,"turns":4.0},{"damage":6.0,"enemies":"Cultist","floor":2.0,"turns":3.0},{"damage":6.0,"enemies":"Jaw Worm","floor":4.0,"turns":3.0},{"damage":25.0,"enemies":"3 Sentries","floor":6.0,"turns":3.0},{"damage":3.0,"enemies":"3 Louse","floor":7.0,"turns":4.0},{"damage":14.0,"enemies":"Exordium Thugs","floor":10.0,"turns":6.0},{"damage":11.0,"enemies":"Blue Slaver","floor":12.0,"turns":3.0},{"damage":39.0,"enemies":"The Guardian","floor":16.0,"turns":8.0},{"damage":17.0,"enemies":"Shell Parasite","floor":18.0,"turns":5.0},{"damage":19.0,"enemies":"2 Thieves","floor":19.0,"turns":4.0},{"damage":24,"enemies":"Replay:Snechameleon","floor":27,"turns":8},{"damage":20,"enemies":"Champ","floor":33,"turns":10},{"damage":17,"enemies":"Orb Walker","floor":35,"turns":4},{"damage":27,"enemies":"3 Shapes","floor":36,"turns":5},{"damage":26,"enemies":"Writhing Mass","floor":37,"turns":5},{"damage":54,"enemies":"Nightmare","floor":40,"turns":7},{"damage":4,"enemies":"3 Darklings","floor":42,"turns":4},{"damage":18,"enemies":"Maw","floor":44,"turns":6},{"damage":18,"enemies":"Sphere and 2 Shapes","floor":45,"turns":5},{"damage":16,"enemies":"4 Shapes","floor":46,"turns":5},{"damage":31,"enemies":"Maw","floor":48,"turns":6},{"damage":70,"enemies":"infinitespire:MassOfShapes","floor":50,"turns":9},{"damage":0,"enemies":"2 Louse","floor":52,"turns":1},{"damage":7,"enemies":"Jaw Worm","floor":59,"turns":1},{"damage":162,"enemies":"Nightmare","floor":64,"turns":6},{"damage":6,"enemies":"Cultist","floor":65,"turns":2},{"damage":34,"enemies":"Hexaghost","floor":67,"turns":3},{"damage":7,"enemies":"Chosen","floor":69,"turns":2},{"damage":5,"enemies":"Shell Parasite","floor":75,"turns":1},{"damage":5,"enemies":"3 Cultists","floor":76,"turns":2},{"damage":14,"enemies":"Colosseum Slavers","floor":80,"turns":4},{"damage":6,"enemies":"Colosseum Nobs","floor":80,"turns":2},{"damage":34,"enemies":"Book of Stabbing","floor":82,"turns":3},{"damage":6,"enemies":"Cultist and Chosen","floor":83,"turns":2},{"damage":7,"enemies":"Centurion and Healer","floor":84,"turns":2},{"damage":9,"enemies":"Collector","floor":86,"turns":2},{"damage":8,"enemies":"3 Darklings","floor":88,"turns":1},{"damage":6,"enemies":"Orb Walker","floor":90,"turns":1},{"damage":5,"enemies":"Transient","floor":94,"turns":4},{"damage":6,"enemies":"Mind Bloom Boss Battle","floor":97,"turns":3},{"damage":4,"enemies":"infinitespire:Three Voidlings","floor":98,"turns":1},{"damage":154,"enemies":"Nightmare_Alpha","floor":98,"turns":4}],"seed_played":"-3559042536064894247","potions_obtained":[{"floor":1.0,"key":"Block Potion"},{"floor":2.0,"key":"BlessingOfTheForge"},{"floor":10.0,"key":"Milkshake"},{"floor":12.0,"key":"AttackPotion"},{"floor":16.0,"key":"AttackPotion"},{"floor":18.0,"key":"BloodPotion"},{"floor":19.0,"key":"Explosive Potion"},{"floor":22,"key":"FearPotion"},{"floor":22,"key":"BloodPotion"}],"is_trial":false,"path_per_floor":["M","M","?","M","?","E","M","R","T","M","?","M","R","$","R","B",null,"M","M","$","?","?","R","$","?","T","E","R","?","R","?","R","B",null,"M","M","M","?","?","NM","R","M","T","M","M","M","AVR","M","R","B",null,"M","?","T","?","?","R","$","M","T","?","R","?","NM","M","R","B",null,"M","?","?","AVR","?","R","M","M","T","PTL","PTL","?","$","E","M","M","R","B",null,"M","$","M","?","?","R","M","?","T","?","?"],"character_chosen":"IRONCLAD","items_purchased":["BargainBundle","Blood for Blood","Flex","FairyPotion","SkillPotion","Adrenaline Potion","Rupture","Orichalcum","infinitespire:Golems Mask","MerchantsRug","Rupture","Hemokinesis+1","hubris:MysteriousPyramids","Heavy Blade"],"campfire_rested":4,"item_purchase_floors":[14,14,14,14,14,14,20,20,58,58,58,58,81,89],"current_hp_per_floor":[71,71,71,71,50,31,34,58,58,50,50,45,69,69,69,36,80,69,56,56,56,72,72,72,72,72,54,54,21,45,45,69,75,80,80,80,79,71,71,68,68,80,80,78,80,80,80,70,80,80,80,80,74,79,79,79,79,80,80,80,80,80,80,21,36,36,58,80,80,80,80,80,71,71,80,80,80,80,80,80,80,76,80,80,80,80,80,80,80,80,80,80,80,80,80,80,80,0,0],"gold":592,"neow_bonus":"DSIX","is_daily":false,"chose_seed":false,"campfire_upgraded":6,"win_rate":0.0,"timestamp":1608690300,"path_taken":["M","M","?","?","?","E","M","R","T","M","?","?","R","$","R","BOSS","M","M","$","?","?","R","$","?","T","E","R","?","R","?","R","BOSS","M","M","M","?","?","NM","R","M","T","M","M","M","AVR","M","R","BOSS","M","?","?","?","?","R","$","M","T","?","R","?","NM","M","R","BOSS","M","?","?","AVR","?","R","M","M","T","PTL","PTL","?","$","E","M","M","R","BOSS","M","$","M","?","?","R","M","?","T","?","?"],"items_purchased_type":["Relic","Card","Card","Potion","Potion","Potion","Card","Relic","Relic","Relic","Card","Card","Relic","Card"],"build_version":"2020-12-13","purchased_purges":3,"victory":false,"max_hp_per_floor":[80,80,80,80,80,80,80,80,80,80,80,80,80,80,80,80,80,80,80,80,80,80,80,80,80,80,80,80,80,80,80,80,80,80,80,80,80,80,80,80,80,80,80,80,80,80,80,80,80,80,80,80,80,80,80,80,80,80,80,80,80,80,80,80,80,80,80,80,80,80,80,80,80,80,80,80,80,80,80,80,80,80,80,80,80,80,80,80,80,80,80,80,80,80,80,80,80,80,80],"card_choices":[{"not_picked":["Armaments","hubris:ReadiedAction"],"picked":"Run Through","floor":1.0},{"not_picked":["Thunderclap","Entrench"],"picked":"Combust","floor":2.0},{"not_picked":["ReplayTheSpireMod:Muscle Training","hubris:SharpeningStone"],"picked":"StuffTheSpire:BloodClot","floor":4.0},{"not_picked":["hubris:Rewind","infinitespire:FutureSight"],"picked":"infinitespire:DeathsTouch","floor":5.0},{"not_picked":["Run Through","Replay:Undeath\u0027s Touch"],"picked":"Limit Break","floor":6.0},{"not_picked":["Shockwave","Perfected Strike"],"picked":"Hemokinesis","floor":7.0},{"not_picked":["Run Through","Reckless Charge"],"picked":"Metallicize","floor":10.0},{"not_picked":["Heavy Blade","Run Through"],"picked":"Inflame","floor":12.0},{"not_picked":["Impervious","StuffTheSpire:TitanForm"],"picked":"Brutality","floor":16.0},{"not_picked":["Iron Wave","hubris:CleavingFinish"],"picked":"Rage+1","floor":18.0},{"not_picked":["Iron Wave+1","Headbutt"],"picked":"Demon Form","floor":19.0},{"not_picked":["Anger","Iron Wave"],"picked":"Heavy Blade+1","floor":22},{"not_picked":["Cleave","StuffTheSpire:RockThrow","Pommel Strike"],"picked":"SKIP","floor":27},{"not_picked":["Limit Break","Replay:Many Hands"],"picked":"Double Tap","floor":33},{"not_picked":["Carnage+1","Double Tap"],"picked":"Shrug It Off+1","floor":35},{"not_picked":["True Grit","Uppercut+1"],"picked":"Thunderclap","floor":36},{"not_picked":["Headbutt","ReplayTheSpireMod:Strike From Hell"],"picked":"Twin Strike","floor":37},{"not_picked":["Shrug It Off","Clothesline"],"picked":"Berserk","floor":40},{"not_picked":["StuffTheSpire:RockThrow+1","Perfected Strike","Bludgeon"],"picked":"SKIP","floor":42},{"not_picked":["Warcry","Body Slam+1"],"picked":"Infernal Blade+1","floor":44},{"not_picked":["StuffTheSpire:Slingshot+1","Armaments"],"picked":"Bloodletting+1","floor":45},{"not_picked":["Dark Embrace","Reckless Charge","Warcry"],"picked":"SKIP","floor":46},{"not_picked":["Flame Barrier","Shrug It Off+1"],"picked":"ReplayTheSpireMod:Corrosion Curse+1","floor":48},{"not_picked":["Hemogenesis","Juggernaut"],"picked":"Offering","floor":50},{"not_picked":["Writhe","ReplayTheSpireMod:Restless Dread"],"picked":"animator:Curse_Nutcracker","floor":51},{"not_picked":["ReplayTheSpireMod:Restless Dread","CurseOfTheBell"],"picked":"hubris:Lust","floor":51},{"not_picked":["animator:Curse_Greed","Overencumbered"],"picked":"Injury","floor":51},{"not_picked":["Thunderclap","Massacre"],"picked":"Flex","floor":52},{"not_picked":["Rampage","Armaments","Exhume"],"picked":"SKIP","floor":59},{"not_picked":["Warcry","Thunderclap"],"picked":"Shockwave","floor":64},{"not_picked":["ReplayTheSpireMod:Strike From Hell","Headbutt"],"picked":"Inflame","floor":65},{"not_picked":["Reaper","Berserk"],"picked":"Demon Form","floor":67},{"not_picked":["Clash","Sword Boomerang","Replay:Undeath\u0027s Touch+1"],"picked":"SKIP","floor":69},{"not_picked":["Life Link","Replay:Undeath\u0027s Touch"],"picked":"Sentinel+1","floor":75},{"not_picked":["Searing Blow","Rampage+1","StuffTheSpire:Incineration"],"picked":"SKIP","floor":76},{"not_picked":["Clash","Body Slam+1"],"picked":"Pommel Strike","floor":80},{"not_picked":["Perfected Strike+1","Demonic Infusion"],"picked":"Hemogenesis","floor":82},{"not_picked":["Run Through","Clash+1"],"picked":"Carnage","floor":83},{"not_picked":["ReplayTheSpireMod:Strike From Hell","Dark Embrace","Iron Wave"],"picked":"SKIP","floor":84},{"not_picked":["Anger","Havoc"],"picked":"Pummel","floor":88},{"not_picked":["Iron Wave+1","Limit Break"],"picked":"Twin Strike+1","floor":90},{"not_picked":["Cleave","ReplayTheSpireMod:Stacked+1","Clash+1"],"picked":"SKIP","floor":94},{"not_picked":["infinitespire:SealOfDarkness+","ReplayTheSpireMod:Echoes of Time"],"picked":"infinitespire:UltimateForm","floor":95}],"player_experience":265939,"relics_obtained":[{"floor":6.0,"key":"infinitespire:Midas Blood"},{"floor":26,"key":"Sundial"},{"floor":27,"key":"Shuriken"},{"floor":40,"key":"Iron Hammer"},{"floor":54,"key":"Juzu Bracelet"},{"floor":60,"key":"Bottled Lightning"},{"floor":64,"key":"aspiration:ChemicalBlood"},{"floor":73,"key":"Necronomicon"},{"floor":77,"key":"StuffTheSpire:Mouthbags"},{"floor":80,"key":"Shovel"},{"floor":80,"key":"aspiration:SeaSaltIceCream"},{"floor":82,"key":"hubris:DuctTape"},{"floor":85,"key":"Counterbalance"},{"floor":93,"key":"StuffTheSpire:Experiment12"},{"floor":96,"key":"hubris:Zylophone"},{"floor":97,"key":"hubris:GlazedTorus"}],"event_choices":[{"cards_removed":["Run Through"],"damage_healed":0.0,"max_hp_gain":0.0,"max_hp_loss":0.0,"gold_gain":0.0,"event_name":"betterNote:BetterNote","player_choice":"Take \u0026 Give","floor":3.0,"gold_loss":0.0,"damage_taken":0.0,"cards_obtained":["Genetic Algorithm"]},{"damage_healed":0,"gold_gain":0,"player_choice":" Idol Vial ","damage_taken":61,"relics_obtained":["Bloody Idol","Blood Vial"],"max_hp_gain":54,"max_hp_loss":21,"event_name":"betterAltar:BetterAltar","floor":29,"potions_obtained":[],"relics_lost":[],"gold_loss":0},{"damage_healed":0,"gold_gain":0,"player_choice":"Traded Relic","damage_taken":0,"relics_obtained":["Nloth\u0027s Gift"],"max_hp_gain":0,"max_hp_loss":0,"event_name":"N\u0027loth","floor":31,"relics_lost":["Blood Vial"],"gold_loss":0},{"damage_healed":0,"gold_gain":0,"player_choice":"Embrace Madness","damage_taken":10,"max_hp_gain":0,"max_hp_loss":0,"event_name":"Winding Halls","floor":38,"gold_loss":0,"cards_obtained":["Madness","Madness"]},{"cards_removed":["animator:Curse_Nutcracker"],"damage_healed":0,"gold_gain":0,"player_choice":"Card Removal","damage_taken":7,"max_hp_gain":0,"max_hp_loss":0,"event_name":"Golden Wing","floor":53,"gold_loss":0},{"damage_healed":0,"gold_gain":0,"player_choice":"Upgraded","damage_taken":0,"max_hp_gain":0,"max_hp_loss":0,"event_name":"Upgrade Shrine","floor":55,"gold_loss":0,"cards_upgraded":["Offering"]},{"cards_removed":["hubris:Lust"],"damage_healed":0,"gold_gain":0,"player_choice":"Forget","damage_taken":0,"max_hp_gain":0,"max_hp_loss":0,"event_name":"Living Wall","floor":56,"gold_loss":0},{"cards_removed":["ReplayTheSpireMod:Corrosion Curse"],"damage_healed":0,"gold_gain":0,"player_choice":"Offered Uncommon","damage_taken":0,"max_hp_gain":0,"max_hp_loss":0,"event_name":"Bonfire Elementals","floor":61,"gold_loss":0},{"cards_removed":["Demon Form"],"damage_healed":0,"gold_gain":0,"player_choice":"Give","damage_taken":0,"max_hp_gain":0,"max_hp_loss":0,"event_name":"betterNote:BetterNote","floor":63,"gold_loss":0,"cards_obtained":["Run Through"]},{"damage_healed":0,"gold_gain":0,"player_choice":"Opened","damage_taken":0,"relics_obtained":["infinitespire:Lucky Rock"],"max_hp_gain":0,"max_hp_loss":0,"event_name":"The Mausoleum","floor":70,"gold_loss":0},{"damage_healed":0,"gold_gain":0,"player_choice":"Ignored","damage_taken":0,"max_hp_gain":0,"max_hp_loss":0,"event_name":"Beggar","floor":71,"gold_loss":0},{"damage_healed":0,"gold_gain":0,"player_choice":"Obtained Book","damage_taken":16,"max_hp_gain":0,"max_hp_loss":0,"event_name":"Cursed Tome","floor":73,"gold_loss":0},{"damage_healed":0,"gold_gain":0,"player_choice":"Fight","damage_taken":0,"max_hp_gain":0,"max_hp_loss":0,"event_name":"Colosseum","floor":80,"gold_loss":0},{"damage_healed":0,"gold_gain":0,"player_choice":"Fought Nobs","damage_taken":0,"max_hp_gain":0,"max_hp_loss":0,"event_name":"Colosseum","floor":80,"gold_loss":0},{"cards_removed":["Defend_R"],"damage_healed":0,"gold_gain":0,"player_choice":"Removed Skill","damage_taken":0,"max_hp_gain":0,"max_hp_loss":0,"event_name":"Falling","floor":92,"gold_loss":0},{"damage_healed":0,"gold_gain":0,"player_choice":"Ignored","damage_taken":0,"max_hp_gain":0,"max_hp_loss":0,"event_name":"betterThird:BetterPortal","floor":95,"gold_loss":0},{"damage_healed":0,"gold_gain":0,"player_choice":"Fight","damage_taken":0,"max_hp_gain":0,"max_hp_loss":0,"event_name":"MindBloom","floor":97,"gold_loss":0}],"is_beta":false,"boss_relics":[{"not_picked":["Electric Blood","aspiration:RitualDagger"],"picked":"hubris:Backtick"},{"not_picked":["StuffTheSpire:ModemDavis","Replay:Wanted Poster"],"picked":"Sozu"},{"not_picked":["Replay:Drink Me","Mark of Pain"],"picked":"Replay:Ancient Bell"},{"not_picked":["hubris:ToyBattleship","Bag of Preparation"],"picked":"Simple Rune"},{"not_picked":["HollowMod:StagPassRelic","StuffTheSpire:SapphireSignet"],"picked":"Gremlin Horn"},{"not_picked":["StoneCalendar","FossilizedHelix"],"picked":"Old Coin"},{"not_picked":["Honey Jar","ChewingGum"],"picked":"hubris:Stopwatch"},{"not_picked":["Snecko Eye","Black Blood"],"picked":"aspiration:MobileForge"}],"items_purged_floors":[14,24,47],"is_endless":true,"potions_floor_spawned":[1,2,10,12,16,18,19,35,45,46,48,52,65,67,80,83,86,94,97],"killed_by":"Nightmare_Alpha","ascension_level":0}}