{"host":"a1eatafr7pisesky","time":1608721696,"event":{"mods":["BaseMod","Colored Map","DeckTracker","Highlight Path","Keyboard Shortcuts","Minty Spire (QoL Compilation)","Permanent Neow","Random Character Button","StSLib","SuperFastMode"],"gold_per_floor":[111,111,111,36,51,86,86,129,129,148,148,186,86,86,86,212,212,237,237,237,2,15,15,15,15,15],"floor_reached":25,"playtime":459,"items_purged":["Strike_B","Strike_B"],"score":288,"play_id":"e6e9cac5-686b-4f7e-b59c-43768c8b3302","local_time":"20201223200816","is_ascension_mode":true,"campfire_choices":[{"data":"Dualcast","floor":7.0,"key":"SMITH"},{"data":"Skim","floor":11.0,"key":"SMITH"},{"floor":15.0,"key":"REST"},{"data":"Creative AI","floor":23.0,"key":"SMITH"}],"circlet_count":0,"master_deck":["Defend_B","Defend_B","Defend_B","Zap","Dualcast+1","Ball Lightning","Skim+1","Loop","Turbo","Creative AI+1","Scrape+1","Streamline+1","Skim+1","Auto Shields","Dark Shackles","Leap+1"],"relics":["Cracked Core","NeowsBlessing","Bloody Idol","Dead Branch","Calipers","Meat on the Bone","Toy Ornithopter","Matryoshka","Astrolabe","Medical Kit"],"acts_visited":["Exordium","TheCity"],"potions_floor_usage":[],"damage_taken":[{"damage":0.0,"enemies":"Small Slimes","floor":1.0,"turns":1.0},{"damage":0.0,"enemies":"Jaw Worm","floor":5.0,"turns":1.0},{"damage":0.0,"enemies":"Lagavulin","floor":6.0,"turns":1.0},{"damage":30.0,"enemies":"3 Sentries","floor":8.0,"turns":5.0},{"damage":18.0,"enemies":"2 Louse","floor":10.0,"turns":3.0},{"damage":18.0,"enemies":"Gremlin Nob","floor":12.0,"turns":3.0},{"damage":25.0,"enemies":"Slime Boss","floor":16.0,"turns":7.0},{"damage":40.0,"enemies":"Shell Parasite","floor":18.0,"turns":4.0},{"damage":34.0,"enemies":"3 Byrds","floor":22.0,"turns":5.0},{"damage":26,"enemies":"Snake Plant","floor":25,"turns":4}],"seed_played":"-3202895250769499370","potions_obtained":[{"floor":8.0,"key":"PowerPotion"},{"floor":22.0,"key":"SpeedPotion"}],"is_trial":false,"path_per_floor":["M","?","?","$","M","E","R","E","T","M","R","E","$","?","R","B",null,"M","?","?","$","M","R","?","M"],"character_chosen":"DEFECT","items_purchased":["Medical Kit","Dark Shackles"],"campfire_rested":1,"item_purchase_floors":[21,21],"current_hp_per_floor":[75,57,57,57,57,57,57,27,27,21,21,15,15,8,30,17,75,47,47,47,47,25,25,25,0,0],"gold":15,"neow_bonus":"THREE_ENEMY_KILL","is_daily":false,"chose_seed":false,"campfire_upgraded":3,"win_rate":0.0,"timestamp":1608721696,"path_taken":["M","?","?","$","?","E","R","E","T","M","R","E","$","?","R","BOSS","M","?","?","$","M","R","?","M"],"items_purchased_type":["Relic","Card"],"build_version":"2020-12-22","purchased_purges":2,"victory":false,"max_hp_per_floor":[75,75,75,75,75,75,75,75,75,75,75,75,75,75,75,75,75,75,75,75,75,75,75,75,75,75],"card_choices":[{"not_picked":["Rebound","Static Discharge"],"picked":"Streamline","floor":1.0},{"not_picked":["Hologram","Stack"],"picked":"Ball Lightning","floor":5.0},{"not_picked":["Coolheaded","White Noise"],"picked":"Skim","floor":6.0},{"not_picked":["Gash","Hello World"],"picked":"Loop","floor":8.0},{"not_picked":["Ball Lightning","Gash"],"picked":"Turbo","floor":10.0},{"not_picked":["Rebound","Redo","Leap"],"picked":"SKIP","floor":12.0},{"not_picked":["Amplify","Thunder Strike"],"picked":"Creative AI","floor":16.0},{"not_picked":["Hologram","Chaos"],"picked":"Auto Shields","floor":18.0},{"not_picked":["Hologram+1","Tempest+1"],"picked":"Leap+1","floor":22.0}],"player_experience":240805,"relics_obtained":[{"floor":6.0,"key":"Dead Branch"},{"floor":8.0,"key":"Calipers"},{"floor":9.0,"key":"Meat on the Bone"},{"floor":12.0,"key":"Toy Ornithopter"}],"event_choices":[{"damage_healed":0.0,"max_hp_gain":0.0,"max_hp_loss":0.0,"gold_gain":0.0,"event_name":"Golden Idol","player_choice":"Take Damage","floor":2.0,"gold_loss":0.0,"damage_taken":18.0,"relics_obtained":["Golden Idol"]},{"cards_removed":["Strike_B"],"damage_healed":0.0,"max_hp_gain":0.0,"max_hp_loss":0.0,"gold_gain":0.0,"event_name":"Living Wall","player_choice":"Forget","floor":3.0,"gold_loss":0.0,"damage_taken":0.0},{"damage_healed":0.0,"max_hp_gain":0.0,"max_hp_loss":0.0,"gold_gain":0.0,"event_name":"Scrap Ooze","player_choice":"Success","floor":14.0,"gold_loss":0.0,"damage_taken":7.0,"relics_obtained":["Matryoshka"]},{"damage_healed":0.0,"max_hp_gain":0.0,"max_hp_loss":0.0,"gold_gain":0.0,"event_name":"Cursed Tome","player_choice":"Ignored","floor":19.0,"gold_loss":0.0,"damage_taken":0.0},{"damage_healed":0.0,"max_hp_gain":0.0,"max_hp_loss":0.0,"gold_gain":0.0,"event_name":"Ghosts","player_choice":"Ignored","floor":20.0,"gold_loss":0.0,"damage_taken":0.0},{"damage_healed":0.0,"max_hp_gain":0.0,"max_hp_loss":0.0,"gold_gain":0.0,"event_name":"Forgotten Altar","player_choice":"Gave Idol","floor":24.0,"relics_lost":["Golden Idol"],"gold_loss":0.0,"damage_taken":0.0,"relics_obtained":["Bloody Idol"]}],"is_beta":false,"boss_relics":[{"not_picked":["Empty Cage","Fusion Hammer"],"picked":"Astrolabe"}],"items_purged_floors":[4,13],"is_endless":false,"potions_floor_spawned":[8,22],"killed_by":"Snake Plant","ascension_level":4}}