{"host":"i0avyit1s6jb1siw","time":1608712373,"event":{"mods":["BaseMod","DeckTracker","Dota2Spire","Highlight Path","Minty Spire (QoL Compilation)","Quick Restart","Replay The Spire","StSLib","SuperFastMode"],"gold_per_floor":[117,117,38,50,50,50,76,90,90,106,129,129,155,166,166,166,166],"floor_reached":16,"playtime":374,"items_purged":[],"score":270,"play_id":"a1c1d190-03c3-4682-826a-5de400274da7","local_time":"20201223093253","is_ascension_mode":true,"campfire_choices":[{"data":"Skewer","floor":6,"key":"SMITH"},{"data":"Neutralize","floor":12,"key":"SMITH"},{"data":"Footwork","floor":15,"key":"SMITH"}],"circlet_count":0,"master_deck":["AscendersBane","Strike_G","Strike_G","Strike_G","Strike_G","Defend_G","Defend_G","Defend_G","Defend_G","Defend_G","Survivor","Neutralize+1","Skewer+1","Footwork+1","Blade Dance","Wraith Form v2","All Out Attack"],"relics":["Ring of the Snake","NeowsBlessing","Dota2Spire:UrnOfShadows","Replay:Towering Pillar of Hats"],"acts_visited":["Exordium"],"potions_floor_usage":[13,16,16],"damage_taken":[{"damage":0,"enemies":"Jaw Worm","floor":1,"turns":1},{"damage":0,"enemies":"Small Slimes","floor":4,"turns":1},{"damage":0,"enemies":"3 Sentries","floor":7,"turns":1},{"damage":0,"enemies":"Cultist","floor":8,"turns":4},{"damage":4,"enemies":"Exordium Wildlife","floor":10,"turns":4},{"damage":16,"enemies":"Lagavulin","floor":13,"turns":7},{"damage":0,"enemies":"2 Fungi Beasts","floor":14,"turns":5},{"damage":46,"enemies":"Fading Forest","floor":16,"turns":12}],"seed_played":"-6736419465128507856","potions_obtained":[{"floor":4,"key":"EssenceOfSteel"},{"floor":8,"key":"Milkshake"},{"floor":14,"key":"SpeedPotion"}],"is_trial":false,"path_per_floor":["M","?","$","M","$","R","E","M","T","M","T","R","E","M","R","B"],"character_chosen":"THE_SILENT","items_purchased":["Skewer"],"campfire_rested":0,"item_purchase_floors":[3],"current_hp_per_floor":[59,52,52,52,52,52,52,52,52,48,48,48,32,32,32,0,0],"gold":166,"neow_bonus":"THREE_ENEMY_KILL","is_daily":false,"chose_seed":false,"campfire_upgraded":3,"win_rate":0.0,"timestamp":1608712373,"path_taken":["M","?","$","M","$","R","E","M","T","M","?","R","E","M","R","BOSS"],"items_purchased_type":["Card"],"build_version":"2020-12-22","purchased_purges":0,"victory":false,"max_hp_per_floor":[66,66,66,66,66,66,66,66,66,66,66,66,66,66,66,66,66],"card_choices":[{"not_picked":["Sucker Punch","Accuracy","Acrobatics"],"picked":"SKIP","floor":1},{"not_picked":["Sucker Punch","Underhanded Strike","Quick Slash"],"picked":"SKIP","floor":4},{"not_picked":["Setup","Dodge and Roll"],"picked":"Footwork","floor":7},{"not_picked":["Choke","Outmaneuver"],"picked":"Blade Dance","floor":8},{"not_picked":["Acrobatics","Prepared","Slice"],"picked":"SKIP","floor":10},{"not_picked":["ReplayTheSpireMod:Shiv Toss","Flying Knee"],"picked":"Wraith Form v2","floor":13},{"not_picked":["Bane","Sucker Punch"],"picked":"All Out Attack","floor":14}],"player_experience":2104968,"relics_obtained":[{"floor":11,"key":"Dota2Spire:UrnOfShadows"},{"floor":13,"key":"Replay:Towering Pillar of Hats"}],"event_choices":[{"cards_removed":["Strike_G"],"damage_healed":0,"gold_gain":0,"player_choice":"Card Removal","damage_taken":7,"max_hp_gain":0,"max_hp_loss":0,"event_name":"Golden Wing","floor":2,"gold_loss":0}],"is_beta":false,"boss_relics":[],"items_purged_floors":[],"is_endless":false,"potions_floor_spawned":[4,8,14],"killed_by":"Fading Forest","ascension_level":20}}