{"host":"d61vkvf8c80cu18y","time":1608683728,"event":{"mods":["2.2 Compatiblity","AchievementEnabler","AlwaysNeverKeys","Aspiration","BaseMod","Better Altar","Better Note","Better Sensory Stone","Better Skull","Better Third Choice","BetterRewards","Challenge The Spire","Conspire","Custom Start","Downfall","Emptier Cage","Energized Spire","Force Act Four","GifTheSpireLib","Gremlin Mod","GungeonMod","Hermit","Highlight Path","Hubris","Infinite Spire","Ironclad Rager","Jess\u0027s Bottle","Marked Mod","Minty Spire (QoL Compilation)","Quick Restart","Rare Cards Sparkle","Relic Filter","Replay The Spire","Retaliation","Shade Mod","Shop Mod","Spicy Shops","Spikes Relics","StSLib","Stuff the Spire","Swap Starting Deck Mod","The Blue Laboratory","The Bug Knight","The Cursed","The Forsaken","The Marked","The Runesmith","The Sage","The Servant 0.9.4","TheVacant","Thieving Mod","Virulent Crown","thorton"],"gold_per_floor":[117,31,31,31,31,63,63,74,74,94,109,109,109,138,138,138,138],"floor_reached":16,"playtime":907,"items_purged":[],"score":158,"play_id":"6ce0fe83-9363-4979-a6c0-84f9d28d39bd","local_time":"20201222183528","is_ascension_mode":false,"campfire_choices":[{"data":"Inflame","floor":7,"key":"SMITH"},{"data":"Heavy Blade","floor":13,"key":"SMITH"},{"data":"ReplayTheSpireMod:Muscle Training","floor":15,"key":"SMITH"}],"circlet_count":0,"master_deck":["Spin","Rewind","Rearm","ShatteredReality","Unruled","Unruled","Alleviate","Replace","Potential","TimeWarp","Potential","expansioncontent:FaceSlap","Inflame+1","ReplayTheSpireMod:Muscle Training+1","InstantArmor","SilverBlades","Heavy Blade+1","Sickly","Rearm"],"relics":["swapstartingdeckmod:Bellows","m_ScarletBlood","Tiny Chest","Replay:WaspNest","Ring of Searing","Ring of Fangs","sagemod:Blowpipe"],"acts_visited":["Exordium"],"potions_floor_usage":[],"damage_taken":[{"damage":0,"enemies":"Cultist","floor":1,"turns":2},{"damage":16,"enemies":"HollowMod:MossKnight","floor":6,"turns":3},{"damage":0,"enemies":"2 Louse","floor":8,"turns":1},{"damage":0,"enemies":"Small Slimes","floor":10,"turns":2},{"damage":0,"enemies":"Exordium Thugs","floor":11,"turns":3},{"damage":19,"enemies":"Replay:BlueRogue","floor":14,"turns":3}],"seed_played":"-1861951440738729492","potions_obtained":[{"floor":1,"key":"blueLaboratory:HummingbirdPotion"},{"floor":8,"key":"BlessingOfTheForge"},{"floor":14,"key":"DistilledChaos"}],"is_trial":false,"path_per_floor":["M","$","?","?","$","E","R","M","T","M","M","?","R","E","R","B"],"character_chosen":"THE_SERVANT","items_purchased":["expansioncontent:FaceSlap"],"campfire_rested":0,"item_purchase_floors":[2],"current_hp_per_floor":[65,65,65,65,65,49,49,49,49,49,49,49,49,30,30,0,0],"gold":138,"neow_bonus":"","is_daily":false,"chose_seed":false,"campfire_upgraded":3,"win_rate":0.0,"timestamp":1608683728,"path_taken":["M","$","?","?","$","E","R","M","T","?","M","?","R","E","R","BOSS"],"items_purchased_type":["Card"],"build_version":"2020-12-13","purchased_purges":0,"victory":false,"max_hp_per_floor":[65,65,65,65,65,65,65,65,65,65,65,65,65,65,65,65,65],"card_choices":[{"not_picked":["Starlight","Luminosity"],"picked":"Potential","floor":1},{"not_picked":["Starlight","ReturningBlade"],"picked":"InstantArmor","floor":6},{"not_picked":["Rewind","Flex"],"picked":"SilverBlades","floor":8},{"not_picked":["FastForward","StarChef","Unruled"],"picked":"SKIP","floor":10},{"not_picked":["Embodiment","Revamp"],"picked":"Heavy Blade","floor":11},{"not_picked":["TimeTheft","Collapse"],"picked":"Rearm","floor":14}],"player_experience":390836,"relics_obtained":[{"floor":6,"key":"Tiny Chest"},{"floor":9,"key":"Replay:WaspNest"},{"floor":12,"key":"Ring of Searing"},{"floor":12,"key":"Ring of Fangs"},{"floor":14,"key":"sagemod:Blowpipe"}],"event_choices":[{"damage_healed":0,"gold_gain":0,"player_choice":"Ignored","damage_taken":0,"max_hp_gain":0,"max_hp_loss":0,"event_name":"Purifier","floor":4,"gold_loss":0}],"is_beta":false,"boss_relics":[],"items_purged_floors":[],"is_endless":false,"potions_floor_spawned":[1,8,14],"killed_by":"The Guardian","ascension_level":0}}