{"host":"qjr2x8lg4bxz99yh","time":1608764436,"event":{"mods":["Act Like it!","BaseMod","Colored Powertips","Downfall","Friendly Minions","Hallownest","Hermit","Minty Spire (QoL Compilation)","Replay The Spire","StSLib","The Bug Knight","The Cursed","The Disciple","The Hierophant","The Jungle","The Necromancer","The Runesmith","everything is the same but u backflip on backflip"],"gold_per_floor":[113,133,133,133,133,163,191,212,212,37,112,112,112,146,146,251,251,268,293,293,100,120,120,168,212,212,250,250,267,267,283,283,388,388,405,431,453,453,473,473,495,495,549,549,573,111,135,149,149],"floor_reached":48,"playtime":5374,"items_purged":["Amnesia"],"score":582,"play_id":"551bd85b-65b6-4823-a01e-1c81fc95f036","local_time":"20201223170036","is_ascension_mode":false,"campfire_choices":[{"floor":12,"key":"REST"},{"floor":15,"key":"REST"},{"data":"Mayhem","floor":23,"key":"SMITH"},{"floor":28,"key":"REST"},{"data":"1","floor":32,"key":"LIFT"},{"floor":40,"key":"REST"},{"floor":42,"key":"REST"},{"floor":44,"key":"REST"}],"circlet_count":0,"master_deck":["Runesmith:Strike_RS","Runesmith:Strike_RS","Runesmith:Strike_RS+1","Runesmith:Strike_RS","Runesmith:Defend_RS","Runesmith:Defend_RS","Runesmith:Defend_RS","Runesmith:Defend_RS","Runesmith:CraftFirestone+1","Runesmith:Fortify","Runesmith:ChargedHammer+1","Runesmith:EarthShield","Runesmith:CraftProtectio","Runesmith:PoweredAnvil","Runesmith:UnstableHammer","Mayhem+1","Runesmith:Refine","Runesmith:UnlimitedPower","Runesmith:ChaoticBlast","Runesmith:Firestorm+1","Runesmith:HammerAndChisel","Runesmith:Superposition","Runesmith:BackupBattery+1","Runesmith:LithiumIon","Runesmith:HeatedChisel","Runesmith:DoubleUp","Runesmith:CraftObretio","Runesmith:DoubleUp+1","Runesmith:MetallurgicalResearch","Runesmith:GoWithTheFlow","Runesmith:RunicBlueprint+1","Runesmith:ChiselStab","Spreading Infection","Runesmith:RuneHurl+1","Runesmith:HammerThrow+1","Runesmith:HeatedChisel+1","Madness+1","Runesmith:CraftObretio+1","Runesmith:Firestorm+1","Runesmith:CraftMagma+1","Runesmith:ChaoticBlast+1","Runesmith:Grindstone"],"relics":["Runesmith:BrokenRuby","Replay:Bandana","Pantograph","Gremlin Horn","Divine Protection","Honey Jar","Ring of Hypnosis","ReplayTheSpireMod:Ring of Sloth","Durian","Red Mask","HollowMod:StagPassRelic","Girya","WarpedTongs","Black Star","Anchor","Membership Card","CaptainsWheel"],"acts_visited":["Exordium","TheCity","TheBeyond"],"potions_floor_usage":[14,16,16,37,39,41,41,41,48,48,48],"damage_taken":[{"damage":1,"enemies":"Small Slimes","floor":1,"turns":4},{"damage":0,"enemies":"2 Louse","floor":2,"turns":3},{"damage":26,"enemies":"Gremlin Nob","floor":6,"turns":4},{"damage":0,"enemies":"Cultist","floor":7,"turns":4},{"damage":0,"enemies":"Red Slaver","floor":8,"turns":4},{"damage":9,"enemies":"Lagavulin","floor":14,"turns":6},{"damage":21,"enemies":"Hexaghost","floor":16,"turns":9},{"damage":2,"enemies":"Shell Parasite","floor":18,"turns":6},{"damage":0,"enemies":"Chosen","floor":19,"turns":6},{"damage":13,"enemies":"Sentry and Sphere","floor":22,"turns":5},{"damage":11,"enemies":"Slavers","floor":24,"turns":4},{"damage":12,"enemies":"Masked Bandits","floor":25,"turns":4},{"damage":0,"enemies":"Gremlin Leader","floor":27,"turns":5},{"damage":0,"enemies":"Snecko","floor":29,"turns":5},{"damage":14,"enemies":"Shelled Parasite and Fungi","floor":31,"turns":5},{"damage":0,"enemies":"Automaton","floor":33,"turns":12},{"damage":24,"enemies":"Orb Walker","floor":35,"turns":5},{"damage":0,"enemies":"3 Shapes","floor":36,"turns":4},{"damage":26,"enemies":"3 Darklings","floor":37,"turns":6},{"damage":31,"enemies":"Sphere and 2 Shapes","floor":39,"turns":8},{"damage":4,"enemies":"Transient","floor":41,"turns":5},{"damage":41,"enemies":"Sphere and 2 Shapes","floor":45,"turns":6},{"damage":7,"enemies":"4 Shapes","floor":47,"turns":5},{"damage":23,"enemies":"3 Darklings","floor":48,"turns":4}],"seed_played":"-6787595741415463734","potions_obtained":[{"floor":1,"key":"SneckoOil"},{"floor":8,"key":"ColorlessPotion"},{"floor":14,"key":"Energy Potion"},{"floor":16,"key":"sneckomod:MuddlingPotion"},{"floor":19,"key":"hexamod:EctoCoolerPotion"},{"floor":22,"key":"AttackPotion"},{"floor":27,"key":"ColorlessPotion"},{"floor":29,"key":"EssenceOfSteel"},{"floor":33,"key":"champ:CounterPotion"},{"floor":37,"key":"ColorlessPotion"},{"floor":41,"key":"SpeedPotion"},{"floor":45,"key":"champ:CounterPotion"},{"floor":47,"key":"sneckomod:MuddlingPotion"}],"is_trial":false,"path_per_floor":["M","M","?","?","?","E","M","M","T","$","?","R","T","E","R","B",null,"M","M","?","$","M","R","E","?","T","E","R","M","?","M","R","B",null,"M","M","M","?","M","R","M","R","T","R","M","$","M","M"],"character_chosen":"RUNESMITH_CLASS","items_purchased":["Mayhem","Runesmith:HammerAndChisel","Runesmith:Superposition","Membership Card","Madness","Runesmith:CraftObretio","Runesmith:Firestorm","Runesmith:CraftMagma","Runesmith:ChaoticBlast","CaptainsWheel"],"campfire_rested":6,"item_purchase_floors":[10,21,21,46,46,46,46,46,46,46],"current_hp_per_floor":[76,76,61,61,61,35,35,35,35,35,24,47,47,38,61,56,77,75,75,75,75,62,62,56,44,44,44,68,68,68,54,54,79,82,58,58,32,32,1,25,21,45,45,69,28,28,21,0,0],"gold":149,"neow_bonus":"TEN_PERCENT_HP_BONUS","is_daily":false,"chose_seed":false,"campfire_upgraded":1,"win_rate":0.0,"timestamp":1608764436,"path_taken":["M","M","?","?","?","E","M","?","T","?","?","R","?","E","R","BOSS","M","?","?","$","M","R","E","?","T","E","R","M","?","M","R","BOSS","M","?","M","?","M","R","M","R","T","R","?","$","M","M"],"items_purchased_type":["Card","Card","Card","Relic","Card","Card","Card","Card","Card","Relic"],"build_version":"2020-12-22","purchased_purges":1,"victory":false,"max_hp_per_floor":[77,77,77,77,77,77,77,77,77,77,77,77,77,77,77,77,77,77,77,77,77,77,77,82,82,82,82,82,82,82,82,82,82,82,82,82,82,82,82,82,82,82,82,82,82,82,82,82,82],"card_choices":[{"not_picked":["Runesmith:CraftReservo","Runesmith:UnstableHammer"],"picked":"Runesmith:ChargedHammer","floor":1},{"not_picked":["Runesmith:CraftMagma","Runesmith:Firewall"],"picked":"Runesmith:EarthShield","floor":2},{"not_picked":["Runesmith:BackupBattery","Runesmith:Terraform"],"picked":"Runesmith:CraftProtectio","floor":6},{"not_picked":["Runesmith:CraftVitae","Runesmith:Prism"],"picked":"Runesmith:PoweredAnvil","floor":7},{"not_picked":["Runesmith:Repurpose","Runesmith:Grindstone"],"picked":"Runesmith:UnstableHammer","floor":8},{"not_picked":["Runesmith:Terraform","Runesmith:StaticCage"],"picked":"Runesmith:Refine","floor":14},{"not_picked":["Runesmith:GrandSlam","Runesmith:Supernova"],"picked":"Runesmith:UnlimitedPower","floor":16},{"not_picked":["Runesmith:Overpower","Runesmith:Augment","Runesmith:RuneHurl"],"picked":"Runesmith:ChaoticBlast","floor":18},{"not_picked":["Runesmith:MakeshiftArmor","Runesmith:PoweredAnvil","Runesmith:HammerTime"],"picked":"Runesmith:Firestorm+1","floor":19},{"not_picked":["Runesmith:EarthShield","Runesmith:EnergizedChisel","Runesmith:HammerTime"],"picked":"Runesmith:BackupBattery+1","floor":22},{"not_picked":["Runesmith:CraftProtectio","Runesmith:Repurpose+1","Runesmith:Attraction"],"picked":"Runesmith:LithiumIon","floor":24},{"not_picked":["Runesmith:BackupBattery","Runesmith:Augment","Runesmith:PoweredAnvil"],"picked":"Runesmith:HeatedChisel","floor":25},{"not_picked":["Runesmith:ElementalConversion","Runesmith:Supernova","Runesmith:StaticCage"],"picked":"Runesmith:DoubleUp","floor":27},{"not_picked":["Runesmith:EnergizedChisel","Runesmith:EarthShield","Runesmith:CraftProtectio+1"],"picked":"Runesmith:CraftObretio","floor":29},{"not_picked":["Runesmith:HammerTime","Runesmith:HammerAndChisel","Runesmith:Repurpose"],"picked":"Runesmith:DoubleUp+1","floor":31},{"not_picked":["Runesmith:GrandSlam","Runesmith:DuctTape","Runesmith:FissionHammer"],"picked":"Runesmith:MetallurgicalResearch","floor":33},{"not_picked":["Runesmith:NegativeSpace+1","Runesmith:Electrocute","Runesmith:ElementalConversion+1"],"picked":"Runesmith:GoWithTheFlow","floor":35},{"not_picked":["Runesmith:StaticCage+1","Runesmith:CraftProtectio+1","Runesmith:EnergizedChisel"],"picked":"Runesmith:RunicBlueprint+1","floor":36},{"not_picked":["Runesmith:OneForEveryone+1","Runesmith:HeatExchange+1","Runesmith:Repurpose"],"picked":"Runesmith:ChiselStab","floor":37},{"not_picked":["Runesmith:CraftProtectio+1","Runesmith:ChiselStab+1","Runesmith:EnergizedChisel"],"picked":"Runesmith:RuneHurl+1","floor":39},{"not_picked":["Runesmith:Overpower","Runesmith:GoWithTheFlow","Runesmith:Duplicate"],"picked":"Runesmith:HammerThrow+1","floor":41},{"not_picked":["Runesmith:WhiteBalance+1","Runesmith:CraftProtectio","Runesmith:MakeshiftArmor"],"picked":"Runesmith:HeatedChisel+1","floor":45},{"not_picked":["Runesmith:CraftProtectio+1","Runesmith:BackupBattery","Runesmith:ChiselStab+1"],"picked":"Runesmith:Grindstone","floor":47}],"player_experience":7725,"relics_obtained":[{"floor":6,"key":"Replay:Bandana"},{"floor":9,"key":"Pantograph"},{"floor":13,"key":"Gremlin Horn"},{"floor":14,"key":"Divine Protection"},{"floor":20,"key":"Ring of Hypnosis"},{"floor":20,"key":"ReplayTheSpireMod:Ring of Sloth"},{"floor":24,"key":"Durian"},{"floor":25,"key":"Red Mask"},{"floor":26,"key":"HollowMod:StagPassRelic"},{"floor":27,"key":"Girya"},{"floor":43,"key":"Anchor"}],"event_choices":[{"damage_healed":0,"gold_gain":0,"player_choice":"Entered Light","damage_taken":15,"max_hp_gain":0,"max_hp_loss":0,"event_name":"Shining Light","floor":3,"gold_loss":0,"cards_upgraded":["Runesmith:Strike_RS","Runesmith:CraftFirestone"]},{"damage_healed":0,"gold_gain":0,"player_choice":"Grow","damage_taken":0,"max_hp_gain":0,"max_hp_loss":0,"event_name":"Living Wall","floor":4,"gold_loss":0,"cards_upgraded":["Runesmith:ChargedHammer"]},{"damage_healed":0,"gold_gain":0,"player_choice":"Ignored","damage_taken":0,"max_hp_gain":0,"max_hp_loss":0,"event_name":"NoteForYourself","floor":5,"gold_loss":0},{"damage_healed":0,"gold_gain":75,"player_choice":"Gather Gold","damage_taken":11,"max_hp_gain":0,"max_hp_loss":0,"event_name":"World of Goop","floor":11,"gold_loss":0},{"damage_healed":0,"gold_gain":0,"player_choice":"Fought Bandits","damage_taken":0,"max_hp_gain":0,"max_hp_loss":0,"event_name":"Masked Bandits","floor":25,"gold_loss":0},{"damage_healed":0,"gold_gain":0,"player_choice":"Rummage","damage_taken":0,"relics_obtained":["WarpedTongs"],"max_hp_gain":0,"max_hp_loss":0,"event_name":"Accursed Blacksmith","floor":30,"gold_loss":0,"cards_obtained":["Pain"]},{"damage_healed":0,"gold_gain":0,"cards_transformed":["Pain"],"player_choice":"Transformed","damage_taken":0,"max_hp_gain":0,"max_hp_loss":0,"event_name":"Transmorgrifier","floor":38,"gold_loss":0,"cards_obtained":["Spreading Infection"]}],"is_beta":false,"boss_relics":[{"not_picked":["Fusion Hammer","Coffee Dripper"],"picked":"Honey Jar"},{"not_picked":["Astrolabe","Runic Pyramid"],"picked":"Black Star"}],"items_purged_floors":[21],"is_endless":false,"potions_floor_spawned":[1,8,14,16,19,22,27,29,33,37,41,45,47],"killed_by":"3 Darklings","ascension_level":0}}