{"host":"63o2iqaaus9jfjk5","time":1608699024,"event":{"mods":["Astrologer","BaseMod","Beaked The Cultist","Better Altar","Better Match","Better Note","Better Sensory Stone","Better Skull","Better Third Choice","Better Vampires","Better-Laid Plans","BetterRewards","Block Reminder","Colored Powertips","Curses Come First","Displayed Cursed Tome","Glutton Mod","Gremlin Mod","Hermit","Hunter ??","JesterMod","Jorbs\u0027s Wanderer Trilogy","Mad Scientist","Marked Mod","Minty Spire (QoL Compilation)","RNG Fix","Red Circlet Mod","Retaliation","Shade Mod","Somnambulant","StSLib","The Blackbeard","The Bladedancer","The Construct","The Cursed","The Florist","The Hierophant","The Necromancer","The Runesmith","The Sage","The Servant 0.9.4","The Showman","The Trickster","TheArtist","TheHeartMod","Unceasing Turn Reminder"],"gold_per_floor":[110,122,138,138,88,128,128,128,175,175,229,229,255,278,278,408,471,485,245,245,96,96,96,110,110,133,133,133,133],"floor_reached":28,"playtime":1495,"items_purged":[],"score":212,"play_id":"7b789a55-d3bb-4443-a52c-d69420a55a76","local_time":"20201222225024","is_ascension_mode":false,"campfire_choices":[{"floor":7,"key":"REST"},{"floor":10,"key":"REST"},{"floor":12,"key":"REST"},{"floor":15,"key":"REST"},{"data":"beaked:AwakenedForm","floor":23,"key":"SMITH"},{"data":"beaked:Ceremony","floor":25,"key":"SMITH"}],"circlet_count":0,"master_deck":["beaked:Strike_Y","beaked:Strike_Y","beaked:Strike_Y","beaked:Strike_Y","beaked:Strike_Y","beaked:Strike_Y","beaked:Defend_Y+1","beaked:Defend_Y","beaked:Defend_Y","beaked:Defend_Y","beaked:Ceremony+1","beaked:Ceremony","beaked:Ceremony","beaked:Poke","beaked:BraceForImpact","beaked:MachineSpirit","beaked:RitualOfBody","beaked:MimicWarrior+1","beaked:Redirect","beaked:AwakenedForm+1","beaked:DesperateSwing","beaked:CrazyRituals","beaked:StickSmack+1","Necronomicurse"],"relics":["beaked:MendingPlumage","NeowsBlessing","Golden Idol","Centennial Puzzle","Blood Vial","Juzu Bracelet","Odd Mushroom","Tiny House","White Beast Statue","Happy Flower","Bag of Marbles","Runesmith:AutoHammer","Necronomicon"],"acts_visited":["Exordium","TheCity"],"potions_floor_usage":[16,16,18,24,24,28],"damage_taken":[{"damage":5,"enemies":"2 Louse","floor":1,"turns":2},{"damage":0,"enemies":"Small Slimes","floor":2,"turns":1},{"damage":0,"enemies":"Jaw Worm","floor":3,"turns":1},{"damage":65,"enemies":"Gremlin Nob","floor":6,"turns":6},{"damage":42,"enemies":"The Mushroom Lair","floor":13,"turns":5},{"damage":16,"enemies":"3 Louse","floor":14,"turns":4},{"damage":62,"enemies":"Slime Boss","floor":16,"turns":11},{"damage":20,"enemies":"Shell Parasite","floor":18,"turns":5},{"damage":53,"enemies":"2 Thieves","floor":24,"turns":5},{"damage":19,"enemies":"Slavers","floor":28,"turns":1}],"seed_played":"3356036917791175541","potions_obtained":[{"floor":2,"key":"Fire Potion"},{"floor":6,"key":"DDmod:CleansePotion"},{"floor":13,"key":"PowerPotion"},{"floor":14,"key":"SkillPotion"},{"floor":16,"key":"SneckoOil"},{"floor":17,"key":"Regen Potion"},{"floor":18,"key":"SkillPotion"},{"floor":24,"key":"Swift Potion"}],"is_trial":false,"path_per_floor":["M","M","M","?","?","E","R","?","T","R","T","R","?","M","R","B",null,"M","$","?","$","?","R","M","R","T","?","E"],"character_chosen":"BEAKED_THE_CULTIST","items_purchased":["White Beast Statue","Bag of Marbles"],"campfire_rested":4,"item_purchase_floors":[19,21],"current_hp_per_floor":[46,48,49,49,49,3,18,18,18,33,33,48,26,23,38,43,55,55,55,35,35,35,35,22,22,22,6,0,0],"gold":133,"neow_bonus":"THREE_ENEMY_KILL","is_daily":false,"chose_seed":false,"campfire_upgraded":2,"win_rate":0.0,"timestamp":1608699024,"path_taken":["M","M","M","?","?","E","R","?","T","R","?","R","?","M","R","BOSS","M","$","?","$","?","R","M","R","T","?","E"],"items_purchased_type":["Relic","Relic"],"build_version":"2020-12-13","purchased_purges":0,"victory":false,"max_hp_per_floor":[50,50,50,50,50,50,50,50,50,50,50,50,50,50,50,50,55,55,55,55,55,55,55,55,55,55,55,55,55],"card_choices":[{"not_picked":["beaked:StunningBlow","beaked:Tweet"],"picked":"beaked:Poke","floor":1},{"not_picked":["beaked:Replenish","beaked:FeelMyPain"],"picked":"beaked:BraceForImpact","floor":2},{"not_picked":["beaked:CursingBlood","beaked:BraceForImpact"],"picked":"beaked:MachineSpirit","floor":3},{"not_picked":["beaked:DigDeeper","beaked:StickSmack"],"picked":"beaked:RitualOfBody","floor":6},{"not_picked":["beaked:Insight","beaked:CursingBlood"],"picked":"beaked:MimicWarrior","floor":13},{"not_picked":["beaked:BloodForTheGods","beaked:Overexert"],"picked":"beaked:Redirect","floor":14},{"not_picked":["beaked:ShadowFade","beaked:SacrificialScars"],"picked":"beaked:AwakenedForm","floor":16},{"not_picked":["beaked:DigDeep","beaked:Redirect"],"picked":"beaked:DesperateSwing","floor":17},{"not_picked":["beaked:SacrificialAttack","beaked:HuntressSpirit"],"picked":"beaked:CrazyRituals","floor":18},{"not_picked":["beaked:BarbedWire","beaked:WarriorEssence+1"],"picked":"beaked:StickSmack+1","floor":24}],"player_experience":120296,"relics_obtained":[{"floor":6,"key":"Centennial Puzzle"},{"floor":9,"key":"Blood Vial"},{"floor":11,"key":"Juzu Bracelet"},{"floor":13,"key":"Odd Mushroom"},{"floor":26,"key":"Runesmith:AutoHammer"}],"event_choices":[{"damage_healed":0,"gold_gain":0,"player_choice":"Take Wound","damage_taken":0,"relics_obtained":["Golden Idol"],"max_hp_gain":0,"max_hp_loss":0,"event_name":"Golden Idol","floor":4,"gold_loss":0,"cards_obtained":["Injury"]},{"cards_removed":["Injury"],"damage_healed":0,"gold_gain":0,"player_choice":"Card Removal","damage_taken":0,"max_hp_gain":0,"max_hp_loss":0,"event_name":"The Cleric","floor":5,"gold_loss":50},{"damage_healed":0,"gold_gain":0,"player_choice":"Ignored","damage_taken":0,"max_hp_gain":0,"max_hp_loss":0,"event_name":"betterNote:BetterNote","floor":8,"gold_loss":0,"cards_obtained":["Body Slam"]},{"damage_healed":0,"gold_gain":0,"player_choice":"Fought Mushrooms","damage_taken":0,"max_hp_gain":0,"max_hp_loss":0,"event_name":"Mushrooms","floor":13,"gold_loss":0},{"damage_healed":0,"gold_gain":0,"player_choice":"RE UP ","damage_taken":24,"relics_obtained":["Happy Flower"],"max_hp_gain":0,"max_hp_loss":0,"event_name":"betterSkull:BetterSkull","floor":20,"gold_loss":0,"cards_upgraded":["beaked:MimicWarrior"]},{"damage_healed":0,"gold_gain":0,"player_choice":"Ignored","damage_taken":0,"max_hp_gain":0,"max_hp_loss":0,"event_name":"Beggar","floor":22,"gold_loss":0},{"damage_healed":0,"gold_gain":0,"player_choice":"Obtained Book","damage_taken":16,"max_hp_gain":0,"max_hp_loss":0,"event_name":"Cursed Tome","floor":27,"gold_loss":0}],"is_beta":false,"boss_relics":[{"not_picked":["Runic Dome","Runesmith:UraniumAnvil"],"picked":"Tiny House"}],"items_purged_floors":[],"is_endless":false,"potions_floor_spawned":[2,6,13,14,16,18,24],"killed_by":"Slavers","ascension_level":0}}