{"host":"gn4zoccfnie4id9c","time":1608762855,"event":{"mods":["AchievementEnabler","BaseMod","Colored Map","Minty Spire (QoL Compilation)"],"gold_per_floor":[115,115,132,97,116,141,153,153,153,180,130,130,130,150,150,252,252,271,298,298,141,156,186,13,13,13,32,67,81,81,96,96,197,197,208,220,270,283,300,300,331,331,331,348,348,363,375,94,94,94],"floor_reached":51,"playtime":5822,"items_purged":[],"score":729,"play_id":"177c1221-212c-4130-beeb-e747cbf0263e","local_time":"20201223173415","is_ascension_mode":false,"campfire_choices":[{"floor":12,"key":"REST"},{"floor":15,"key":"REST"},{"floor":25,"key":"REST"},{"data":"Eviscerate","floor":32,"key":"SMITH"},{"floor":40,"key":"REST"},{"floor":45,"key":"REST"},{"data":"Adrenaline","floor":49,"key":"SMITH"}],"circlet_count":0,"master_deck":["Strike_G","Strike_G","Strike_G","Strike_G","Defend_G","Defend_G","Defend_G","Defend_G","Defend_G","Survivor","Neutralize","Dagger Throw","Outmaneuver","Noxious Fumes","Leg Sweep","Eviscerate+1","Underhanded Strike","Bouncing Flask","Backflip","All Out Attack","Adrenaline+1","Footwork","Sucker Punch+1","Riddle With Holes","Blur","Prepared","Tactician","All Out Attack+1","PiercingWail","Acrobatics+1","Bullet Time","Catalyst+1","Infinite Blades+1","Acrobatics","Expertise","Skewer+1","Predator+1","Calculated Gamble+1","Riddle With Holes+1","Quick Slash+1","Finisher+1","Well Laid Plans","Deadly Poison"],"relics":["Ring of the Snake","Happy Flower","Oddly Smooth Stone","Pear","Sundial","Mercury Hourglass","Bottled Flame","HoveringKite","Red Mask","Enchiridion","Nunchaku","Molten Egg 2","Membership Card","Pantograph","Paper Crane","Runic Pyramid","TungstenRod","Boot","Ninja Scroll","Shuriken","HandDrill"],"acts_visited":["Exordium","TheCity","TheBeyond"],"potions_floor_usage":[10,16,28,29,29,29,33,33,35,41,50],"damage_taken":[{"damage":0,"enemies":"2 Louse","floor":1,"turns":3},{"damage":0,"enemies":"Jaw Worm","floor":3,"turns":3},{"damage":0,"enemies":"Cultist","floor":5,"turns":3},{"damage":36,"enemies":"Gremlin Nob","floor":6,"turns":6},{"damage":3,"enemies":"2 Fungi Beasts","floor":7,"turns":4},{"damage":8,"enemies":"Lagavulin","floor":10,"turns":5},{"damage":0,"enemies":"Exordium Wildlife","floor":14,"turns":6},{"damage":7,"enemies":"Slime Boss","floor":16,"turns":10},{"damage":11,"enemies":"2 Thieves","floor":18,"turns":4},{"damage":3,"enemies":"Masked Bandits","floor":19,"turns":4},{"damage":2,"enemies":"Spheric Guardian","floor":22,"turns":4},{"damage":4,"enemies":"Gremlin Leader","floor":23,"turns":7},{"damage":2,"enemies":"Cultist and Chosen","floor":27,"turns":6},{"damage":8,"enemies":"Slavers","floor":28,"turns":6},{"damage":4,"enemies":"Centurion and Healer","floor":29,"turns":7},{"damage":0,"enemies":"Snake Plant","floor":31,"turns":4},{"damage":59,"enemies":"Champ","floor":33,"turns":11},{"damage":8,"enemies":"3 Darklings","floor":35,"turns":3},{"damage":22,"enemies":"3 Shapes","floor":36,"turns":3},{"damage":24,"enemies":"Mind Bloom Boss Battle","floor":37,"turns":6},{"damage":4,"enemies":"3 Darklings","floor":38,"turns":4},{"damage":4,"enemies":"Writhing Mass","floor":39,"turns":5},{"damage":13,"enemies":"Giant Head","floor":41,"turns":9},{"damage":11,"enemies":"4 Shapes","floor":44,"turns":4},{"damage":0,"enemies":"3 Darklings","floor":46,"turns":4},{"damage":0,"enemies":"Maw","floor":47,"turns":6},{"damage":30,"enemies":"Awakened One","floor":50,"turns":10}],"seed_played":"-4146987830198031388","potions_obtained":[{"floor":1,"key":"Poison Potion"},{"floor":6,"key":"Ancient Potion"},{"floor":10,"key":"PowerPotion"},{"floor":16,"key":"EntropicBrew"},{"floor":19,"key":"DuplicationPotion"},{"floor":33,"key":"AttackPotion"},{"floor":36,"key":"CultistPotion"},{"floor":38,"key":"Block Potion"},{"floor":41,"key":"Ancient Potion"},{"floor":44,"key":"Energy Potion"}],"is_trial":false,"path_per_floor":["M","?","M","$","M","E","M","T","T","E","$","R","?","M","R","B",null,"M","?","?","$","M","E","$","R","T","M","E","M","?","M","R","B",null,"M","M","?","M","M","R","E","?","T","M","R","M","M","$","R","B",null],"character_chosen":"THE_SILENT","items_purchased":["Noxious Fumes","Backflip","Nunchaku","Membership Card","Prepared","Shuriken","HandDrill","Finisher+1","Well Laid Plans","Deadly Poison"],"campfire_rested":5,"item_purchase_floors":[4,11,21,24,24,48,48,48,48,48],"current_hp_per_floor":[70,67,67,67,67,41,38,38,38,30,30,54,54,54,78,71,80,69,66,50,50,48,44,44,68,68,66,58,54,54,54,54,34,80,72,50,51,47,43,67,54,54,54,43,67,67,67,67,67,50],"gold":94,"neow_bonus":"RANDOM_COMMON_RELIC","is_daily":false,"chose_seed":false,"campfire_upgraded":2,"win_rate":0.0,"timestamp":1608762855,"path_taken":["M","?","M","$","M","E","M","?","T","E","?","R","?","?","R","BOSS","M","?","?","?","M","E","$","R","T","?","E","M","?","M","R","BOSS","M","?","?","M","M","R","E","?","T","?","R","M","M","?","R","BOSS"],"items_purchased_type":["Card","Card","Relic","Relic","Card","Relic","Relic","Card","Card","Card"],"build_version":"2020-12-22","purchased_purges":0,"victory":true,"max_hp_per_floor":[70,70,70,70,70,80,80,80,80,80,80,80,80,80,80,80,80,80,80,80,80,80,80,80,80,80,80,80,80,80,80,80,80,80,80,80,80,80,80,80,80,80,80,80,80,80,80,80,80,80],"card_choices":[{"not_picked":["Escape Plan","Acrobatics"],"picked":"Dagger Throw","floor":1},{"not_picked":["Noxious Fumes","Quick Slash"],"picked":"Outmaneuver","floor":3},{"not_picked":["Slice","Skewer"],"picked":"Leg Sweep","floor":5},{"not_picked":["Caltrops","Doppelganger"],"picked":"Eviscerate","floor":6},{"not_picked":["Bane","Blade Dance"],"picked":"Underhanded Strike","floor":7},{"not_picked":["Flechettes","Cloak And Dagger"],"picked":"Bouncing Flask","floor":10},{"not_picked":["Dagger Spray","Corpse Explosion"],"picked":"All Out Attack","floor":14},{"not_picked":["After Image","Bullet Time"],"picked":"Adrenaline","floor":16},{"not_picked":["Well Laid Plans","Dash"],"picked":"Footwork","floor":18},{"not_picked":["Quick Slash","Underhanded Strike"],"picked":"Sucker Punch+1","floor":19},{"not_picked":["Dagger Spray","Leg Sweep"],"picked":"Riddle With Holes","floor":22},{"not_picked":["Acrobatics","Endless Agony+1"],"picked":"Blur","floor":23},{"not_picked":["Outmaneuver","Riddle With Holes+1"],"picked":"Tactician","floor":27},{"not_picked":["Outmaneuver","Glass Knife+1"],"picked":"All Out Attack+1","floor":28},{"not_picked":["Backflip","Outmaneuver"],"picked":"PiercingWail","floor":29},{"not_picked":["Deflect","Slice+1"],"picked":"Acrobatics+1","floor":31},{"not_picked":["After Image","Wraith Form v2"],"picked":"Bullet Time","floor":33},{"not_picked":["Underhanded Strike+1","Infinite Blades"],"picked":"Catalyst+1","floor":35},{"not_picked":["Poisoned Stab+1","Escape Plan+1"],"picked":"Infinite Blades+1","floor":36},{"not_picked":["Backflip","Sucker Punch+1"],"picked":"Acrobatics","floor":37},{"not_picked":["Footwork","Slice+1"],"picked":"Expertise","floor":38},{"not_picked":["Acrobatics+1","Dodge and Roll"],"picked":"Skewer+1","floor":39},{"not_picked":["Acrobatics+1","Poisoned Stab+1"],"picked":"Predator+1","floor":41},{"not_picked":["Die Die Die+1","Choke+1"],"picked":"Calculated Gamble+1","floor":44},{"not_picked":["Sucker Punch+1","Dodge and Roll+1"],"picked":"Riddle With Holes+1","floor":46},{"not_picked":["Doppelganger","Blade Dance+1"],"picked":"Quick Slash+1","floor":47}],"player_experience":96828,"relics_obtained":[{"floor":6,"key":"Pear"},{"floor":8,"key":"Sundial"},{"floor":9,"key":"Mercury Hourglass"},{"floor":10,"key":"Bottled Flame"},{"floor":19,"key":"Red Mask"},{"floor":20,"key":"Enchiridion"},{"floor":23,"key":"Molten Egg 2"},{"floor":26,"key":"Pantograph"},{"floor":28,"key":"Paper Crane"},{"floor":37,"key":"TungstenRod"},{"floor":41,"key":"Boot"},{"floor":43,"key":"Ninja Scroll"}],"event_choices":[{"damage_healed":0,"gold_gain":0,"player_choice":"Success","damage_taken":3,"relics_obtained":["Oddly Smooth Stone"],"max_hp_gain":0,"max_hp_loss":0,"event_name":"Scrap Ooze","floor":2,"gold_loss":0},{"damage_healed":0,"gold_gain":0,"player_choice":"Bought 0 Potions","damage_taken":0,"max_hp_gain":0,"max_hp_loss":0,"event_name":"The Woman in Blue","floor":13,"gold_loss":0},{"damage_healed":0,"gold_gain":0,"player_choice":"Fought Bandits","damage_taken":0,"max_hp_gain":0,"max_hp_loss":0,"event_name":"Masked Bandits","floor":19,"gold_loss":0},{"damage_healed":0,"gold_gain":0,"player_choice":"Obtained Book","damage_taken":16,"max_hp_gain":0,"max_hp_loss":0,"event_name":"Cursed Tome","floor":20,"gold_loss":0},{"cards_removed":["Strike_G"],"damage_healed":0,"gold_gain":0,"player_choice":"Offered Basic","damage_taken":0,"max_hp_gain":0,"max_hp_loss":0,"event_name":"Bonfire Elementals","floor":30,"gold_loss":0},{"damage_healed":0,"gold_gain":0,"player_choice":"Fight","damage_taken":0,"max_hp_gain":0,"max_hp_loss":0,"event_name":"MindBloom","floor":37,"gold_loss":0},{"damage_healed":0,"gold_gain":0,"player_choice":"Ignored","damage_taken":0,"max_hp_gain":0,"max_hp_loss":0,"event_name":"SecretPortal","floor":42,"gold_loss":0}],"is_beta":false,"boss_relics":[{"not_picked":["Ring of the Serpent","SlaversCollar"],"picked":"HoveringKite"},{"not_picked":["Astrolabe","Cursed Key"],"picked":"Runic Pyramid"}],"items_purged_floors":[],"is_endless":false,"potions_floor_spawned":[1,6,10,16,19,33,36,38,41,44],"ascension_level":0}}