{"host":"ymw71f7rc9ndansy","time":1608736998,"event":{"mods":["ATMod(°¢èªMod)","Act Like it!","Aspiration","BaseMod","DeckTracker","Hubris","Library of Ruina","Library of Ruina Extra","Minty Spire (QoL Compilation)","MostiFishMod","Remove Card Discount Mod","Replay The Spire","StSLib","TestMod","¡¾ÒÅÎï¿¨ÅÆ¡¿REMEMod","²ÐÁôÖ®Îï"],"gold_per_floor":[19,34,52,52,36,63,83,83,83,110,130,130,146,179,179,255,255,255,255],"floor_reached":18,"playtime":598,"items_purged":["Injury","LightAttack","LightAttack","Dodge","LightDefense","FocusedStrikes","LightAttack","BlazingStrike"],"score":639,"play_id":"c8597c00-e3de-4377-899a-57eea04a33dc","local_time":"20201223232318","is_ascension_mode":true,"campfire_choices":[{"floor":12,"key":"REST"},{"data":"Multislash","floor":15,"key":"SMITH"}],"circlet_count":0,"master_deck":["AscendersBane","LightDefense","LightDefense","LightDefense","ChargeAndCover","AT_RealColorLess","ReplayTheSpireMod:From All Sides","SteelKnuckles","FlashOfSunup","Multislash+1","Reload+1","Quickness+1"],"relics":["PageOfLibrarian","testmod-TestBox","DaveBox","REME_ComplimentaryCards","AT_ATBox","ShadowXiaoBlade","testmod-Register","Toxic Egg 2","PageOfGreed","Replay:Baseball","PageOfTheQueenOfHatred","PageOfTheKnightOfDespair","PageOfWrath","GreenFoldingFan"],"acts_visited":["Exordium","TheCity"],"potions_floor_usage":[11,18,18],"damage_taken":[{"damage":0,"enemies":"Small Slimes","floor":1,"turns":2},{"damage":0,"enemies":"2 Louse","floor":2,"turns":2},{"damage":9,"enemies":"Jaw Worm","floor":3,"turns":2},{"damage":0,"enemies":"Gremlin Nob","floor":6,"turns":3},{"damage":0,"enemies":"Gremlin Gang","floor":7,"turns":1},{"damage":0,"enemies":"3 Sentries","floor":10,"turns":2},{"damage":10,"enemies":"Exordium Thugs","floor":11,"turns":2},{"damage":0,"enemies":"Looter","floor":13,"turns":1},{"damage":0,"enemies":"Gremlin Nob","floor":14,"turns":2},{"damage":6,"enemies":"Fading Forest","floor":16,"turns":5},{"damage":71,"enemies":"2 Thieves","floor":18,"turns":2}],"seed_played":"7649804484922666390","potions_obtained":[{"floor":1,"key":"PlaceholderMod:PlaceholderPotion"},{"floor":7,"key":"ColorlessPotion"},{"floor":11,"key":"Death Potion"},{"floor":13,"key":"AttackPotion"},{"floor":16,"key":"testmod-SpacePotion"}],"is_trial":false,"path_per_floor":["M","M","M","?","$","E","M","?","T","E","M","R","M","E","R","B",null,"M"],"character_chosen":"Librarian","items_purchased":[],"campfire_rested":1,"item_purchase_floors":[],"current_hp_per_floor":[54,54,45,45,45,45,45,40,40,40,30,52,52,52,52,54,70,0,0],"gold":255,"neow_bonus":"THREE_RARE_CARDS","is_daily":false,"chose_seed":false,"campfire_upgraded":1,"win_rate":0.0,"timestamp":1608736998,"path_taken":["M","M","M","?","$","E","M","?","T","E","?","R","M","E","R","BOSS","M"],"items_purchased_type":[],"build_version":"2020-12-22","purchased_purges":8,"victory":false,"max_hp_per_floor":[75,75,75,75,75,75,75,75,75,75,75,75,75,75,75,75,75,75,75],"card_choices":[{"not_picked":["Observe","Tttonst"],"picked":"BlazingStrike","floor":0},{"not_picked":["EnergyCycle","EnergyConversion","FleetFootsteps","Multislash","SkitterAway","Unlock1","QuickAttack","Rewind"],"picked":"SteelKnuckles","floor":1},{"not_picked":["ElectricShock","DestructiveImpact","ViolentFlame","SinglePointStab","SharpSwipe","DarkCloud","GoinFirst","FrontalAssault"],"picked":"FlashOfSunup","floor":2},{"not_picked":["Eject","ExtremeEdge","FleetEdge","HardRehearsal","FrontalAssault","Thrust","DesperateStruggle","SomberProcuration","ClassAndRespect"],"picked":"SKIP","floor":3},{"not_picked":["MultiBlock+1","SilentMist","ShrineToMusic","MultiHit","Thrust","TrimTheIngredients","InkOver","CombatPreparation+1"],"picked":"Multislash","floor":6},{"not_picked":["SmokingPipe+1","Tailoring","MultiBlock+1","SilentMist","EnergyShield+1","FendThisOffIfYouCan","Pound","HighKick","SuppressingShot"],"picked":"SKIP","floor":7},{"not_picked":["AlloutWar+1","Quickness+1","IronWall+1","Wallop_lor","HandleRequest","BoundaryOfDeath","PreparedMind+1","EndlessBattle"],"picked":"Reload+1","floor":10},{"not_picked":["ShockingBlow","SkyClearingCut","MultiBlock+1","HandleRequest","CrackOfDawn","YoureAHindrance","Diversion","FleetEdge","NightInTheBackstreets"],"picked":"SKIP","floor":11},{"not_picked":["Quickness+1","SunsetBlade","SkyClearingCut","SweepTheBackstreets","Pound","Thrust","ExtractFuel+1","TieShanKao","BackAttack+1"],"picked":"SKIP","floor":13},{"not_picked":["PreemptiveStrike","Marionette+1","FierceOnslaught","RatsGuideToSurvival+1","EnergyShield+1","FieryWaltz","YoureAHindrance","Track"],"picked":"Quickness+1","floor":14}],"player_experience":985747,"relics_obtained":[{"floor":6,"key":"PageOfGreed"},{"floor":9,"key":"PageOfTheQueenOfHatred"},{"floor":10,"key":"PageOfTheKnightOfDespair"},{"floor":14,"key":"PageOfWrath"}],"event_choices":[{"damage_healed":0,"gold_gain":0,"player_choice":"Success","damage_taken":5,"relics_obtained":["Replay:Baseball"],"max_hp_gain":0,"max_hp_loss":0,"event_name":"Scrap Ooze","floor":8,"gold_loss":0}],"is_beta":false,"boss_relics":[{"not_picked":["Replay:Drink Me","testmod-Recursion"],"picked":"GreenFoldingFan"}],"items_purged_floors":[5,5,5,5,5,5,5,5],"is_endless":false,"potions_floor_spawned":[1,7,11,13,16],"killed_by":"2 Thieves","ascension_level":20}}