{"host":"z9grmtg2w0nmz8n1","time":1608685054,"event":{"mods":["Aspiration","Bard","BaseMod","Beaked The Cultist","Better Altar","Better Match","Better Note","Better Sensory Stone","Better Skull","Better Third Choice","BetterRewards","CCEM","Colored Map","Conspire","Downfall","GifTheSpireLib","Googly Eyes","Halation","Hermit","Highlight Path","Hubris","Hunter ??","Jedi Mod","Jorbs\u0027s Wanderer Trilogy","Mad Scientist","Marisa????????","Minty Spire (QoL Compilation)","Permanent Neow","Replay The Spire","Shade Mod","Shop Mod","Spicy Shops","StSLib","Stuff the Spire","The Bug Knight","The Construct","The Necromancer","The Runesmith","The Witch"],"gold_per_floor":[13,13,29,39,39,70,88,117,190,203,223,223,223,243,243,243,243],"floor_reached":16,"playtime":5883,"items_purged":[],"score":114,"play_id":"4be8c5de-68a1-48ea-9986-d23b706a0886","local_time":"20201222225734","is_ascension_mode":false,"campfire_choices":[{"floor":13,"key":"RECALL"},{"floor":15,"key":"REST"}],"circlet_count":0,"master_deck":["Runesmith:Strike_RS","Runesmith:Strike_RS","Runesmith:Strike_RS","Runesmith:Strike_RS","Runesmith:Defend_RS","Runesmith:Defend_RS","Runesmith:Defend_RS","Runesmith:Defend_RS","Runesmith:CraftFirestone","Runesmith:Fortify","Runesmith:HeatExchange","Runesmith:HeatedChisel","Runesmith:PoweredAnvil","Runesmith:ChaoticBlast","Runesmith:ChiselStab","Runesmith:ChiselStab","Runesmith:ChargedHammer"],"relics":["Runesmith:BrokenRuby","Replay:PocketPolymizer","Golden Egg","construct:BoolHorns"],"acts_visited":["Exordium"],"potions_floor_usage":[6,6,8,8],"damage_taken":[{"damage":0,"enemies":"Small Slimes","floor":1,"turns":4},{"damage":0,"enemies":"Cultist","floor":3,"turns":4},{"damage":2,"enemies":"2 Louse","floor":4,"turns":3},{"damage":28,"enemies":"Gremlin Nob","floor":6,"turns":4},{"damage":14,"enemies":"Gremlin Gang","floor":7,"turns":5},{"damage":12,"enemies":"Lagavulin","floor":8,"turns":7},{"damage":0,"enemies":"2 Fungi Beasts","floor":10,"turns":2},{"damage":10,"enemies":"Looter","floor":11,"turns":2},{"damage":6,"enemies":"Exordium Wildlife","floor":14,"turns":4},{"damage":39,"enemies":"Fading Forest","floor":16,"turns":9}],"seed_played":"-2848090301626510327","potions_obtained":[{"floor":1,"key":"construct:ShiftPotion"},{"floor":4,"key":"Swift Potion"},{"floor":5,"key":"Dexterity Potion"},{"floor":7,"key":"Reflective Coating"},{"floor":10,"key":"Ancient Potion"}],"is_trial":false,"path_per_floor":["M","?","M","M","?","E","M","E","T","M","M","?","R","M","R","B"],"character_chosen":"RUNESMITH_CLASS","items_purchased":[],"campfire_rested":1,"item_purchase_floors":[],"current_hp_per_floor":[70,70,70,68,68,40,26,14,14,14,4,11,11,5,26,0,0],"gold":243,"neow_bonus":"ONE_RARE_RELIC","is_daily":false,"chose_seed":false,"campfire_upgraded":0,"win_rate":0.0,"timestamp":1608685054,"path_taken":["M","?","?","M","?","E","M","E","T","?","M","?","R","M","R","BOSS"],"items_purchased_type":[],"build_version":"2020-12-13","purchased_purges":0,"victory":false,"max_hp_per_floor":[70,70,70,70,70,70,70,70,70,70,70,70,70,70,70,70,70],"card_choices":[{"not_picked":["Runesmith:ChiselStab","Runesmith:CraftReservo"],"picked":"Runesmith:Permafrost","floor":1},{"not_picked":["Runesmith:StaticCage","Runesmith:HeatedChisel"],"picked":"Runesmith:HeatExchange","floor":3},{"not_picked":["Runesmith:Superposition","Runesmith:CraftReservo"],"picked":"Runesmith:HeatedChisel","floor":4},{"not_picked":["Runesmith:HeatExchange","Runesmith:CraftMedicinae"],"picked":"Runesmith:PoweredAnvil","floor":6},{"not_picked":["Runesmith:Permafrost","Runesmith:ShiftingStrike"],"picked":"Runesmith:ChaoticBlast","floor":7},{"not_picked":["Runesmith:Repurpose","Runesmith:WhiteBalance"],"picked":"Runesmith:ChiselStab","floor":8},{"not_picked":["Runesmith:CraftObretio","Runesmith:EarthShield"],"picked":"Runesmith:ChiselStab","floor":10},{"not_picked":["Runesmith:EarthShield","Runesmith:Overpower"],"picked":"Runesmith:ChargedHammer","floor":11},{"not_picked":["Runesmith:RunicBlueprint","Runesmith:MakeshiftArmor","Runesmith:Refine"],"picked":"SKIP","floor":14}],"player_experience":620659,"relics_obtained":[{"floor":6,"key":"Golden Egg"},{"floor":8,"key":"construct:BoolHorns"}],"event_choices":[{"cards_removed":["Runesmith:Permafrost"],"damage_healed":0,"gold_gain":0,"player_choice":"Offered Uncommon","damage_taken":0,"max_hp_gain":0,"max_hp_loss":0,"event_name":"Bonfire Elementals","floor":2,"gold_loss":0},{"damage_healed":0,"gold_gain":0,"player_choice":"Got Potions","damage_taken":0,"max_hp_gain":0,"max_hp_loss":0,"event_name":"Lab","floor":5,"gold_loss":0}],"is_beta":false,"boss_relics":[],"items_purged_floors":[],"is_endless":false,"potions_floor_spawned":[1,4,7,10],"killed_by":"Fading Forest","ascension_level":0}}