{"host":"55yei7x27djrlaep","time":1608725711,"event":{"mods":["Act Like it!","Aspiration","BaseMod","Better Third Choice","BetterRewards","Colored Map","Downfall","Friendly Minions","GifTheSpireLib","Hubris","Minty Spire (QoL Compilation)","Replay The Spire","StSLib","Stuff the Spire","The Cursed","The Servant 0.9.4"],"gold_per_floor":[0,16,16,30,130,230,230,255,180,190,190,209,209,359,374,469,469,469,481,199,213,240,240,240,268,118,134,162,182,182,282,292,392,392,392,410,428,443,490,490,490,490,504,148,179,179,207,229,257,269,281,321,176,176,176],"floor_reached":56,"playtime":5019,"items_purged":["Slimebound:Icky","champ:Strike"],"score":1934,"play_id":"aed18104-799c-4824-a1b6-722539bcb966","local_time":"20201223151511","is_ascension_mode":true,"campfire_choices":[{"floor":1,"key":"RECALL"},{"floor":9,"key":"REST"},{"data":"champ:Improvising","floor":11,"key":"SMITH"},{"data":"champ:FocusedGladiator","floor":13,"key":"SMITH"},{"data":"champ:Improvising","floor":18,"key":"SMITH"},{"data":"champ:VampiricStrike","floor":23,"key":"SMITH"},{"data":"champ:ArenaPreparation","floor":26,"key":"SMITH"},{"data":"champ:ArenaPreparation","floor":30,"key":"SMITH"},{"floor":35,"key":"DIG"},{"data":"champ:IgnorePain","floor":40,"key":"SMITH"},{"data":"champ:Improvising","floor":46,"key":"SMITH"},{"data":"champ:Backstep","floor":54,"key":"SMITH"}],"circlet_count":0,"master_deck":["champ:Strike","champ:Defend","champ:Defend","champ:Defend","champ:Execute","champ:Taunt","champ:FocusedGladiator+1","champ:CrookedStrike","champ:Encircle","champ:BringItOn","champ:IronFortress+1","champ:ArenaPreparation+1","champ:RisingSlash","champ:Improvising+1","champ:StanceDance","champ:BladeFlurry","champ:ArenaPreparation+1","champ:FlashCut","champ:Improvising+1","champ:FanOfKnives","champ:Riposte","champ:VampiricStrike+1","champ:StrikeOfGenius","champ:BerserkersShout+1","champ:FalseCounter","champ:BladeFlurry+1","champ:Improvising+1","champ:GladiatorStyle","champ:DeathBlow+1","champ:Circumvent","champ:IgnorePain+1","champ:ArenaPreparation+1","champ:RapidStrikes+1","champ:StanceDance+1","champ:IronFortress+1","champ:Backstep+1","champ:ShieldSlam"],"relics":["champ:ChampionCrown","Prayer Wheel","Iron Hammer","Orichalcum","downfall:HeartBlessingRed","Sozu","Bottled Tornado","hubris:SphereOfDissonance","Du-Vu Doll","Regal Pillow","downfall:HeartBlessingBlue","downfall:HeartBlessingGreen","StuffTheSpire:Tea","Quantum Egg","champ:BlackKnightHelmet","hubris:TerracottaHorce","Bottled Lightning","StuffTheSpire:Wildfire","aspiration:SeaSaltIceCream","aspiration:Nostalgia","m_BurningSludge","Kunai","hubris:CrystalStatue","MawBank","hubris:MysteriousPyramids","aspiration:Lifesprig"],"acts_visited":["Exordium","TheCity","TheBeyond","TheEnding"],"potions_floor_usage":[55],"damage_taken":[{"damage":5,"enemies":"2 Louse","floor":2,"turns":3},{"damage":8,"enemies":"Jaw Worm","floor":4,"turns":4},{"damage":124,"enemies":"downfall:Heads","floor":5,"turns":11},{"damage":7,"enemies":"Gremlin Nob","floor":8,"turns":3},{"damage":10,"enemies":"Cultist","floor":10,"turns":4},{"damage":11,"enemies":"2 Fungi Beasts","floor":12,"turns":4},{"damage":15,"enemies":"Blue Slaver","floor":15,"turns":2},{"damage":25,"enemies":"downfall:Silent","floor":16,"turns":4},{"damage":15,"enemies":"Chosen","floor":19,"turns":3},{"damage":39,"enemies":"downfall:FleeingMerchant","floor":20,"turns":4},{"damage":14,"enemies":"Snake Plant","floor":21,"turns":2},{"damage":35,"enemies":"Slavers","floor":25,"turns":3},{"damage":12,"enemies":"Chosen and Byrds","floor":27,"turns":3},{"damage":37,"enemies":"Book of Stabbing","floor":28,"turns":3},{"damage":30,"enemies":"Centurion and Healer","floor":29,"turns":7},{"damage":63,"enemies":"Centurion and Healer","floor":31,"turns":5},{"damage":60,"enemies":"3 Cultists","floor":32,"turns":4},{"damage":29,"enemies":"downfall:Defect","floor":33,"turns":3},{"damage":9,"enemies":"3 Darklings","floor":36,"turns":3},{"damage":46,"enemies":"3 Shapes","floor":37,"turns":3},{"damage":43,"enemies":"Transient","floor":38,"turns":5},{"damage":25,"enemies":"2 Orb Walkers","floor":39,"turns":2},{"damage":43,"enemies":"4 Shapes","floor":43,"turns":3},{"damage":47,"enemies":"Nemesis","floor":45,"turns":2},{"damage":58,"enemies":"Giant Head","floor":47,"turns":4},{"damage":20,"enemies":"Jaw Worm Horde","floor":48,"turns":2},{"damage":30,"enemies":"Writhing Mass","floor":49,"turns":3},{"damage":65,"enemies":"downfall:Watcher","floor":50,"turns":2},{"damage":128,"enemies":"downfall:CharBossMerchant","floor":52,"turns":3},{"damage":98,"enemies":"downfall:NeowBoss","floor":55,"turns":14}],"seed_played":"-714117972049370987","potions_obtained":[{"floor":10,"key":"SkillPotion"},{"floor":12,"key":"Elixir"},{"floor":15,"key":"Venom Potion"}],"is_trial":false,"path_per_floor":["R","M","?","M","?","?","T","E","R","M","R","M","R","?","M","B",null,"R","M","$","M","?","R","T","E","R","M","E","M","R","?","M","B",null,"R_BF","M","M","M","?","R","T","?","M","$","E","R","E","M","M","B",null,"E","$","R","B",null],"character_chosen":"THE_CHAMP","items_purchased":["Bottled Tornado","hubris:SphereOfDissonance","Kunai","aspiration:Lifesprig"],"campfire_rested":1,"item_purchase_floors":[20,20,44,53],"current_hp_per_floor":[90,90,90,87,16,16,16,16,43,43,43,42,42,42,42,34,90,90,90,90,90,68,68,68,75,85,100,88,100,100,88,78,105,105,105,105,91,105,105,105,105,105,105,105,105,105,105,105,105,105,105,105,105,105,105],"gold":176,"neow_bonus":"ONE_RARE_RELIC","is_daily":false,"chose_seed":false,"campfire_upgraded":9,"win_rate":0.0,"timestamp":1608725711,"path_taken":["R","M","?","M","?","?","T","E","R","M","R","M","R","?","M","BOSS","R","M","$","M","?","R","T","E","R","M","E","?","R","?","M","BOSS","R_BF","M","M","M","?","R","T","?","M","$","E","R","E","M","M","BOSS","E","$","R","BOSS"],"items_purchased_type":["Relic","Relic","Relic","Relic"],"build_version":"2020-12-22","purchased_purges":2,"victory":true,"max_hp_per_floor":[90,90,90,90,90,90,90,90,90,90,90,90,90,90,90,90,90,90,90,90,90,90,90,90,90,100,100,100,100,100,100,105,105,105,105,105,105,105,105,105,105,105,105,105,105,105,105,105,105,105,105,105,105,105,105],"card_choices":[{"not_picked":["champ:DefensiveShout","champ:Backstep"],"picked":"champ:FocusedGladiator","floor":2},{"not_picked":["champ:BerserkersShout","champ:TornadoPunch"],"picked":"champ:CrookedStrike","floor":2},{"not_picked":["champ:StanceDance","champ:DefensiveShout"],"picked":"champ:Encircle","floor":4},{"not_picked":["champ:EndlessRage","champ:DefensiveShout"],"picked":"champ:BringItOn","floor":4},{"not_picked":["champ:FightOn","champ:TornadoPunch"],"picked":"champ:IronFortress","floor":5},{"not_picked":["champ:DefensiveShout","champ:Encircle"],"picked":"champ:RisingSlash","floor":8},{"not_picked":["champ:ViciousMockery","champ:FlashCut"],"picked":"champ:Improvising","floor":10},{"not_picked":["champ:CrookedStrike","champ:BringItOn"],"picked":"champ:StanceDance","floor":10},{"not_picked":["champ:PerfectedStrike","champ:DefensiveShout"],"picked":"champ:BladeFlurry","floor":12},{"not_picked":["champ:Circumvent","champ:StanceDance"],"picked":"champ:ArenaPreparation","floor":12},{"not_picked":["champ:GladiatorsShout","champ:EnGarde"],"picked":"champ:FlashCut","floor":15},{"not_picked":["champ:FalseCounter","champ:Encircle","champ:SkillfulDodge"],"picked":"SKIP","floor":15},{"not_picked":["champ:FalseCounter","champ:Encircle","champ:SkillfulDodge"],"picked":"SKIP","floor":15},{"not_picked":["champ:Devastate","champ:SwordThrow"],"picked":"champ:Improvising","floor":16},{"not_picked":["champ:BladeFlurry+1","champ:DeathBlow"],"picked":"champ:FanOfKnives","floor":19},{"not_picked":["champ:FaceSlap","champ:Haymaker","champ:Lariat"],"picked":"SKIP","floor":19},{"not_picked":["champ:DefensiveShout+1","champ:AdrenalArmor+1"],"picked":"champ:Riposte","floor":20},{"not_picked":["champ:DefensiveShout","champ:CrookedStrike"],"picked":"champ:VampiricStrike","floor":21},{"not_picked":["champ:HeartStrike+1","champ:CrookedStrike","champ:GladiatorsShout"],"picked":"SKIP","floor":21},{"not_picked":["champ:Encircle","champ:FocusedBerserking+1"],"picked":"champ:FightOn","floor":25},{"not_picked":["champ:BringItOn","champ:HeartStrike","champ:DeathBlow"],"picked":"SKIP","floor":27},{"not_picked":["champ:TornadoPunch","champ:BringItOn","champ:FanOfKnives"],"picked":"SKIP","floor":27},{"not_picked":["champ:Shatter","champ:FanOfKnives"],"picked":"champ:StrikeOfGenius","floor":28},{"not_picked":["champ:Encircle","champ:GladiatorStyle"],"picked":"champ:BerserkersShout+1","floor":29},{"not_picked":["champ:BladeFlurry","champ:BerserkersShout","champ:GladiatorsShout"],"picked":"SKIP","floor":29},{"not_picked":["champ:TornadoPunch+1","champ:FanOfKnives+1"],"picked":"champ:FalseCounter","floor":31},{"not_picked":["champ:DefensiveShout","champ:EnragedBash"],"picked":"champ:BladeFlurry+1","floor":32},{"not_picked":["champ:SkillfulDodge","champ:EndlessRage","champ:GladiatorsShout"],"picked":"SKIP","floor":32},{"not_picked":["champ:PerfectForm","champ:IgnorePain"],"picked":"champ:Improvising","floor":33},{"not_picked":["champ:BerserkersShout+1","champ:TornadoPunch+1","champ:FanOfKnives"],"picked":"SKIP","floor":36},{"not_picked":["champ:Encircle","champ:ViciousMockery","champ:CrookedStrike"],"picked":"SKIP","floor":36},{"not_picked":["champ:GladiatorsShout+1","champ:BerserkersShout"],"picked":"champ:GladiatorStyle","floor":37},{"not_picked":["champ:BringItOn+1","champ:HeartStrike+1","champ:ShieldWall+1"],"picked":"SKIP","floor":37},{"not_picked":["champ:BerserkerStyle+1","champ:StanceDance"],"picked":"champ:DeathBlow+1","floor":38},{"not_picked":["champ:Shatter","champ:CrookedStrike"],"picked":"champ:Circumvent","floor":38},{"not_picked":["champ:GladiatorsShout+1","champ:EnGarde"],"picked":"champ:IgnorePain","floor":39},{"not_picked":["champ:Haymaker","champ:BerserkerStyle"],"picked":"champ:ArenaPreparation+1","floor":43},{"not_picked":["champ:BladeFlurry+1","champ:CrookedStrike+1"],"picked":"champ:RapidStrikes+1","floor":43},{"not_picked":["champ:PerfectedStrike+1","champ:CalledShot"],"picked":"champ:StanceDance+1","floor":45},{"not_picked":["champ:CrookedStrike","champ:StanceDance+1","champ:DefensiveShout"],"picked":"SKIP","floor":47},{"not_picked":["champ:CalledShot","champ:Circumvent"],"picked":"champ:IronFortress+1","floor":48},{"not_picked":["champ:DefensiveShout","Sword Boomerang+1","champ:BringItOn"],"picked":"SKIP","floor":48},{"not_picked":["champ:DefensiveShout","champ:CalledShot"],"picked":"champ:Backstep","floor":49},{"not_picked":["champ:AdrenalArmor","Pummel","champ:FocusedGladiator"],"picked":"SKIP","floor":49},{"not_picked":["champ:PerfectedStrike","champ:BerserkersShout+1"],"picked":"champ:ShieldSlam","floor":52}],"player_experience":370742,"relics_obtained":[{"floor":7,"key":"Iron Hammer"},{"floor":8,"key":"Orichalcum"},{"floor":22,"key":"Du-Vu Doll"},{"floor":25,"key":"Regal Pillow"},{"floor":28,"key":"StuffTheSpire:Tea"},{"floor":31,"key":"Quantum Egg"},{"floor":31,"key":"champ:BlackKnightHelmet"},{"floor":35,"key":"Bottled Lightning"},{"floor":39,"key":"StuffTheSpire:Wildfire"},{"floor":41,"key":"aspiration:SeaSaltIceCream"},{"floor":45,"key":"hubris:CrystalStatue"},{"floor":47,"key":"MawBank"},{"floor":52,"key":"hubris:MysteriousPyramids"}],"event_choices":[{"cards_removed":["champ:Strike"],"damage_healed":0,"gold_gain":0,"player_choice":"Card Removal","damage_taken":0,"max_hp_gain":0,"max_hp_loss":0,"event_name":"The Cleric","floor":3,"gold_loss":0},{"damage_healed":0,"gold_gain":0,"player_choice":"Fight","damage_taken":0,"max_hp_gain":0,"max_hp_loss":0,"event_name":"Mysterious Sphere","floor":39,"gold_loss":0}],"is_beta":false,"boss_relics":[{"not_picked":["Astrolabe","hubris:CrackedHourglass"],"picked":"Sozu"},{"not_picked":["Runic Dome","Snecko Eye"],"picked":"hubris:TerracottaHorce"}],"items_purged_floors":[20,44],"is_endless":false,"potions_floor_spawned":[10,12,15,25,27,28,31,37,43,49],"ascension_level":5}}