{"host":"126yiuos2nq86se7","time":1608697585,"event":{"mods":["AchievementEnabler","Act Like it!","BaseMod","Colored Map","Colored Powertips","Downfall","Friendly Minions","Halation","Highlight Path","Minty Spire (QoL Compilation)","StSLib","SuperFastMode","The Animator"],"gold_per_floor":[114,114,13,31,31,31,62,62,109,109,4,79,79,98,98,200,200,200,200],"floor_reached":18,"playtime":643,"items_purged":["Eruption"],"score":156,"play_id":"c700b8b9-dea2-4c39-a343-f111d3a40907","local_time":"20201223152625","is_ascension_mode":false,"campfire_choices":[{"data":"Wireheading","floor":6,"key":"SMITH"},{"floor":8,"key":"REST"},{"floor":13,"key":"REST"},{"floor":15,"key":"REST"}],"circlet_count":0,"master_deck":["Strike_P","Strike_P","Strike_P","Strike_P","Defend_P","Defend_P","Defend_P","Defend_P","Vigilance","Wireheading+1","Protect","CutThroughFate","Nirvana","ThirdEye","Study","Wireheading","DeusExMachina"],"relics":["PureWater","Molten Egg 2","Bag of Preparation","halation:Prosthetics"],"acts_visited":["Exordium","TheCity"],"potions_floor_usage":[2,7,7,16,16,16,16,16],"damage_taken":[{"damage":0,"enemies":"2 Louse","floor":1,"turns":2},{"damage":9,"enemies":"Cultist","floor":4,"turns":4},{"damage":54,"enemies":"Lagavulin","floor":7,"turns":6},{"damage":5,"enemies":"Small Slimes","floor":14,"turns":4},{"damage":81,"enemies":"The Guardian","floor":16,"turns":16},{"damage":56,"enemies":"Spheric Guardian","floor":18,"turns":16}],"seed_played":"5145426946802604544","potions_obtained":[{"floor":1,"key":"EntropicBrew"},{"floor":2,"key":"Fruit Juice"},{"floor":2,"key":"DistilledChaos"},{"floor":2,"key":"Swift Potion"},{"floor":14,"key":"Explosive Potion"},{"floor":16,"key":"hexamod:EctoCoolerPotion"}],"is_trial":false,"path_per_floor":["M","?","$","M","$","R","E","R","T","?","$","?","R","M","R","B",null,"M"],"character_chosen":"WATCHER","items_purchased":["Protect","ThirdEye","Study"],"campfire_rested":3,"item_purchase_floors":[3,11,11],"current_hp_per_floor":[79,84,84,75,75,75,21,46,46,51,51,40,66,61,87,6,54,0,0],"gold":200,"neow_bonus":"TEN_PERCENT_HP_BONUS","is_daily":false,"chose_seed":false,"campfire_upgraded":1,"win_rate":0.0,"timestamp":1608697585,"path_taken":["M","?","?","M","$","R","E","R","T","?","$","?","R","?","R","BOSS","M"],"items_purchased_type":["Card","Card","Card"],"build_version":"2020-12-13","purchased_purges":1,"victory":false,"max_hp_per_floor":[79,84,84,84,84,84,84,84,84,89,89,89,89,89,89,89,54,54,54],"card_choices":[{"not_picked":["Prostrate","EmptyMind"],"picked":"Wireheading","floor":1},{"not_picked":["FollowUp","ClearTheMind"],"picked":"CutThroughFate","floor":4},{"not_picked":["Wireheading","Adaptation"],"picked":"Nirvana","floor":7},{"not_picked":["Conclude+1","SandsOfTime+1"],"picked":"Wireheading","floor":14},{"not_picked":["Omniscience","LessonLearned+1"],"picked":"DeusExMachina","floor":16}],"player_experience":1592433,"relics_obtained":[{"floor":7,"key":"Molten Egg 2"},{"floor":9,"key":"Bag of Preparation"}],"event_choices":[{"damage_healed":0,"gold_gain":0,"player_choice":"Got Potions","damage_taken":0,"max_hp_gain":0,"max_hp_loss":0,"event_name":"Lab","floor":2,"gold_loss":0},{"damage_healed":0,"gold_gain":0,"player_choice":"Donut","damage_taken":0,"max_hp_gain":5,"max_hp_loss":0,"event_name":"Big Fish","floor":10,"gold_loss":0},{"damage_healed":0,"gold_gain":75,"player_choice":"Gather Gold","damage_taken":11,"max_hp_gain":0,"max_hp_loss":0,"event_name":"World of Goop","floor":12,"gold_loss":0}],"is_beta":false,"boss_relics":[{"not_picked":["SlaversCollar","halation:MonkeysPaw"],"picked":"halation:Prosthetics"}],"items_purged_floors":[3],"is_endless":false,"potions_floor_spawned":[1,14,16],"killed_by":"Spheric Guardian","ascension_level":0}}