{"host":"qmmd8zc7eqgl2j9h","time":1608711818,"event":{"mods":["AchievementEnabler","Aspiration","BaseMod","Better Altar","Better Note","Better Sensory Stone","Better Skull","BetterRewards","Colored Map","Conspire","Googly Eyes","Hermit","Highlight Path","Infinite Spire","Marisa????????","Minty Spire (QoL Compilation)","Permanent Neow","Replay The Spire","StSLib","The Hierophant","The Necromancer","The Servant 0.9.4","Unceasing Turn Reminder","everything is the same but u backflip on backflip","slay the spire mod where everything is the same but ironclad has a cowboy hat"],"gold_per_floor":[112,112,128,143,14,14,14,14,41,79,254,293,53,104,104,104,104,254,254,304,304,357,357,387,387],"floor_reached":24,"playtime":1919,"items_purged":["Doubt"],"score":186,"play_id":"3fcb8316-aad2-418c-8292-b03940cc370f","local_time":"20201223002338","is_ascension_mode":false,"campfire_choices":[{"data":"conspire:Banana","floor":6,"key":"SMITH"},{"floor":17,"key":"REST"}],"circlet_count":0,"master_deck":["Strike_MRS","Strike_MRS","Strike_MRS","Strike_MRS+1","Defend_MRS","Defend_MRS","Defend_MRS","Defend_MRS","MasterSpark","UpSweep","Parasite","Parasite","MachineGunSpark","SporeBomb","LuminesStrike","conspire:Banana+1","MilkyWay","BinaryStars+1","WitchOfGreed","CasketOfStar","GrandCross","WitchOfGreed","PulseMagic","MillisecondPulsars","DC","GrandCross+1"],"relics":["MiniHakkero","ShroomBag","conspire:GiftBox","Replay:Bandana","Membership Card"],"acts_visited":["Exordium","TheCity"],"potions_floor_usage":[14,18,18],"damage_taken":[{"damage":11,"enemies":"Jaw Worm","floor":1,"turns":4},{"damage":0,"enemies":"Cultist","floor":3,"turns":4},{"damage":2,"enemies":"2 Louse","floor":4,"turns":3},{"damage":7,"enemies":"Blue Slaver","floor":10,"turns":3},{"damage":13,"enemies":"3 Louse","floor":12,"turns":4},{"damage":15,"enemies":"2 Fungi Beasts","floor":14,"turns":4},{"damage":51,"enemies":"Hexaghost","floor":18,"turns":11},{"damage":42,"enemies":"Spheric Guardian","floor":20,"turns":7},{"damage":29,"enemies":"Chosen","floor":22,"turns":6},{"damage":68,"enemies":"conspire:MimicChest","floor":24,"turns":6}],"seed_played":"-3695419999973259943","potions_obtained":[{"floor":10,"key":"SteroidPotion"},{"floor":12,"key":"EssenceOfSteel"},{"floor":14,"key":"SpeedPotion"},{"floor":14,"key":"Weak Potion"},{"floor":18,"key":"SpeedPotion"},{"floor":18,"key":"SpeedPotion"}],"is_trial":false,"path_per_floor":["M","?","M","M","$","R","?","?","T","M","?","M","$","M","PTL","R_BF","R","B",null,"M","?","M","?","?"],"character_chosen":"MARISA","items_purchased":["conspire:Banana","MilkyWay","Membership Card","GrandCross","WitchOfGreed"],"campfire_rested":1,"item_purchase_floors":[5,5,13,13,13],"current_hp_per_floor":[66,70,74,74,74,74,74,59,59,58,58,51,51,42,42,42,66,21,83,47,85,62,62,0,0],"gold":387,"neow_bonus":"RANDOM_COMMON_RELIC","is_daily":false,"chose_seed":false,"campfire_upgraded":1,"win_rate":0.0,"timestamp":1608711818,"path_taken":["M","?","M","?","?","R","?","?","T","M","?","?","$","M","PTL","R_BF","R","BOSS","M","?","?","?","?"],"items_purchased_type":["Card","Card","Relic","Card","Card"],"build_version":"2020-12-13","purchased_purges":1,"victory":false,"max_hp_per_floor":[75,75,75,75,75,75,75,75,75,77,77,79,79,81,81,81,81,83,83,85,85,87,87,89,89],"card_choices":[{"not_picked":["IllusionStar","DoubleSpark"],"picked":"MachineGunSpark","floor":1},{"not_picked":["GasGiant","ChargingUp"],"picked":"SporeBomb","floor":3},{"not_picked":["PowerUp","GalacticHalo"],"picked":"LuminesStrike","floor":4},{"not_picked":["BigCrunch","CollectingQuirk"],"picked":"BinaryStars","floor":7},{"not_picked":["WitchLeyline","ShootTheMoon"],"picked":"WitchOfGreed","floor":10},{"not_picked":["PowerUp","LuminesStrike"],"picked":"CasketOfStar","floor":12},{"not_picked":["DragonMeteor","MachineGunSpark"],"picked":"PulseMagic","floor":14},{"not_picked":["FinalSpark","BigCrunch"],"picked":"MillisecondPulsars","floor":18},{"not_picked":["DoubleSpark","ChargeUpSpray"],"picked":"DC","floor":20},{"not_picked":["OpenUniverse","GasGiant"],"picked":"GrandCross+1","floor":22}],"player_experience":207466,"relics_obtained":[{"floor":7,"key":"conspire:GiftBox"},{"floor":9,"key":"Replay:Bandana"}],"event_choices":[{"damage_healed":4,"gold_gain":0,"player_choice":"LEAVE ","damage_taken":0,"relics_obtained":[],"max_hp_gain":0,"max_hp_loss":0,"event_name":"betterSkull:BetterSkull","floor":2,"gold_loss":0,"cards_upgraded":[]},{"damage_healed":0,"gold_gain":0,"player_choice":"Entered Light","damage_taken":15,"max_hp_gain":0,"max_hp_loss":0,"event_name":"Shining Light","floor":8,"gold_loss":0,"cards_upgraded":["Strike_MRS","BinaryStars"]},{"damage_healed":0,"gold_gain":175,"player_choice":"AGREE","damage_taken":0,"max_hp_gain":0,"max_hp_loss":0,"event_name":"Liars Game","floor":11,"gold_loss":0,"cards_obtained":["Doubt"]},{"damage_healed":38,"gold_gain":0,"player_choice":"Full Heal","damage_taken":0,"max_hp_gain":0,"max_hp_loss":0,"event_name":"Wheel of Change","floor":21,"gold_loss":0},{"damage_healed":0,"gold_gain":0,"player_choice":"Ignored","damage_taken":0,"max_hp_gain":0,"max_hp_loss":0,"event_name":"betterNote:BetterNote","floor":23,"gold_loss":0,"cards_obtained":["Strike_G"]}],"is_beta":false,"boss_relics":[{"not_picked":["Replay:Wanted Poster","Velvet Choker","infinitespire:Cupcake"]}],"items_purged_floors":[13],"is_endless":false,"potions_floor_spawned":[10,14,18,20],"killed_by":"conspire:MimicChest","ascension_level":0}}