{"host":"flx6yngeuogemep4","time":1608739077,"event":{"mods":["BaseMod","BetterRewards","Colored Powertips","Minty Spire (QoL Compilation)"],"gold_per_floor":[119,134,146,110,129,159,134,134,134,134,164,181,181,181,181,284,284,294,248,231,231,250,282,282,282,282,296,296,296],"floor_reached":28,"playtime":1022,"items_purged":[],"score":273,"play_id":"858ff1b7-d3e0-4ecf-a47e-88a7aa8832b7","local_time":"20201223105757","is_ascension_mode":false,"campfire_choices":[{"floor":10,"key":"REST"},{"data":"Iron Wave","floor":13,"key":"SMITH"},{"floor":15,"key":"REST"},{"floor":24,"key":"REST"}],"circlet_count":0,"master_deck":["Strike_R","Strike_R+1","Strike_R","Strike_R","Strike_R","Defend_R","Defend_R","Defend_R+1","Bash+1","Shrug It Off+1","Anger","Iron Wave+1","Metallicize","Pommel Strike","Fiend Fire","Heavy Blade","Limit Break","Uppercut","Juggernaut","Clothesline","Armaments","Pommel Strike+1","Thunderclap+1","Second Wind+1","Dropkick+1"],"relics":["Black Blood","Whetstone","Bag of Marbles","Orichalcum","Kunai","PreservedInsect","Boot","Torii"],"acts_visited":["Exordium","TheCity"],"potions_floor_usage":[16,23,27,28,28,28],"damage_taken":[{"damage":1,"enemies":"Cultist","floor":1,"turns":3},{"damage":0,"enemies":"Small Slimes","floor":2,"turns":4},{"damage":0,"enemies":"Jaw Worm","floor":3,"turns":4},{"damage":14,"enemies":"2 Fungi Beasts","floor":5,"turns":4},{"damage":36,"enemies":"3 Sentries","floor":6,"turns":9},{"damage":0,"enemies":"Gremlin Nob","floor":11,"turns":3},{"damage":4,"enemies":"Red Slaver","floor":12,"turns":4},{"damage":23,"enemies":"The Guardian","floor":16,"turns":12},{"damage":8,"enemies":"Chosen","floor":18,"turns":5},{"damage":11,"enemies":"2 Thieves","floor":20,"turns":4},{"damage":41,"enemies":"Cultist and Chosen","floor":22,"turns":6},{"damage":31,"enemies":"Slavers","floor":23,"turns":6},{"damage":8,"enemies":"Snake Plant","floor":27,"turns":4},{"damage":61,"enemies":"Gremlin Leader","floor":28,"turns":3}],"seed_played":"3300952532909800063","potions_obtained":[{"floor":11,"key":"Ancient Potion"},{"floor":12,"key":"AttackPotion"},{"floor":16,"key":"Strength Potion"},{"floor":22,"key":"ElixirPotion"},{"floor":23,"key":"SkillPotion"},{"floor":27,"key":"AttackPotion"}],"is_trial":false,"path_per_floor":["M","M","M","$","M","E","$","?","T","R","E","M","R","?","R","B",null,"M","$","M","?","M","E","R","?","T","M","E"],"character_chosen":"IRONCLAD","items_purchased":["Metallicize","Heavy Blade","Armaments"],"campfire_rested":3,"item_purchase_floors":[4,7,19],"current_hp_per_floor":[80,80,80,80,72,42,42,42,42,66,72,74,74,58,80,63,80,80,80,80,80,51,32,56,56,56,60,0,0],"gold":296,"neow_bonus":"RANDOM_COMMON_RELIC","is_daily":false,"chose_seed":false,"campfire_upgraded":1,"win_rate":0.0,"timestamp":1608739077,"path_taken":["M","?","M","$","M","E","$","?","T","R","E","?","R","?","R","BOSS","M","$","M","?","M","E","R","?","T","?","E"],"items_purchased_type":["Card","Card","Card"],"build_version":"2020-12-22","purchased_purges":0,"victory":false,"max_hp_per_floor":[80,80,80,80,80,80,80,80,80,80,80,80,80,80,80,80,80,80,80,80,80,80,80,80,80,80,80,80,80],"card_choices":[{"not_picked":["Heavy Blade","Sword Boomerang"],"picked":"Shrug It Off","floor":1},{"not_picked":["Cleave","Twin Strike"],"picked":"Anger","floor":2},{"not_picked":["Rupture","Spot Weakness"],"picked":"Iron Wave","floor":3},{"not_picked":["Iron Wave","Headbutt"],"picked":"Pommel Strike","floor":5},{"not_picked":["Searing Blow","Second Wind"],"picked":"Fiend Fire","floor":6},{"not_picked":["Thunderclap","Carnage"],"picked":"Limit Break","floor":11},{"not_picked":["Dropkick","Warcry"],"picked":"Uppercut","floor":12},{"not_picked":["Limit Break","Fiend Fire"],"picked":"Juggernaut","floor":16},{"not_picked":["Dual Wield","Perfected Strike"],"picked":"Clothesline","floor":18},{"not_picked":["Rupture","Anger"],"picked":"Pommel Strike+1","floor":20},{"not_picked":["Anger","Headbutt+1"],"picked":"Thunderclap+1","floor":22},{"not_picked":["Dark Embrace","Iron Wave"],"picked":"Second Wind+1","floor":23},{"not_picked":["Power Through+1","Shrug It Off"],"picked":"Dropkick+1","floor":27}],"player_experience":53038,"relics_obtained":[{"floor":6,"key":"Bag of Marbles"},{"floor":9,"key":"Orichalcum"},{"floor":11,"key":"Kunai"},{"floor":23,"key":"Boot"},{"floor":26,"key":"Torii"}],"event_choices":[{"damage_healed":0,"gold_gain":0,"player_choice":"Ignored","damage_taken":0,"max_hp_gain":0,"max_hp_loss":0,"event_name":"NoteForYourself","floor":8,"gold_loss":0},{"damage_healed":0,"gold_gain":0,"player_choice":"Entered Light","damage_taken":16,"max_hp_gain":0,"max_hp_loss":0,"event_name":"Shining Light","floor":14,"gold_loss":0,"cards_upgraded":["Defend_R","Shrug It Off"]},{"damage_healed":0,"gold_gain":0,"player_choice":"Opened","damage_taken":0,"relics_obtained":["PreservedInsect"],"max_hp_gain":0,"max_hp_loss":0,"event_name":"The Mausoleum","floor":21,"gold_loss":0},{"cards_removed":["Defend_R"],"damage_healed":0,"gold_gain":0,"player_choice":"Purged","damage_taken":0,"max_hp_gain":0,"max_hp_loss":0,"event_name":"Purifier","floor":25,"gold_loss":0}],"is_beta":false,"boss_relics":[{"not_picked":["Fusion Hammer","SlaversCollar"],"picked":"Black Blood"}],"items_purged_floors":[],"is_endless":false,"potions_floor_spawned":[11,12,16,22,23,27],"killed_by":"Gremlin Leader","ascension_level":0}}