{"host":"k5j3culymg4irp71","time":1608762054,"event":{"mods":["2.2 Compatiblity","Act Like it!","Art Attack!","Aspiration","Astrologer","Bard","BaseMod","Bestiary","Better Match","BetterRewards","Block Reminder","CCEM","Colored Map","Colored Powertips","Conspire","Downfall","Emptier Cage","Energized Spire","GifTheSpireLib","Halation","Hallownest","Hermit","Hubris","Infinite Spire","Ironclad Rager","Minty Spire (QoL Compilation)","Pale of the Ancients","Quarter Circle Forward PUNCH!","Rare Cards Sparkle","Replay The Spire","Shade Mod","Shop Mod","Spikes Relics","StSLib","Stuff the Spire","The Animator","The Blackbeard","The Bladedancer","The Blue Laboratory","The Cursed","The Druid","The Forsaken","The Gatherer","The Hayseed","The Hierophant","The Juggle","The Marked","The Runesmith","The Servant 0.9.4","TheArtist","Trackpad","Waifu the Spire","Wandering Minibosses","slay the spire mod where everything is the same but ironclad has a cowboy hat","vexMod"],"gold_per_floor":[112,112,122,135,8,8,23,23,23,78,92,92,105,105,105,101,101,85,97,97,107,107,107],"floor_reached":22,"playtime":1553,"items_purged":[],"score":178,"play_id":"38fd3c4e-b69b-4603-a2a9-a6cc4ce9a10b","local_time":"20201223152054","is_ascension_mode":false,"campfire_choices":[{"data":"Shade:Tombstone","floor":6,"key":"SMITH"},{"data":"Shade:TouchOfTheGrave","floor":8,"key":"SMITH"},{"floor":12,"key":"REST"},{"floor":15,"key":"REST"}],"circlet_count":0,"master_deck":["Shade:Strike_Shade","Shade:Strike_Shade","Shade:Strike_Shade+1","Shade:Strike_Shade","Shade:Defend_Shade","Shade:Defend_Shade","Shade:Defend_Shade","Shade:Defend_Shade","Shade:AnimateDead","Shade:CarefulCut","Shade:TouchOfTheGrave+1","Shade:FeralStrike","Shade:CommandSoldier","Shade:Tombstone+1","Shade:Excise","Shade:Coordination+1","Shade:Excise","Shade:AncientSpear","Shade:Consume","animator:Curse_GriefSeed","Hallownest:curseDreamersLament","hubris:Sloth","Shade:FreshBones","Shade:CommandSoldier","Shade:FeralStrike+1"],"relics":["Shade:YorickSkull","hubris:Icosahedron","Replay:Wax Seal","Gremlin Food","Simple Rune","halation:EternalFortune","Replay:Ancient Bell","theForsaken:Lifeblossom","Pantograph","Replay:Multitool"],"acts_visited":["Exordium","TheCity"],"potions_floor_usage":[11,21],"damage_taken":[{"damage":0,"enemies":"Small Slimes","floor":1,"turns":3},{"damage":12,"enemies":"Jaw Worm","floor":3,"turns":4},{"damage":0,"enemies":"2 Louse","floor":4,"turns":1},{"damage":1,"enemies":"Exordium Wildlife","floor":7,"turns":3},{"damage":14,"enemies":"Lagavulin Event","floor":10,"turns":3},{"damage":14,"enemies":"Gremlin Gang","floor":11,"turns":7},{"damage":5,"enemies":"2 Fungi Beasts","floor":13,"turns":3},{"damage":24,"enemies":"Fading Forest","floor":16,"turns":11},{"damage":29,"enemies":"2 Thieves","floor":18,"turns":4},{"damage":13,"enemies":"Shell Parasite","floor":19,"turns":3},{"damage":40,"enemies":"Centurion and Healer","floor":21,"turns":7},{"damage":14,"enemies":"Snake Plant","floor":22,"turns":2}],"seed_played":"1527010982012200729","potions_obtained":[{"floor":1,"key":"blueLaboratory:StoneskinPotion"},{"floor":7,"key":"BlessingOfTheForge"},{"floor":10,"key":"Milkshake"},{"floor":13,"key":"Toxic Potion"},{"floor":21,"key":"SteroidPotion"}],"is_trial":false,"path_per_floor":["M","?","M","M","$","R","M","R","T","?","M","R","M","?","R","B",null,"M","M","?","M","M"],"character_chosen":"SHADE","items_purchased":["Replay:Wax Seal","Shade:Tombstone"],"campfire_rested":2,"item_purchase_floors":[5,5],"current_hp_per_floor":[71,71,59,59,59,59,58,58,58,44,30,51,46,49,71,47,74,46,41,41,7,0,0],"gold":107,"neow_bonus":"TEN_PERCENT_HP_BONUS","is_daily":false,"chose_seed":false,"campfire_upgraded":2,"win_rate":0.0,"timestamp":1608762054,"path_taken":["M","?","M","M","$","R","M","R","T","?","M","R","M","?","R","BOSS","M","M","?","?","M"],"items_purchased_type":["Relic","Card"],"build_version":"2020-12-22","purchased_purges":0,"victory":false,"max_hp_per_floor":[71,71,71,71,71,71,71,71,71,71,71,71,71,74,74,74,74,74,77,77,77,77,77],"card_choices":[{"not_picked":["Shade:Excise","Shade:GoDigging"],"picked":"Shade:TouchOfTheGrave","floor":1},{"not_picked":["Shade:GraveStillness","Shade:Brains"],"picked":"Shade:FeralStrike","floor":3},{"not_picked":["Shade:GoDigging","Shade:FeralStrike"],"picked":"Shade:CommandSoldier","floor":4},{"not_picked":["Shade:PoundOfFlesh","Shade:RavenousHorde"],"picked":"Shade:Excise","floor":7},{"not_picked":["Shade:BoneShards","Shade:GreyBargain"],"picked":"Shade:Coordination","floor":10},{"not_picked":["Shade:Doomsay","Shade:Haruspicy"],"picked":"Shade:Excise","floor":11},{"not_picked":["Shade:ClawBack","Shade:PotionOfRestlessness"],"picked":"Shade:AncientSpear","floor":13},{"not_picked":["Shade:Putrefaction","Shade:LastGasp"],"picked":"Shade:Consume","floor":16},{"not_picked":["ReplayTheSpireMod:Splinters","theForsaken:PlagueCurse"],"picked":"animator:Curse_GriefSeed","floor":17},{"not_picked":["Spreading Infection","ReplayTheSpireMod:Doomed"],"picked":"Hallownest:curseDreamersLament","floor":17},{"not_picked":["Normality","Overencumbered"],"picked":"hubris:Sloth","floor":17},{"not_picked":["Shade:FingerOfDeath+1","Shade:Premonition"],"picked":"Shade:FreshBones","floor":18},{"not_picked":["Shade:SkeletonHug+1","Shade:GoDigging"],"picked":"Shade:CommandSoldier","floor":19},{"not_picked":["Shade:PotionOfRestlessness","Shade:Excise"],"picked":"Shade:FeralStrike+1","floor":21}],"player_experience":59855,"relics_obtained":[{"floor":9,"key":"Gremlin Food"},{"floor":10,"key":"Simple Rune"},{"floor":19,"key":"halation:EternalFortune"}],"event_choices":[{"damage_healed":0,"gold_gain":0,"player_choice":"Searched \u00271\u0027 times","damage_taken":0,"max_hp_gain":0,"max_hp_loss":0,"event_name":"Dead Adventurer","floor":10,"gold_loss":0},{"damage_healed":0,"gold_gain":0,"player_choice":"Bought 0 Potions","damage_taken":0,"max_hp_gain":0,"max_hp_loss":0,"event_name":"The Woman in Blue","floor":20,"gold_loss":0}],"is_beta":false,"boss_relics":[{"not_picked":["qcfpunch:Crimson_Sash","Honey Jar"],"picked":"Replay:Ancient Bell"},{"not_picked":["StuffTheSpire:Barrel","RollingBoulder"],"picked":"theForsaken:Lifeblossom"},{"not_picked":["InkBottle","infinitespire:BottledMercury"],"picked":"Pantograph"},{"not_picked":["infinitespire:Joker Card","FossilizedHelix"],"picked":"Replay:Multitool"}],"items_purged_floors":[],"is_endless":false,"potions_floor_spawned":[1,7,10,13,18,21],"killed_by":"Snake Plant","ascension_level":0}}