{"host":"Finnegan","time":1608765743,"event":{"mods":["AchievementEnabler","BaseMod","Colored Map","Colored Powertips","Highlight Path","Minty Spire (QoL Compilation)","Permanent Neow","Quick Restart","Rare Cards Sparkle","Relic Stats","Slay-I","StSLib","everything is the same but u backflip on backflip","slay the spire mod where everything is the same but ironclad has a cowboy hat"],"gold_per_floor":[211,58,8,8,183,183,200,200,200],"floor_reached":8,"playtime":150,"items_purged":["Strike_P"],"score":70,"play_id":"f19478f3-d895-48a7-8499-007061b8fe16","local_time":"20201224002223","is_ascension_mode":true,"campfire_choices":[{"data":"Eruption","floor":6,"key":"SMITH"}],"circlet_count":0,"master_deck":["AscendersBane","Strike_P","Strike_P","Strike_P","Defend_P","Defend_P","Defend_P","Eruption+1","Vigilance","WaveOfTheHand","Sanctity","Doubt","CarveReality"],"relics":["PureWater","Potion Belt"],"acts_visited":["Exordium"],"potions_floor_usage":[],"damage_taken":[{"damage":0,"enemies":"Cultist","floor":1,"turns":2},{"damage":0,"enemies":"Small Slimes","floor":7,"turns":2},{"damage":7,"enemies":"3 Sentries","floor":8,"turns":4}],"seed_played":"-8708301304127065036","potions_obtained":[],"is_trial":false,"path_per_floor":["M","$","?","?","?","R","M","E"],"character_chosen":"WATCHER","items_purchased":["Sanctity"],"campfire_rested":0,"item_purchase_floors":[2],"current_hp_per_floor":[65,65,65,53,53,53,53,46,46],"gold":200,"neow_bonus":"HUNDRED_GOLD","is_daily":false,"chose_seed":false,"campfire_upgraded":1,"win_rate":0.0,"timestamp":1608765743,"path_taken":["M","$","?","?","?","R","M","E"],"items_purchased_type":["Card"],"build_version":"2020-12-18","purchased_purges":1,"victory":false,"max_hp_per_floor":[72,72,72,72,72,72,72,72,72],"relic_stats":{"counters":[3,8],"obtain_stats":[{"Potion Belt":4,"PureWater":0},{"Potion Belt":1,"PureWater":0},{"Potion Belt":2,"PureWater":0}]},"card_choices":[{"not_picked":["JustLucky","Crescendo"],"picked":"WaveOfTheHand","floor":1},{"not_picked":["WaveOfTheHand","ThirdEye"],"picked":"CarveReality","floor":7}],"player_experience":909190,"relics_obtained":[],"event_choices":[{"cards_removed":["Defend_P"],"damage_healed":0,"gold_gain":0,"player_choice":"Card Removal","damage_taken":0,"max_hp_gain":0,"max_hp_loss":0,"event_name":"The Cleric","floor":3,"gold_loss":50},{"damage_healed":0,"gold_gain":0,"player_choice":"Success","damage_taken":12,"relics_obtained":["Potion Belt"],"max_hp_gain":0,"max_hp_loss":0,"event_name":"Scrap Ooze","floor":4,"gold_loss":0},{"damage_healed":0,"gold_gain":175,"player_choice":"AGREE","damage_taken":0,"max_hp_gain":0,"max_hp_loss":0,"event_name":"Liars Game","floor":5,"gold_loss":0,"cards_obtained":["Doubt"]}],"is_beta":true,"boss_relics":[],"items_purged_floors":[2],"is_endless":false,"potions_floor_spawned":[],"killed_by":"3 Sentries","ascension_level":12}}