{"host":"o0q01dgb4z8zpo6o","time":1608751704,"event":{"mods":["BaseMod","GifTheSpireLib","Minty Spire (QoL Compilation)","Relic Stats","StSLib"],"gold_per_floor":[116,126,126,150,50,50,50,81,108,108,126,144,144,198,198,273,273,288,113,127,146,165,165,194,194,194,194,194],"floor_reached":27,"playtime":1063,"items_purged":["Strike_B","Strike_B"],"score":380,"play_id":"9141b820-8218-4638-bc6e-609f4b72c882","local_time":"20201223112824","is_ascension_mode":true,"campfire_choices":[{"floor":6,"key":"REST"},{"data":"Sweeping Beam","floor":10,"key":"SMITH"},{"data":"Dualcast","floor":13,"key":"SMITH"},{"floor":15,"key":"REST"},{"floor":23,"key":"REST"}],"circlet_count":0,"master_deck":["AscendersBane","Strike_B","Strike_B","Defend_B","Defend_B","Defend_B","Defend_B","Zap","Dualcast+1","Storm","Sweeping Beam+1","Ball Lightning","Conserve Battery","FTL","Rebound","Fission","Barrage","Self Repair","Ball Lightning","Compile Driver","Leap"],"relics":["Cracked Core","Tiny Chest","Calipers","Bag of Marbles","Ancient Tea Set","Blood Vial","Bag of Preparation","Sozu","Red Mask","Pen Nib","Darkstone Periapt"],"acts_visited":["Exordium","TheCity"],"potions_floor_usage":[],"damage_taken":[{"damage":9,"enemies":"2 Louse","floor":1,"turns":3},{"damage":1,"enemies":"Jaw Worm","floor":2,"turns":4},{"damage":25,"enemies":"Gremlin Nob","floor":8,"turns":4},{"damage":0,"enemies":"Small Slimes","floor":11,"turns":3},{"damage":0,"enemies":"2 Fungi Beasts","floor":12,"turns":2},{"damage":38,"enemies":"Hexaghost","floor":16,"turns":9},{"damage":22,"enemies":"Shell Parasite","floor":18,"turns":5},{"damage":7,"enemies":"Chosen","floor":20,"turns":4},{"damage":27,"enemies":"Sentry and Sphere","floor":21,"turns":5},{"damage":11,"enemies":"Cultist and Chosen","floor":22,"turns":5},{"damage":33,"enemies":"Masked Bandits","floor":24,"turns":4},{"damage":18,"enemies":"Snecko","floor":27,"turns":2}],"seed_played":"-1376383226764265041","potions_obtained":[{"floor":8,"key":"DuplicationPotion"},{"floor":11,"key":"DuplicationPotion"}],"is_trial":false,"path_per_floor":["M","M","?","T","$","R","?","E","T","R","M","M","R","T","R","B",null,"M","$","M","M","M","R","?","T","T","M"],"character_chosen":"DEFECT","items_purchased":["Ball Lightning","Self Repair"],"campfire_rested":3,"item_purchase_floors":[5,19],"current_hp_per_floor":[55,54,28,28,28,49,49,24,24,24,26,28,28,28,49,13,57,37,37,39,21,19,40,16,16,16,0,0],"gold":194,"neow_bonus":"RANDOM_COMMON_RELIC","is_daily":false,"chose_seed":false,"campfire_upgraded":2,"win_rate":0.0,"timestamp":1608751704,"path_taken":["M","M","?","?","$","R","?","E","T","R","M","M","R","?","R","BOSS","M","$","M","M","M","R","?","?","T","?"],"items_purchased_type":["Card","Card"],"build_version":"2020-12-22","purchased_purges":2,"victory":false,"max_hp_per_floor":[71,71,71,71,71,71,71,71,71,71,71,71,71,71,71,71,71,71,71,71,71,71,71,71,71,71,71,71],"relic_stats":{"Blood Vial":18,"Sozu":2,"Darkstone Periapt":0,"counters":[12,50],"Tiny Chest":1,"Pen Nib":[0],"Bag of Preparation":[14],"obtain_stats":[{"Blood Vial":9,"Sozu":17,"Darkstone Periapt":26,"Calipers":3,"Tiny Chest":0,"Pen Nib":25,"Bag of Marbles":4,"Bag of Preparation":14,"Red Mask":24,"Cracked Core":0,"Ancient Tea Set":8},{"Blood Vial":3,"Sozu":6,"Darkstone Periapt":11,"Calipers":2,"Tiny Chest":0,"Pen Nib":11,"Bag of Marbles":2,"Bag of Preparation":5,"Red Mask":11,"Cracked Core":0,"Ancient Tea Set":3},{"Blood Vial":11,"Sozu":25,"Darkstone Periapt":48,"Calipers":7,"Tiny Chest":0,"Pen Nib":48,"Bag of Marbles":7,"Bag of Preparation":16,"Red Mask":48,"Cracked Core":0,"Ancient Tea Set":11}]},"card_choices":[{"not_picked":["Beam Cell","Stack"],"picked":"Storm","floor":1},{"not_picked":["Leap","Streamline"],"picked":"Sweeping Beam","floor":2},{"not_picked":["Heatsinks","Leap"],"picked":"Conserve Battery","floor":8},{"not_picked":["Consume","Redo"],"picked":"FTL","floor":11},{"not_picked":["Hologram","Chill"],"picked":"Rebound","floor":12},{"not_picked":["Reboot","Amplify"],"picked":"Fission","floor":16},{"not_picked":["Turbo","Go for the Eyes"],"picked":"Barrage","floor":18},{"not_picked":["Beam Cell","Doom and Gloom"],"picked":"Ball Lightning","floor":20},{"not_picked":["Rebound","Double Energy+1"],"picked":"Compile Driver","floor":21},{"not_picked":["Doom and Gloom","Heatsinks","Sweeping Beam"],"picked":"SKIP","floor":22},{"not_picked":["Cold Snap","Redo"],"picked":"Leap","floor":24}],"player_experience":1027940,"relics_obtained":[{"floor":4,"key":"Bag of Marbles"},{"floor":8,"key":"Ancient Tea Set"},{"floor":9,"key":"Blood Vial"},{"floor":14,"key":"Bag of Preparation"},{"floor":24,"key":"Red Mask"},{"floor":25,"key":"Pen Nib"},{"floor":26,"key":"Darkstone Periapt"}],"event_choices":[{"damage_healed":0,"gold_gain":0,"player_choice":"Success","damage_taken":26,"relics_obtained":["Calipers"],"max_hp_gain":0,"max_hp_loss":0,"event_name":"Scrap Ooze","floor":3,"gold_loss":0},{"damage_healed":0,"gold_gain":0,"player_choice":"Ignored","damage_taken":0,"max_hp_gain":0,"max_hp_loss":0,"event_name":"Liars Game","floor":7,"gold_loss":0},{"damage_healed":0,"gold_gain":0,"player_choice":"Fought Bandits","damage_taken":0,"max_hp_gain":0,"max_hp_loss":0,"event_name":"Masked Bandits","floor":24,"gold_loss":0}],"is_beta":false,"boss_relics":[{"not_picked":["Empty Cage","Velvet Choker"],"picked":"Sozu"}],"items_purged_floors":[5,19],"is_endless":false,"potions_floor_spawned":[8,11,21,22],"killed_by":"Snecko","ascension_level":16}}