{"host":"pew4fjlaqz7m1maf","time":1608688337,"event":{"mods":["AchievementEnabler","Act Like it!","Alarm Clock","Bartender","BaseMod","Bestiary","Better Match","Better Note","Block Reminder","Booster Modes","Colored Map","Colored Powertips","Curses Come First","Custom Start","DeckTracker","Duelist Mod","GifTheSpireLib","Googly Eyes","GungeonMod","Halation","Hallownest","Hero for Fun","Hubris","Hyrulean Relics","Ironclad Rager","Jedi Mod","LagranYue(ùfäiòNÅEåé)","Magitek Elite","MarisaÅiñ∂âJÅ@ñÇóùçπÅj","Melee Mod","Minty Spire (QoL Compilation)","Prisma Mod","Quick Restart","Random Character Button","Relic Sorter","Relic Stats","Replay The Spire","Spicy Shops","StSLib","Td1madao Mod","The Animator","The Blue Laboratory","The Bug Knight","The IronCluck","The Mystic","The Servant 0.9.4","The Wild Card","TheHero","TheWitcher","Waifu the Spire","Åyå˜î\ModÅz?ñæìIç≈?Boss"],"gold_per_floor":[114,130,40,53,72,72,106,281,281,281,281,300,325,337,337,337,337,439,439,452,466,482,482,494,526,526,560,560,560,570,570,584,584,584,684,684,704,785,800,811,823,823,834,860,883,893,910,924,941,941,941,941,941,941,288,288,288,288],"floor_reached":57,"playtime":5508,"items_purged":["Strike_C"],"score":982,"play_id":"c50f56a3-d79f-4ebe-920a-6eb4c9866cd1","local_time":"20201222185217","is_ascension_mode":false,"campfire_choices":[{"data":"Energy Supply","floor":6.0,"key":"SMITH"},{"data":"Afterwards","floor":15.0,"key":"SMITH"},{"floor":17.0,"key":"REST"},{"floor":26.0,"key":"REST"},{"data":"Resistance","floor":29.0,"key":"SMITH"},{"data":"Resistance","floor":31.0,"key":"SMITH"},{"data":"Resistance","floor":34.0,"key":"SMITH"},{"data":"Provocative","floor":42.0,"key":"SMITH"},{"floor":51.0,"key":"RECALL"},{"data":"Optimization","floor":54.0,"key":"SMITH"}],"circlet_count":1,"master_deck":["Strike_C","Strike_C+1","Strike_C","Defend_C","Defend_C","Defend_C+1","Defend_C","Knight Kick","Chip","Floating Swing Kick","Resistance+1","Floating Swing Kick+1","Machining+1","Afterwards+1","Energy Supply+1","Bugfix","Doubt","Floating Swing Kick","Optimization+1","AbeCurse","CurseOfTheBell","Resistance+1","Lore+1","Ruin Defend","Resistance+1","Here Defend Chip+1","Reflection Mechanism+1","CommonCold","Provocative+1","Cursed Blade","Retrieval Recycling","Resistance+1","SnafuTest:CurseHeatDeath","Afterwards+1","Bugfix+1","Floating Swing Kick+1","Overclocking","theDuelist:CurseDarkness","Reflection Mechanism","Ruin Defend+1","Cursed Blade+1","Weapon Shift+1","Decay","Gravity Defend","Blind","Mayhem","Weapon Shift+1"],"relics":["Apod","LagranYue:RandomDrawCardRelic","NeowsBlessing","jedi:angrymask","HornCleat","jedi:shrinkray","Replay:Grab Bag","Abe\u0027s Treasure","Cursed Key","Calling Bell","Black Star","Tiny Chest","Circlet","Ginger","Simple Rune","Counterbalance","Orichalcum","Snack Pack","Question Card","LagranYue:SoulBurningRelic","Strawberry","Replay:Ringing Soul","Dream Catcher","Pantograph","Medical Kit","jedi:kaleidoscope","jedi:ominousloannote","Boot","StoneCalendar"],"acts_visited":["Exordium","TheCity","TheBeyond","TheEnding"],"potions_floor_usage":[57],"damage_taken":[{"damage":0.0,"enemies":"2 Louse","floor":1.0,"turns":1.0},{"damage":0.0,"enemies":"Jaw Worm","floor":2.0,"turns":1.0},{"damage":0.0,"enemies":"Small Slimes","floor":4.0,"turns":1.0},{"damage":5.0,"enemies":"Gremlin Gang","floor":5.0,"turns":5.0},{"damage":5.0,"enemies":"HollowMod:MossKnight","floor":7.0,"turns":14.0},{"damage":7.0,"enemies":"Large Slime","floor":12.0,"turns":8.0},{"damage":0.0,"enemies":"Looter","floor":14.0,"turns":3.0},{"damage":18.0,"enemies":"Fading Forest","floor":18.0,"turns":11.0},{"damage":19.0,"enemies":"Spheric Guardian","floor":20.0,"turns":6.0},{"damage":0.0,"enemies":"Chosen","floor":21.0,"turns":4.0},{"damage":16.0,"enemies":"Centurion and Healer","floor":22.0,"turns":7.0},{"damage":0.0,"enemies":"Shelled Parasite and Fungi","floor":24.0,"turns":6.0},{"damage":6.0,"enemies":"theDuelist:KaibaA2","floor":25.0,"turns":7.0},{"damage":0.0,"enemies":"Replay:Snechameleon","floor":27.0,"turns":8.0},{"damage":0.0,"enemies":"Snake Plant","floor":30.0,"turns":3.0},{"damage":0.0,"enemies":"Snecko","floor":32.0,"turns":4.0},{"damage":45.0,"enemies":"Automaton","floor":35.0,"turns":11.0},{"damage":0.0,"enemies":"3 Shapes","floor":37.0,"turns":2.0},{"damage":0.0,"enemies":"3 Darklings","floor":39.0,"turns":4.0},{"damage":8.0,"enemies":"4 Shapes","floor":40.0,"turns":7.0},{"damage":0.0,"enemies":"Transient","floor":41.0,"turns":5.0},{"damage":8.0,"enemies":"Jaw Worm Horde","floor":43.0,"turns":7.0},{"damage":49.0,"enemies":"Nemesis","floor":44.0,"turns":9.0},{"damage":0.0,"enemies":"Sphere and 2 Shapes","floor":46.0,"turns":3.0},{"damage":8.0,"enemies":"3 Darklings","floor":47.0,"turns":4.0},{"damage":0.0,"enemies":"4 Shapes","floor":48.0,"turns":4.0},{"damage":0.0,"enemies":"Writhing Mass","floor":49.0,"turns":1.0},{"damage":19.0,"enemies":"Time Eater","floor":52.0,"turns":14.0},{"damage":21.0,"enemies":"Shield and Spear","floor":56.0,"turns":5.0},{"damage":67,"enemies":"The Heart","floor":57,"turns":6}],"seed_played":"-7939001064487255944","potions_obtained":[{"floor":1.0,"key":"Block Potion"},{"floor":4.0,"key":"blueLaboratory:HorrorPotion"},{"floor":7.0,"key":"jedi:StrikingPotion"},{"floor":12.0,"key":"EntropicBrew"},{"floor":21.0,"key":"Regen Potion"},{"floor":22.0,"key":"Adrenaline Potion"},{"floor":24.0,"key":"Milkshake"},{"floor":32.0,"key":"Strength Potion"},{"floor":37.0,"key":"DistilledChaos"},{"floor":40.0,"key":"Explosive Potion"},{"floor":46.0,"key":"blueLaboratory:BottleOfVodka"},{"floor":48.0,"key":"blueLaboratory:HummingbirdPotion"}],"is_trial":false,"path_per_floor":["M","M","$","M","M","R","E","?","T","PTL","PTL","M","T","M","R","?","R","B",null,"M","M","M","?","M","E","R","E","T","R","M","R","M","?","R","B",null,"M","T","M","M","M","R","M","E","T","M","M","M","M","?","R","B",null,"R","$","E","B"],"character_chosen":"TD1MADAO_CLASS","items_purchased":["Floating Swing Kick+1","Machining","Pantograph","Medical Kit","jedi:kaleidoscope","jedi:ominousloannote","Gravity Defend","Boot","Block Potion","blueLaboratory:HorrorPotion","Blind","Mayhem"],"campfire_rested":2,"item_purchase_floors":[3,3,55,55,55,55,55,55,55,55,55,55],"current_hp_per_floor":[70,70,70,70,65,65,60,60,60,60,60,53,53,53,53,58,70,58,70,51,51,44,44,44,38,59,59,59,59,61,61,61,61,61,24,70,70,70,70,63,66,66,58,20,22,26,22,25,28,28,28,12,89,89,88,66,17,17],"gold":288,"neow_bonus":"THREE_ENEMY_KILL","is_daily":false,"chose_seed":false,"campfire_upgraded":7,"win_rate":0.0,"timestamp":1608688337,"path_taken":["M","M","$","M","M","R","E","?","T","PTL","PTL","M","?","?","R","?","R","BOSS","M","M","?","?","M","E","R","E","T","R","M","R","M","?","R","BOSS","M","?","?","M","M","R","M","E","T","M","M","M","?","?","R","BOSS","R","$","E","BOSS"],"items_purchased_type":["Card","Card","Relic","Relic","Relic","Relic","Card","Relic","Potion","Potion","Card","Card"],"build_version":"2020-12-13","purchased_purges":1,"victory":false,"max_hp_per_floor":[70,70,70,70,70,70,70,70,70,70,70,70,70,70,70,70,70,70,70,70,70,70,70,70,70,70,70,70,70,70,70,70,70,70,70,70,70,70,70,70,70,70,70,80,83,84,87,88,91,91,91,89,89,89,88,87,83,83],"relic_stats":{"counters":[30,171],"StoneCalendar":[0],"Ginger":[25],"Orichalcum":[90],"Cursed Key":3,"Question Card":22,"Medical Kit":[0],"Boot":[0],"Dream Catcher":0,"Pantograph":17,"Tiny Chest":1,"Black Star":4,"obtain_stats":[{"jedi:angrymask":7,"Divine Protection":19,"LagranYue:RandomDrawCardRelic":0,"LagranYue:SoulBurningRelic":36,"StoneCalendar":56,"DemoMod:GlassGuonStoneRelic":1,"Ginger":19,"Cursed Key":19,"Boot":55,"jedi:shrinkray":13,"Replay:Ringing Soul":44,"Dream Catcher":45,"HornCleat":9,"Strawberry":44,"Pantograph":55,"Tiny Chest":19,"NeowsBlessing":0,"Replay:Grab Bag":19,"Counterbalance":25,"Circlet":0,"Orichalcum":27,"Question Card":28,"Medical Kit":55,"Calling Bell":19,"jedi:kaleidoscope":55,"jedi:ominousloannote":55,"Simple Rune":25,"Black Star":19,"Snack Pack":27,"Apod":0,"Abe\u0027s Treasure":19},{"jedi:angrymask":5,"Divine Protection":8,"LagranYue:RandomDrawCardRelic":0,"LagranYue:SoulBurningRelic":17,"StoneCalendar":29,"DemoMod:GlassGuonStoneRelic":1,"Ginger":8,"Cursed Key":8,"Boot":28,"jedi:shrinkray":6,"Replay:Ringing Soul":23,"Dream Catcher":23,"HornCleat":5,"Strawberry":23,"Pantograph":28,"Tiny Chest":8,"NeowsBlessing":0,"Replay:Grab Bag":8,"Counterbalance":13,"Circlet":0,"Orichalcum":14,"Question Card":14,"Medical Kit":28,"Calling Bell":8,"jedi:kaleidoscope":28,"jedi:ominousloannote":28,"Simple Rune":13,"Black Star":8,"Snack Pack":14,"Apod":0,"Abe\u0027s Treasure":8},{"jedi:angrymask":22,"Divine Protection":44,"LagranYue:RandomDrawCardRelic":0,"LagranYue:SoulBurningRelic":100,"StoneCalendar":165,"DemoMod:GlassGuonStoneRelic":1,"Ginger":44,"Cursed Key":44,"Boot":160,"jedi:shrinkray":30,"Replay:Ringing Soul":134,"Dream Catcher":134,"HornCleat":22,"Strawberry":134,"Pantograph":160,"Tiny Chest":44,"NeowsBlessing":0,"Replay:Grab Bag":44,"Counterbalance":74,"Circlet":0,"Orichalcum":82,"Question Card":82,"Medical Kit":160,"Calling Bell":44,"jedi:kaleidoscope":160,"jedi:ominousloannote":160,"Simple Rune":74,"Black Star":44,"Snack Pack":82,"Apod":0,"Abe\u0027s Treasure":44}]},"card_choices":[{"not_picked":["Preloading","Paralysis"],"picked":"Floating Swing Kick","floor":1.0},{"not_picked":["Fire Blade","Reinforcement Parts"],"picked":"Resistance","floor":2.0},{"not_picked":["Cooling Song","Light Attack"],"picked":"Afterwards","floor":4.0},{"not_picked":["Awareness","Light Attack"],"picked":"Energy Supply","floor":5.0},{"not_picked":["Cooling Song","Coercion"],"picked":"Bugfix","floor":7.0},{"not_picked":["Break Into","Winding Magic"],"picked":"White Contract","floor":12.0},{"not_picked":["Fire Blade","Awareness"],"picked":"Floating Swing Kick","floor":14.0},{"not_picked":["Data Freezing","Black Warm Hole"],"picked":"Optimization","floor":18.0},{"not_picked":["Three Hit","Revenge"],"picked":"Resistance","floor":20.0},{"not_picked":["Black Shadow","Awareness"],"picked":"Lore+1","floor":21.0},{"not_picked":["Black Execution+1","Machining"],"picked":"Ruin Defend","floor":22.0},{"not_picked":["Provocative","Reflection Mechanism"],"picked":"Resistance","floor":24.0},{"not_picked":["Fire Blade+1","Floating Even"],"picked":"Here Defend Chip+1","floor":25.0},{"not_picked":["Overclocking","Twin Teeth+1"],"picked":"Reflection Mechanism+1","floor":27.0},{"not_picked":["Here Defend Chip","Fire Blade","Oblique Hack"],"picked":"Provocative","floor":30.0},{"not_picked":["Light Attack+1","Bursts","Sudden Beat"],"picked":"Cursed Blade","floor":32.0},{"not_picked":["Shockwave Tdmadao","Black Warm Hole","Furious"],"picked":"Retrieval Recycling","floor":35.0},{"not_picked":["Preloading","Black Shadow+1","Floating Swing Kick+1"],"picked":"Resistance+1","floor":37.0},{"not_picked":["Reinforcement Parts+1","Fixing","Pod Laser"],"picked":"Afterwards+1","floor":39.0},{"not_picked":["Cursed Blade+1","Provocative","Afterwards"],"picked":"Bugfix+1","floor":40.0},{"not_picked":["Twin Teeth","Recovery Mechanism+1","Fire Up+1","Awareness"],"picked":"SKIP","floor":41.0},{"not_picked":["Fire Up","Rupture","Black Hand"],"picked":"Floating Swing Kick+1","floor":43.0},{"not_picked":["Black Shadow","Fire Up","Fixing"],"picked":"Overclocking","floor":44.0},{"not_picked":["Floating Swing Kick","Here Defend Chip+1","De Ware Chip"],"picked":"Reflection Mechanism","floor":46.0},{"not_picked":["Trader+1","Fire Up","Provocative+1"],"picked":"Ruin Defend+1","floor":47.0},{"not_picked":["Lunge","Black Execution+1","Twin Teeth"],"picked":"Cursed Blade+1","floor":48.0},{"not_picked":["Three Hit","White Contract+1","Sudden Beat+1"],"picked":"Weapon Shift+1","floor":49.0},{"not_picked":["Provocative+1","Judgment","Gravity Defend"],"picked":"Weapon Shift+1","floor":56.0}],"player_experience":101848,"relics_obtained":[{"floor":7.0,"key":"jedi:angrymask"},{"floor":9.0,"key":"HornCleat"},{"floor":13.0,"key":"jedi:shrinkray"},{"floor":19.0,"key":"Tiny Chest"},{"floor":19.0,"key":"Divine Protection"},{"floor":19.0,"key":"Ginger"},{"floor":25.0,"key":"Simple Rune"},{"floor":25.0,"key":"Counterbalance"},{"floor":27.0,"key":"Orichalcum"},{"floor":27.0,"key":"Snack Pack"},{"floor":28.0,"key":"Question Card"},{"floor":44.0,"key":"Strawberry"},{"floor":44.0,"key":"Replay:Ringing Soul"},{"floor":45.0,"key":"Dream Catcher"},{"floor":56.0,"key":"StoneCalendar"}],"event_choices":[{"damage_healed":0.0,"max_hp_gain":0.0,"max_hp_loss":0.0,"gold_gain":175.0,"event_name":"Liars Game","player_choice":"AGREE","floor":8.0,"gold_loss":0.0,"damage_taken":0.0,"cards_obtained":["Doubt"]},{"cards_removed":["White Contract"],"damage_healed":5.0,"max_hp_gain":0.0,"max_hp_loss":0.0,"gold_gain":0.0,"event_name":"Bonfire Elementals","player_choice":"Offered Common","floor":16.0,"gold_loss":0.0,"damage_taken":0.0},{"cards_removed":["White Contract"],"damage_healed":5.0,"max_hp_gain":0.0,"max_hp_loss":0.0,"gold_gain":0.0,"event_name":"Bonfire Elementals","player_choice":"Offered Special","floor":16.0,"gold_loss":0.0,"damage_taken":0.0},{"damage_healed":0.0,"max_hp_gain":0.0,"max_hp_loss":0.0,"gold_gain":0.0,"event_name":"Upgrade Shrine","player_choice":"Upgraded","floor":23.0,"gold_loss":0.0,"damage_taken":0.0,"cards_upgraded":["Machining"]},{"cards_removed":["Strike_C"],"damage_healed":0.0,"max_hp_gain":0.0,"max_hp_loss":0.0,"gold_gain":0.0,"event_name":"betterNote:BetterNote","player_choice":"Give","floor":33.0,"gold_loss":0.0,"damage_taken":0.0,"cards_obtained":["Defend_G"]},{"damage_healed":0.0,"max_hp_gain":0.0,"max_hp_loss":0.0,"gold_gain":0.0,"event_name":"Mysterious Sphere","player_choice":"Ignored","floor":50.0,"gold_loss":0.0,"damage_taken":0.0}],"is_beta":false,"boss_relics":[{"not_picked":["Silver_Glasses","Ring of Chaos"],"picked":"Replay:Grab Bag"},{"not_picked":["Ectoplasm","Replay:Bronze Core"],"picked":"Abe\u0027s Treasure"},{"not_picked":["Fusion Hammer","Sozu"],"picked":"Cursed Key"},{"not_picked":["Kintsugi","Replay:Drink Me"],"picked":"Calling Bell"},{"not_picked":["SacredBark","Gem_Box"],"picked":"Black Star"},{"not_picked":["Busted Crown","jedi:hotpepper"],"picked":"LagranYue:SoulBurningRelic"}],"items_purged_floors":[55],"is_endless":false,"potions_floor_spawned":[1,4,7,12,21,22,24,32,37,40,46,48,56],"killed_by":"The Heart","ascension_level":0}}