{"host":"6wux4armhsntp4yb","time":1608761897,"event":{"mods":["BaseMod","Colored Map","DeckTracker","Minty Spire (QoL Compilation)","Relic Stats"],"gold_per_floor":[214,214,214,18,37,71,71,71,71],"floor_reached":8,"playtime":561,"items_purged":[],"score":108,"play_id":"bd9823fe-728c-4283-bc57-aebab795630c","local_time":"20201224071817","is_ascension_mode":true,"campfire_choices":[{"data":"Well Laid Plans","floor":7,"key":"SMITH"}],"circlet_count":0,"master_deck":["AscendersBane","Strike_G","Strike_G","Strike_G","Strike_G","Strike_G","Defend_G","Defend_G","Defend_G","Defend_G","Defend_G","Survivor","Neutralize+1","Sucker Punch+1","Sadistic Nature","Well Laid Plans+1","PiercingWail"],"relics":["Ring of the Snake","White Beast Statue"],"acts_visited":["Exordium"],"potions_floor_usage":[],"damage_taken":[{"damage":0.0,"enemies":"2 Louse","floor":1.0,"turns":5.0},{"damage":0.0,"enemies":"Cultist","floor":5.0,"turns":4.0},{"damage":28,"enemies":"3 Sentries","floor":6,"turns":14},{"damage":32,"enemies":"Gremlin Nob","floor":8,"turns":4}],"seed_played":"406389723461991578","potions_obtained":[],"is_trial":false,"path_per_floor":["M","?","?","$","M","E","R","E"],"character_chosen":"THE_SILENT","items_purchased":["Sadistic Nature"],"campfire_rested":0,"item_purchase_floors":[4],"current_hp_per_floor":[59,59,59,59,59,31,31,0,0],"gold":71,"neow_bonus":"HUNDRED_GOLD","is_daily":false,"chose_seed":false,"campfire_upgraded":1,"win_rate":0.0,"timestamp":1608761897,"path_taken":["M","?","?","$","?","E","R","E"],"items_purchased_type":["Card"],"build_version":"2020-12-22","purchased_purges":0,"victory":false,"max_hp_per_floor":[66,66,66,66,66,66,66,66,66],"relic_stats":{"counters":[4,27],"obtain_stats":[{"White Beast Statue":6,"Ring of the Snake":0},{"White Beast Statue":3,"Ring of the Snake":0},{"White Beast Statue":23,"Ring of the Snake":0}],"Ring of the Snake":[8]},"card_choices":[{"not_picked":["Acrobatics","Cloak And Dagger"],"picked":"Sucker Punch","floor":1.0},{"not_picked":["Poisoned Stab","Bane"],"picked":"Well Laid Plans","floor":5.0},{"not_picked":["Dagger Throw","Calculated Gamble"],"picked":"PiercingWail","floor":6}],"player_experience":5697112,"relics_obtained":[{"floor":6,"key":"White Beast Statue"}],"event_choices":[{"damage_healed":0.0,"max_hp_gain":0.0,"max_hp_loss":0.0,"gold_gain":0.0,"event_name":"Living Wall","player_choice":"Grow","floor":2.0,"gold_loss":0.0,"damage_taken":0.0,"cards_upgraded":["Neutralize"]},{"damage_healed":0.0,"max_hp_gain":0.0,"max_hp_loss":0.0,"gold_gain":0.0,"event_name":"Upgrade Shrine","player_choice":"Upgraded","floor":3.0,"gold_loss":0.0,"damage_taken":0.0,"cards_upgraded":["Sucker Punch"]}],"is_beta":false,"boss_relics":[],"items_purged_floors":[],"is_endless":false,"potions_floor_spawned":[],"killed_by":"Gremlin Nob","ascension_level":20}}