{"host":"uflv0e3ja7hvnij7","time":1608735377,"event":{"mods":["BaseMod","Conspire","Hubris","Minty Spire (QoL Compilation)","Replay The Spire","StSLib","The Bug Knight"],"gold_per_floor":[113,41,41,53,19,47,75,93,118,137,137,137,163,174,174,273,273,292,306,306,306],"floor_reached":20,"playtime":1219,"items_purged":[],"score":219,"play_id":"622dd568-e1dc-4831-8a7e-d89ed6508d14","local_time":"20201223095617","is_ascension_mode":true,"campfire_choices":[{"data":"HollowMod:LifebloodCocoon","floor":11,"key":"SMITH"},{"data":"HollowMod:FocusHealStart","floor":15,"key":"SMITH"}],"circlet_count":0,"master_deck":["HollowMod:NailStrikeStart","HollowMod:NailStrikeStart","HollowMod:NailStrikeStart","HollowMod:NailStrikeStart","HollowMod:QuickDashStart","HollowMod:QuickDashStart","HollowMod:QuickDashStart","HollowMod:QuickDashStart","HollowMod:FocusHealStart+1","HollowMod:PogoStrike","HollowMod:PerfectDash","HollowMod:MantisMark","HollowMod:MonarchWings","HollowMod:SharpenedNail+1","HollowMod:LifebloodCocoon+1","HollowMod:DashSlash","HollowMod:SharpenedNail","HollowMod:CloakDash","Regret","HollowMod:SlysStrikes","HollowMod:HowlingWraiths","HollowMod:DoubleDash+1"],"relics":["HollowMod:VesselMask","NeowsBlessing","Kunai","Odd Mushroom","Replay:Wax Seal","Bronze Scales","Toxic Egg 2","SlaversCollar"],"acts_visited":["Exordium","TheCity"],"potions_floor_usage":[16,16],"damage_taken":[{"damage":0,"enemies":"Cultist","floor":1,"turns":1},{"damage":0,"enemies":"Small Slimes","floor":4,"turns":1},{"damage":0,"enemies":"Lagavulin","floor":6,"turns":2},{"damage":11,"enemies":"The Mushroom Lair","floor":7,"turns":6},{"damage":1,"enemies":"2 Louse","floor":8,"turns":3},{"damage":4,"enemies":"Exordium Wildlife","floor":10,"turns":3},{"damage":15,"enemies":"Gremlin Nob","floor":13,"turns":5},{"damage":15,"enemies":"Blue Slaver","floor":14,"turns":3},{"damage":26,"enemies":"Slime Boss","floor":16,"turns":10},{"damage":31,"enemies":"2 Thieves","floor":18,"turns":5},{"damage":11,"enemies":"Spheric Guardian","floor":19,"turns":4},{"damage":10,"enemies":"Cultist and Chosen","floor":20,"turns":4}],"seed_played":"3375001434747401200","potions_obtained":[{"floor":4,"key":"BlessingOfTheForge"},{"floor":7,"key":"Weak Potion"},{"floor":8,"key":"Cursed Concoction"},{"floor":14,"key":"AttackPotion"},{"floor":18,"key":"Strength Potion"}],"is_trial":false,"path_per_floor":["M","$","?","M","$","E","?","M","T","M","R","?","E","M","R","B",null,"M","M","M"],"character_chosen":"THE_BUGKNIGHT","items_purchased":["HollowMod:MantisMark","HollowMod:SharpenedNail+1"],"campfire_rested":0,"item_purchase_floors":[2,5],"current_hp_per_floor":[75,75,75,75,75,75,74,74,74,75,75,75,60,51,51,35,75,50,39,29,29],"gold":306,"neow_bonus":"THREE_ENEMY_KILL","is_daily":false,"chose_seed":false,"campfire_upgraded":2,"win_rate":0.0,"timestamp":1608735377,"path_taken":["M","$","?","M","$","E","?","M","T","M","R","?","E","?","R","BOSS","M","M","M"],"items_purchased_type":["Card","Card"],"build_version":"2020-12-22","purchased_purges":0,"victory":false,"max_hp_per_floor":[75,75,75,75,75,75,75,75,75,75,75,75,75,75,75,75,75,75,75,75,75],"card_choices":[{"not_picked":["HollowMod:NewJinnsSoul","HollowMod:GreatSlash"],"picked":"HollowMod:PerfectDash","floor":1},{"not_picked":["HollowMod:SharpenedShadows","HollowMod:BrokenVessel"],"picked":"HollowMod:MonarchWings","floor":4},{"not_picked":["HollowMod:GreatSlash","HollowMod:ChannelNail"],"picked":"HollowMod:LifebloodCocoon","floor":6},{"not_picked":["HollowMod:NewJinnsSoul","HollowMod:CycloneSlash"],"picked":"HollowMod:DashSlash","floor":7},{"not_picked":["HollowMod:WraithStrike","HollowMod:PerfectDash"],"picked":"HollowMod:SharpenedNail","floor":8},{"not_picked":["HollowMod:SiblingsSouls","HollowMod:PureNailStrike"],"picked":"HollowMod:CloakDash","floor":10},{"not_picked":["HollowMod:HeavyBlow","HollowMod:FastStrike","HollowMod:CrystalDash+1"],"picked":"SKIP","floor":13},{"not_picked":["HollowMod:InfectionAssault","HollowMod:InfectedAttack","HollowMod:SoulStrike"],"picked":"SKIP","floor":14},{"not_picked":["HollowMod:NewInfectedGuardian+1","HollowMod:theNailsmith+1"],"picked":"HollowMod:SlysStrikes","floor":16},{"not_picked":["HollowMod:SharpenedShadows","HollowMod:HeavyBlow"],"picked":"HollowMod:HowlingWraiths","floor":18},{"not_picked":["HollowMod:MothsMistake","HollowMod:ShadowDash+1"],"picked":"HollowMod:DoubleDash+1","floor":19}],"player_experience":307461,"relics_obtained":[{"floor":6,"key":"Kunai"},{"floor":7,"key":"Odd Mushroom"},{"floor":9,"key":"Replay:Wax Seal"},{"floor":13,"key":"Toxic Egg 2"}],"event_choices":[{"damage_healed":0,"gold_gain":0,"player_choice":"Fought Mushrooms","damage_taken":0,"max_hp_gain":0,"max_hp_loss":0,"event_name":"Mushrooms","floor":7,"gold_loss":0},{"damage_healed":0,"gold_gain":0,"player_choice":"Box","damage_taken":0,"relics_obtained":["Bronze Scales"],"max_hp_gain":0,"max_hp_loss":0,"event_name":"Big Fish","floor":12,"gold_loss":0,"cards_obtained":["Regret"]}],"is_beta":false,"boss_relics":[{"not_picked":["hubris:Backtick","Kintsugi"],"picked":"SlaversCollar"}],"items_purged_floors":[],"is_endless":false,"potions_floor_spawned":[4,7,8,14,18],"killed_by":"Cultist and Chosen","ascension_level":1}}