{"host":"qw1m3zcvi888b4j7","time":1608704904,"event":{"mods":["AchievementEnabler","Act Like it!","BaseMod","Block Reminder","Colored Map","Colored Powertips","Curses Come First","DeckTracker","Hermit","Highlight Path","Hubris","Minty Spire (QoL Compilation)","Quick Restart","Rare Cards Sparkle","Relic Sorter","Relic Stats","Replay The Spire","StSLib","SuperFastMode","The Blue Laboratory","The Cursed","The Servant 0.9.4","everything is the same but u backflip on backflip"],"gold_per_floor":[367,367,52,62,62,87,87,113,113,113,148,148,175,175,175,175],"floor_reached":16,"playtime":463,"items_purged":[],"score":130,"play_id":"f9a4d066-e712-4eef-b791-80750c2c333a","local_time":"20201223072824","is_ascension_mode":true,"campfire_choices":[{"floor":7,"key":"REST"},{"floor":10,"key":"REST"},{"floor":15,"key":"DIG"}],"circlet_count":0,"master_deck":["Strike_R","Strike_R","Strike_R","Strike_R","Strike_R","Defend_R","Defend_R+1","Defend_R","Defend_R","Flex","Shrug It Off","Flex","Run Through","Wild Strike","hubris:CleavingFinish","Eruption+1","Cleave","Pot Of Greed","Pot Of Greed"],"relics":["Replay:Towering Pillar of Hats","Replay:WaspNest","hubris:AstralHammer","ReplayFunnel","hubris:Teleporter","Replay:M_SmolderingBlood","HornCleat","Grinning Jar"],"acts_visited":["Exordium"],"potions_floor_usage":[13,16],"damage_taken":[{"damage":8,"enemies":"Jaw Worm","floor":1,"turns":5},{"damage":0,"enemies":"Cultist","floor":4,"turns":3},{"damage":49,"enemies":"3 Sentries","floor":6,"turns":11},{"damage":23,"enemies":"Gremlin Nob","floor":8,"turns":4},{"damage":20,"enemies":"Lagavulin","floor":11,"turns":5},{"damage":32,"enemies":"3 Sentries","floor":13,"turns":4},{"damage":6,"enemies":"Hexaghost","floor":16,"turns":4}],"seed_played":"7045263854813879149","potions_obtained":[{"floor":8,"key":"blueLaboratory:BottleOfVodka"},{"floor":11,"key":"FearPotion"}],"is_trial":false,"path_per_floor":["M","?","$","M","?","E","R","E","T","R","E","?","E","R_BF","B"],"character_chosen":"IRONCLAD","items_purchased":["Replay:Towering Pillar of Hats","Shrug It Off"],"campfire_rested":2,"item_purchase_floors":[3,3],"current_hp_per_floor":[54,80,80,80,64,21,45,28,28,52,38,38,6,6,0,0],"gold":175,"neow_bonus":"TWO_FIFTY_GOLD","is_daily":false,"chose_seed":false,"campfire_upgraded":0,"win_rate":0.0,"timestamp":1608704904,"path_taken":["M","?","?","M","?","E","R","E","T","R","E","?","E","R_BF","BOSS"],"items_purchased_type":["Relic","Card"],"build_version":"2020-12-13","purchased_purges":0,"victory":false,"max_hp_per_floor":[80,80,80,80,80,80,80,80,80,80,80,80,80,80,80,80],"relic_stats":{"counters":[7,36],"obtain_stats":[{"ReplayFunnel":9,"hubris:Teleporter":11,"HornCleat":13,"Replay:Towering Pillar of Hats":3,"hubris:AstralHammer":8,"Replay:M_SmolderingBlood":12,"Replay:WaspNest":6,"Grinning Jar":15,"Burning Blood":0},{"ReplayFunnel":4,"hubris:Teleporter":5,"HornCleat":6,"Replay:Towering Pillar of Hats":1,"hubris:AstralHammer":4,"Replay:M_SmolderingBlood":5,"Replay:WaspNest":3,"Grinning Jar":6,"Burning Blood":0},{"ReplayFunnel":23,"hubris:Teleporter":28,"HornCleat":32,"Replay:Towering Pillar of Hats":5,"hubris:AstralHammer":23,"Replay:M_SmolderingBlood":28,"Replay:WaspNest":19,"Grinning Jar":32,"Burning Blood":0}]},"card_choices":[{"not_picked":["Clash","Shockwave"],"picked":"Flex","floor":1},{"not_picked":["ReplayTheSpireMod:Limb From Limb","Wild Strike"],"picked":"Flex","floor":4},{"not_picked":["ReplayTheSpireMod:Strike From Hell","Fiend Fire"],"picked":"Run Through","floor":6},{"not_picked":["Combust","Immolate"],"picked":"Wild Strike","floor":8},{"not_picked":["Twin Strike","Replay:Many Hands"],"picked":"hubris:CleavingFinish","floor":11},{"not_picked":["Perfected Strike","Power Through"],"picked":"Cleave","floor":13}],"player_experience":126172,"relics_obtained":[{"floor":6,"key":"Replay:WaspNest"},{"floor":8,"key":"hubris:AstralHammer"},{"floor":9,"key":"ReplayFunnel"},{"floor":11,"key":"hubris:Teleporter"},{"floor":13,"key":"HornCleat"},{"floor":15,"key":"Grinning Jar"}],"event_choices":[{"damage_healed":26,"gold_gain":0,"player_choice":"Full Heal","damage_taken":0,"max_hp_gain":0,"max_hp_loss":0,"event_name":"Wheel of Change","floor":2,"gold_loss":0},{"damage_healed":0,"gold_gain":0,"player_choice":"Entered Light","damage_taken":16,"max_hp_gain":0,"max_hp_loss":0,"event_name":"Shining Light","floor":5,"gold_loss":0,"cards_upgraded":["Bash","Defend_R"]}],"is_beta":false,"boss_relics":[],"items_purged_floors":[],"is_endless":false,"potions_floor_spawned":[8,11],"killed_by":"Hexaghost","ascension_level":1}}