{"host":"5gc11emcm5chfr5t","time":1608716036,"event":{"mods":["2.2 Compatiblity","AchievementEnabler","BaseMod","Bestiary","Better Note","Colored Map","Colored Powertips","Downfall","Googly Eyes","Minty Spire (QoL Compilation)","Rare Cards Sparkle","StSLib"],"gold_per_floor":[99,114,124,124,139,139,163,191,191,211,226,226,1,51,67,139,139,139,149,164,177,177,4,51,77,77,91,104,131,131,531,546,619,669,669,687,697,712,712,26,26,42,42,52,98,125,176,188,201,201],"floor_reached":51,"playtime":3163,"items_purged":["Pain"],"score":1696,"play_id":"e63edddd-34a7-419c-842a-6a7047f6d400","local_time":"20201223043356","is_ascension_mode":true,"campfire_choices":[{"floor":1.0,"key":"RECALL"},{"floor":13.0,"key":"REST"},{"data":"sneckomod:UnknownRareAttack","floor":18.0,"key":"SMITH"},{"floor":30.0,"key":"REST"},{"data":"sneckomod:DiceBlock","floor":35.0,"key":"SMITH"}],"circlet_count":0,"master_deck":["AscendersBane","sneckomod:Strike","sneckomod:Defend","sneckomod:Defend","sneckomod:TailWhip","sneckomod:SnekBite","sneckomod:Unknown","sneckomod:Unknown","sneckomod:UnknownDexterity","sneckomod:ImprovisedAttack","sneckomod:ImprovisedAttack","sneckomod:SoulDraw","sneckomod:SnakeSap","sneckomod:UnknownWeak","sneckomod:UnknownClassGREEN","sneckomod:SoulCleanse","sneckomod:UnknownRareAttack+1","sneckomod:TrashToTreasure+1","sneckomod:UnknownStrength","sneckomod:QuickMove","Ghostly","Ghostly","Ghostly","sneckomod:UnknownStrike","sneckomod:UnknownVulnerable","sneckomod:DefensiveFlair","sneckomod:UnknownClassRED","sneckomod:SoulCleanse+1","sneckomod:WideSting","sneckomod:DiceBlock+1","sneckomod:UnknownVulnerable","sneckomod:Unknown3Cost","sneckomod:UnknownCommonAttack","sneckomod:UnknownRareSkill","sneckomod:UnknownWeak","sneckomod:Nope","sneckomod:UnknownVulnerable","sneckomod:SoulRoll","sneckomod:MorePower","sneckomod:Unknown0Cost+1","sneckomod:UnknownUncommonPower","sneckomod:UnknownX+1","sneckomod:SoulCleanse","sneckomod:WideSting+1","sneckomod:UnknownCommonAttack+1","sneckomod:UnknownRareAttack+1","sneckomod:SnakeSap","sneckomod:UnknownStrike+1","sneckomod:UnknownRarePower"],"relics":["Philosopher\u0027s Stone","Anchor","Bag of Marbles","Kunai","downfall:HeartBlessingRed","downfall:HeartBlessingGreen","downfall:HeartBlessingBlue","Runic Pyramid","Chemical X","Pen Nib","Dream Catcher","Oddly Smooth Stone","Old Coin","Mercury Hourglass","Tiny House","WarpedTongs","TungstenRod","Akabeko","Sundial","Potion Belt","Ancient Tea Set","Mango"],"acts_visited":["Exordium","TheCity","TheBeyond"],"potions_floor_usage":[50],"damage_taken":[{"damage":2.0,"enemies":"Small Slimes","floor":2.0,"turns":3.0},{"damage":7.0,"enemies":"Cultist","floor":3.0,"turns":3.0},{"damage":0.0,"enemies":"2 Louse","floor":5.0,"turns":2.0},{"damage":9.0,"enemies":"Lagavulin","floor":8.0,"turns":4.0},{"damage":0.0,"enemies":"Large Slime","floor":10.0,"turns":4.0},{"damage":0.0,"enemies":"Lots of Slimes","floor":11.0,"turns":4.0},{"damage":0.0,"enemies":"Exordium Wildlife","floor":15.0,"turns":2.0},{"damage":29.0,"enemies":"downfall:Silent","floor":16.0,"turns":6.0},{"damage":50.0,"enemies":"3 Byrds","floor":19.0,"turns":5.0},{"damage":9.0,"enemies":"Chosen","floor":20.0,"turns":4.0},{"damage":10.0,"enemies":"Centurion and Healer","floor":21.0,"turns":3.0},{"damage":0.0,"enemies":"downfall:FleeingMerchant","floor":23.0,"turns":4.0},{"damage":0.0,"enemies":"Gremlin Leader","floor":25.0,"turns":5.0},{"damage":0.0,"enemies":"Snake Plant","floor":27.0,"turns":5.0},{"damage":19.0,"enemies":"Cultist and Chosen","floor":28.0,"turns":8.0},{"damage":7.0,"enemies":"Slavers","floor":29.0,"turns":4.0},{"damage":18.0,"enemies":"Colosseum Nobs","floor":31.0,"turns":5.0},{"damage":0.0,"enemies":"Centurion and Healer","floor":32.0,"turns":5.0},{"damage":10.0,"enemies":"downfall:Defect","floor":33.0,"turns":8.0},{"damage":0.0,"enemies":"3 Darklings","floor":36.0,"turns":3.0},{"damage":2.0,"enemies":"3 Shapes","floor":37.0,"turns":2.0},{"damage":28.0,"enemies":"Maw","floor":38.0,"turns":7.0},{"damage":15.0,"enemies":"downfall:FleeingMerchant","floor":40.0,"turns":4.0},{"damage":24.0,"enemies":"3 Darklings","floor":42.0,"turns":6.0},{"damage":22.0,"enemies":"Sphere and 2 Shapes","floor":44.0,"turns":3.0},{"damage":0.0,"enemies":"Giant Head","floor":46.0,"turns":5.0},{"damage":17.0,"enemies":"2 Orb Walkers","floor":47.0,"turns":4.0},{"damage":9.0,"enemies":"Spire Growth","floor":48.0,"turns":4.0},{"damage":0.0,"enemies":"3 Darklings","floor":49.0,"turns":6.0},{"damage":0,"enemies":"downfall:Watcher","floor":50,"turns":11}],"seed_played":"4649026498804497254","potions_obtained":[{"floor":3.0,"key":"Swift Potion"},{"floor":4.0,"key":"Energy Potion"},{"floor":8.0,"key":"Strength Potion"},{"floor":15.0,"key":"FairyPotion"},{"floor":16.0,"key":"GamblersBrew"},{"floor":21.0,"key":"SneckoOil"},{"floor":28.0,"key":"LiquidBronze"},{"floor":29.0,"key":"EssenceOfSteel"},{"floor":31.0,"key":"Regen Potion"},{"floor":32.0,"key":"Weak Potion"},{"floor":33.0,"key":"Energy Potion"},{"floor":34.0,"key":"LiquidBronze"},{"floor":42.0,"key":"PowerPotion"},{"floor":44.0,"key":"sneckomod:MuddlingPotion"},{"floor":46.0,"key":"DuplicationPotion"},{"floor":49.0,"key":"SkillPotion"}],"is_trial":false,"path_per_floor":["R","M","M","?","M","?","T","E","?","M","M","T","R","?","M","B",null,"R","M","M","M","?","$","T","E","?","M","M","E","R","?","M","B",null,"R","M","M","M","?","$","T","M","?","M","T","E","?","M","M","B",null],"character_chosen":"THE_SNECKO","items_purchased":["Chemical X","TungstenRod","Akabeko","FairyPotion"],"campfire_rested":2,"item_purchase_floors":[23,40,40,40],"current_hp_per_floor":[75,73,66,66,66,66,66,57,57,57,57,57,93,93,93,64,86,86,36,27,17,17,17,17,17,17,17,13,6,19,15,15,20,45,45,45,43,15,15,9,9,7,42,20,20,20,17,8,8,44],"gold":201,"neow_bonus":"BOSS_RELIC","is_daily":false,"chose_seed":false,"campfire_upgraded":2,"win_rate":0.0,"timestamp":1608716036,"path_taken":["R","M","M","?","?","?","T","E","?","?","M","?","R","?","M","BOSS","R","M","M","M","?","$","T","E","?","M","M","E","R","?","M","BOSS","R","M","M","M","?","$","T","?","?","M","?","E","?","M","M","BOSS"],"items_purchased_type":["Relic","Relic","Relic","Potion"],"build_version":"2020-12-22","purchased_purges":1,"victory":true,"max_hp_per_floor":[83,83,83,83,83,83,83,83,83,83,83,83,93,93,93,93,93,93,93,93,93,46,46,46,46,46,46,46,46,46,46,46,46,51,51,51,51,51,51,51,51,51,42,42,42,42,56,56,56,56],"card_choices":[{"not_picked":["sneckomod:Unknown1Cost","sneckomod:UnknownStrike"],"picked":"sneckomod:UnknownDexterity","floor":2.0},{"not_picked":["sneckomod:Unknown1Cost","sneckomod:UnknownClassGREEN"],"picked":"sneckomod:ImprovisedAttack","floor":3.0},{"not_picked":["sneckomod:DiceBlock","sneckomod:RainOfDice"],"picked":"sneckomod:ImprovisedAttack","floor":5.0},{"not_picked":["sneckomod:UnknownBlock","sneckomod:Unknown1Cost"],"picked":"sneckomod:SoulDraw","floor":8.0},{"not_picked":["sneckomod:UnknownStrike","sneckomod:DiceCrush"],"picked":"sneckomod:UnknownWeak","floor":10.0},{"not_picked":["sneckomod:UnknownVulnerable","sneckomod:UnknownBlock"],"picked":"sneckomod:UnknownClassGREEN","floor":11.0},{"not_picked":["sneckomod:UnknownStrike","sneckomod:UnknownUncommonAttack"],"picked":"sneckomod:SoulCleanse","floor":15.0},{"not_picked":["sneckomod:Unknown3Cost","sneckomod:Restock"],"picked":"sneckomod:UnknownRareAttack","floor":16.0},{"not_picked":["sneckomod:UnknownX+1","sneckomod:UnknownClassBLUE"],"picked":"sneckomod:TrashToTreasure+1","floor":19.0},{"not_picked":["sneckomod:IronFang","sneckomod:Unknown1Cost"],"picked":"sneckomod:UnknownStrength","floor":20.0},{"not_picked":["sneckomod:Nope","sneckomod:Unknown1Cost"],"picked":"sneckomod:QuickMove","floor":21.0},{"not_picked":["sneckomod:RainOfDice","sneckomod:SnakeSap+1"],"picked":"sneckomod:UnknownStrike","floor":23.0},{"not_picked":["sneckomod:RainOfDice","sneckomod:UnlimitedRolls"],"picked":"sneckomod:UnknownVulnerable","floor":25.0},{"not_picked":["sneckomod:DiceCrush","sneckomod:SoulDraw"],"picked":"sneckomod:SoulCleanse","floor":27.0},{"not_picked":["sneckomod:UnknownStrike","sneckomod:UnknownUncommonPower"],"picked":"sneckomod:WideSting","floor":28.0},{"not_picked":["sneckomod:UnknownClassPURPLE","sneckomod:UnknownUncommonPower"],"picked":"sneckomod:DiceBlock","floor":29.0},{"not_picked":["sneckomod:UnknownBlock","sneckomod:DiceCrush"],"picked":"sneckomod:UnknownVulnerable","floor":30.0},{"not_picked":["sneckomod:WideSting","sneckomod:UnknownBlock"],"picked":"sneckomod:Unknown3Cost","floor":31.0},{"not_picked":["sneckomod:DiceBlock","sneckomod:WideSting"],"picked":"sneckomod:UnknownCommonAttack","floor":32.0},{"not_picked":["sneckomod:Transmogrify","sneckomod:Cheat"],"picked":"sneckomod:UnknownRareSkill","floor":33.0},{"not_picked":["sneckomod:UnknownClassSLIMEBOUND+1","sneckomod:MasterEye"],"picked":"sneckomod:UnknownWeak","floor":34.0},{"not_picked":["sneckomod:DefensiveFlair","sneckomod:UnknownBlock"],"picked":"sneckomod:Nope","floor":36.0},{"not_picked":["sneckomod:DiceBlock","sneckomod:UnknownStrike"],"picked":"sneckomod:UnknownVulnerable","floor":37.0},{"not_picked":["sneckomod:UnknownUncommonPower","sneckomod:RainOfDice"],"picked":"sneckomod:SoulRoll","floor":38.0},{"not_picked":["sneckomod:WideSting","sneckomod:SnakeSap+1"],"picked":"sneckomod:MorePower","floor":40.0},{"not_picked":["sneckomod:UnknownClassGUARDIAN+1","sneckomod:UnknownBlock+1"],"picked":"sneckomod:Unknown0Cost+1","floor":42.0},{"not_picked":["sneckomod:QuickMove","sneckomod:UnknownClassGUARDIAN+1"],"picked":"sneckomod:UnknownUncommonPower","floor":42.0},{"not_picked":["sneckomod:UnknownUncommonSkill+1","sneckomod:UnknownClassBLUE+1"],"picked":"sneckomod:UnknownX+1","floor":44.0},{"not_picked":["sneckomod:QuickBite","sneckomod:SoulRoll"],"picked":"sneckomod:SoulCleanse","floor":44.0},{"not_picked":["sneckomod:Unknown2Cost+1","sneckomod:UnknownStrike"],"picked":"sneckomod:WideSting+1","floor":46.0},{"not_picked":["sneckomod:PureSnecko","sneckomod:Unknown1Cost"],"picked":"sneckomod:UnknownCommonAttack+1","floor":47.0},{"not_picked":["sneckomod:Unknown1Cost+1","sneckomod:UnknownEthereal+1"],"picked":"sneckomod:UnknownRareAttack+1","floor":48.0},{"not_picked":["sneckomod:WideSting","sneckomod:CheapStock"],"picked":"sneckomod:SnakeSap","floor":48.0},{"not_picked":["sneckomod:Unknown2Cost+1","sneckomod:UnknownBlock+1"],"picked":"sneckomod:UnknownStrike+1","floor":49.0},{"not_picked":["sneckomod:UnknownX","sneckomod:Nope+1"],"picked":"sneckomod:UnknownRarePower","floor":49.0}],"player_experience":482835,"relics_obtained":[{"floor":7.0,"key":"Bag of Marbles"},{"floor":8.0,"key":"Kunai"},{"floor":24.0,"key":"Pen Nib"},{"floor":25.0,"key":"Dream Catcher"},{"floor":29.0,"key":"Oddly Smooth Stone"},{"floor":31.0,"key":"Old Coin"},{"floor":31.0,"key":"Mercury Hourglass"},{"floor":41.0,"key":"Sundial"},{"floor":45.0,"key":"Potion Belt"},{"floor":46.0,"key":"Ancient Tea Set"},{"floor":47.0,"key":"Mango"}],"event_choices":[{"damage_healed":0.0,"max_hp_gain":0.0,"max_hp_loss":0.0,"gold_gain":0.0,"event_name":"Lab","player_choice":"Got Potions","floor":4.0,"gold_loss":0.0,"damage_taken":0.0},{"damage_healed":0.0,"max_hp_gain":0.0,"max_hp_loss":0.0,"gold_gain":0.0,"cards_transformed":["sneckomod:Strike"],"event_name":"Transmorgrifier","player_choice":"Transformed","floor":9.0,"gold_loss":0.0,"damage_taken":0.0,"cards_obtained":["sneckomod:SnakeSap"]},{"damage_healed":0.0,"max_hp_gain":0.0,"max_hp_loss":47.0,"gold_gain":0.0,"event_name":"Ghosts","player_choice":"Became a Ghost","floor":22.0,"gold_loss":0.0,"damage_taken":0.0,"cards_obtained":["Ghostly","Ghostly","Ghostly"]},{"damage_healed":0.0,"max_hp_gain":0.0,"max_hp_loss":0.0,"gold_gain":0.0,"cards_transformed":["sneckomod:Strike","sneckomod:Defend"],"event_name":"Drug Dealer","player_choice":"Became Test Subject","floor":26.0,"gold_loss":0.0,"damage_taken":0.0,"cards_obtained":["sneckomod:DefensiveFlair","sneckomod:UnknownClassRED"]},{"damage_healed":0.0,"max_hp_gain":0.0,"max_hp_loss":0.0,"gold_gain":0.0,"event_name":"Accursed Blacksmith","player_choice":"Rummage","floor":39.0,"gold_loss":0.0,"damage_taken":0.0,"relics_obtained":["WarpedTongs"],"cards_obtained":["Pain"]},{"damage_healed":0.0,"max_hp_gain":0.0,"max_hp_loss":0.0,"gold_gain":0.0,"event_name":"Mysterious Sphere","player_choice":"Fight","floor":47.0,"gold_loss":0.0,"damage_taken":0.0}],"is_beta":false,"boss_relics":[{"not_picked":["Runic Dome","Busted Crown"],"picked":"Runic Pyramid"},{"not_picked":["SlaversCollar","Empty Cage"],"picked":"Tiny House"}],"items_purged_floors":[40],"is_endless":false,"potions_floor_spawned":[3,8,15,16,21,28,29,31,32,33,42,44,46,49],"ascension_level":20}}