{"host":"uyp13icwa33nzjib","time":1608740237,"event":{"mods":["AchievementEnabler","BaseMod","BetterRewards","Colored Map","Infinite Spire","Mimic Mod","Minty Spire (QoL Compilation)","Quick Restart","Replay The Spire","StSLib"],"gold_per_floor":[119,44,219,229,57,91,91,170,202,214,226,257,257,287,287,392,392,392,392],"floor_reached":18,"playtime":646,"items_purged":["Doubt"],"score":178,"play_id":"f6af0bec-3ab8-4d96-80b8-f4285c0a7dc1","local_time":"20201223111717","daily_mods":["Red Cards","Green Cards","Blue Cards","Purple Cards","Heirloom","Elite Swarm","Lethality","Uncertain Future"],"is_ascension_mode":false,"campfire_choices":[{"data":"Armaments","floor":7,"key":"SMITH"},{"floor":13,"key":"REST"},{"data":"Distraction","floor":15,"key":"SMITH"}],"circlet_count":0,"master_deck":["Strike_G","Strike_G","Strike_G","Strike_G","Strike_G","Defend_G","Defend_G","Defend_G","Defend_G","Defend_G","Survivor","Neutralize","PathToVictory","Flame Barrier","Armaments+1","All Out Attack","Acrobatics","Ragnarok","Cleave","PathToVictory","Distraction+1","Reboot","DevaForm","Seek"],"relics":["Ring of the Snake","Replay:Kaleidoscope","Blood Vial","Regal Pillow","Happy Flower","Replay:Bronze Core"],"acts_visited":["Exordium","TheCity"],"potions_floor_usage":[16,16],"damage_taken":[{"damage":0,"enemies":"Cultist","floor":1,"turns":2},{"damage":0,"enemies":"Jaw Worm","floor":4,"turns":3},{"damage":12,"enemies":"Replay:BlueRogue","floor":6,"turns":6},{"damage":0,"enemies":"Small Slimes","floor":9,"turns":7},{"damage":0,"enemies":"Small Slimes","floor":10,"turns":1},{"damage":0,"enemies":"2 Fungi Beasts","floor":11,"turns":2},{"damage":19,"enemies":"Lagavulin","floor":12,"turns":5},{"damage":18,"enemies":"3 Sentries","floor":14,"turns":6},{"damage":30,"enemies":"The Guardian","floor":16,"turns":6},{"damage":0,"enemies":"Spheric Guardian","floor":18,"turns":1}],"seed_played":"3711373990374158821","potions_obtained":[{"floor":1,"key":"Swift Potion"},{"floor":10,"key":"Regen Potion"},{"floor":11,"key":"FearPotion"},{"floor":16,"key":"Adrenaline Potion"}],"is_trial":true,"path_per_floor":["M","$","?","M","$","E","R","?","MIM","M","M","E","R","E","R","B",null,"M"],"character_chosen":"THE_SILENT","items_purchased":["Flame Barrier","All Out Attack","Acrobatics"],"campfire_rested":1,"item_purchase_floors":[2,5,5],"current_hp_per_floor":[70,70,70,70,70,58,58,58,58,60,62,45,70,52,52,39,70,70,70],"gold":392,"neow_bonus":"","is_daily":false,"chose_seed":false,"campfire_upgraded":2,"win_rate":0.0,"timestamp":1608740237,"path_taken":["M","?","?","M","$","E","R","?","MIM","M","M","E","R","E","R","BOSS","M"],"items_purchased_type":["Card","Card","Card"],"build_version":"2020-12-22","purchased_purges":1,"victory":false,"max_hp_per_floor":[70,70,70,70,70,70,70,70,70,70,70,70,70,70,70,70,70,70,70],"card_choices":[{"not_picked":["Turbo","ReplaySolidLightProjector"],"picked":"PathToVictory","floor":1},{"not_picked":["SignatureMove","Backflip"],"picked":"Armaments","floor":4},{"not_picked":["Eclipse","Replay:AllIn"],"picked":"Ragnarok","floor":6},{"not_picked":["Perseverance","WreathOfFlame"],"picked":"Cleave","floor":9},{"not_picked":["Sucker Punch","Scrape"],"picked":"PathToVictory","floor":10},{"not_picked":["ThirdEye","Time Bomb"],"picked":"Distraction","floor":11},{"not_picked":["MasterReality","Amplify"],"picked":"Reboot","floor":12},{"not_picked":["Reboot","Electrodynamics"],"picked":"DevaForm","floor":14},{"not_picked":["Storm of Steel","Replay:Many Hands"],"picked":"Seek","floor":16}],"player_experience":310881,"relics_obtained":[{"floor":9,"key":"Blood Vial"},{"floor":12,"key":"Regal Pillow"},{"floor":14,"key":"Happy Flower"}],"event_choices":[{"damage_healed":0,"gold_gain":175,"player_choice":"AGREE","damage_taken":0,"max_hp_gain":0,"max_hp_loss":0,"event_name":"Liars Game","floor":3,"gold_loss":0,"cards_obtained":["Doubt"]},{"damage_healed":0,"gold_gain":79,"player_choice":"Gained Gold","damage_taken":0,"max_hp_gain":0,"max_hp_loss":0,"event_name":"Golden Wing","floor":8,"gold_loss":0}],"is_beta":false,"boss_relics":[{"not_picked":["Runic Pyramid","ChewingGum"],"picked":"Replay:Bronze Core"}],"items_purged_floors":[5],"is_endless":false,"potions_floor_spawned":[1,10,11,16],"killed_by":"Spheric Guardian","ascension_level":0}}