{"host":"gfybn4j1d26rvz5e","time":1608693416,"event":{"mods":["BaseMod","Better Altar","Better Match","Better Note","Better Sensory Stone","Better Skull","Better Third Choice","BetterRewards","Highlight Path","Minty Spire (QoL Compilation)","Random Character Button","Relic Stats","StSLib"],"gold_per_floor":[115,23,33,33,33,63,74,74,74,44,54,54,54],"floor_reached":12,"playtime":561,"items_purged":[],"score":113,"play_id":"5ba9cdf8-385a-45bd-8f7a-4625fe85480d","local_time":"20201222211656","is_ascension_mode":true,"campfire_choices":[{"data":"Eruption","floor":8,"key":"SMITH"}],"circlet_count":0,"master_deck":["Strike_P","Strike_P","Strike_P","Strike_P","Defend_P","Defend_P","Defend_P","Defend_P","Eruption+1","Vigilance","EmptyBody+1","ReachHeaven","BowlingBash","Crescendo"],"relics":["PureWater","NeowsBlessing","GoldenEye","Matryoshka"],"acts_visited":["Exordium"],"potions_floor_usage":[12],"damage_taken":[{"damage":0,"enemies":"Jaw Worm","floor":1,"turns":1},{"damage":0,"enemies":"Cultist","floor":3,"turns":1},{"damage":0,"enemies":"3 Sentries","floor":6,"turns":2},{"damage":1,"enemies":"2 Louse","floor":7,"turns":3},{"damage":1,"enemies":"Looter","floor":11,"turns":2},{"damage":56,"enemies":"Gremlin Nob","floor":12,"turns":5}],"seed_played":"1282545205290409555","potions_obtained":[{"floor":6,"key":"Weak Potion"},{"floor":10,"key":"Regen Potion"},{"floor":10,"key":"EntropicBrew"}],"is_trial":false,"path_per_floor":["M","$","M","?","$","E","M","R","T","?","M","E"],"character_chosen":"WATCHER","items_purchased":["ReachHeaven","BowlingBash"],"campfire_rested":0,"item_purchase_floors":[2,2],"current_hp_per_floor":[72,72,72,59,59,59,58,58,58,58,57,13,13],"gold":54,"neow_bonus":"THREE_ENEMY_KILL","is_daily":false,"chose_seed":false,"campfire_upgraded":1,"win_rate":0.0,"timestamp":1608693416,"path_taken":["M","$","M","?","$","E","?","R","T","?","?","E"],"items_purchased_type":["Card","Card"],"build_version":"2020-12-13","purchased_purges":0,"victory":false,"max_hp_per_floor":[72,72,72,72,72,72,72,72,72,72,72,72,72],"relic_stats":{"counters":[6,14],"GoldenEye":[0],"obtain_stats":[{"Matryoshka":9,"NeowsBlessing":0,"PureWater":0,"GoldenEye":6},{"Matryoshka":4,"NeowsBlessing":0,"PureWater":0,"GoldenEye":3},{"Matryoshka":7,"NeowsBlessing":0,"PureWater":0,"GoldenEye":4}]},"card_choices":[{"not_picked":["JustLucky","Collect"],"picked":"EmptyBody","floor":1},{"not_picked":["ForeignInfluence","Fasting2","WaveOfTheHand"],"picked":"SKIP","floor":3},{"not_picked":["Fasting2","Collect","Conclude"],"picked":"SKIP","floor":6},{"not_picked":["CutThroughFate","CrushJoints"],"picked":"Crescendo","floor":7},{"not_picked":["FlyingSleeves","FlurryOfBlows","Evaluate"],"picked":"SKIP","floor":11}],"player_experience":645718,"relics_obtained":[{"floor":6,"key":"GoldenEye"},{"floor":9,"key":"Matryoshka"}],"event_choices":[{"damage_healed":0,"gold_gain":0,"player_choice":"UP ","damage_taken":15,"relics_obtained":[],"max_hp_gain":0,"max_hp_loss":0,"event_name":"betterSkull:BetterSkull","floor":4,"gold_loss":0,"cards_upgraded":["EmptyBody"]},{"damage_healed":0,"gold_gain":0,"player_choice":"Bought 2 Potions","damage_taken":0,"max_hp_gain":0,"max_hp_loss":0,"event_name":"The Woman in Blue","floor":10,"gold_loss":0}],"is_beta":false,"boss_relics":[],"items_purged_floors":[],"is_endless":false,"potions_floor_spawned":[6,11],"killed_by":"Gremlin Nob","ascension_level":2}}