{"host":"fjaupvxe7fzqrf4j","time":1608706540,"event":{"mods":["BaseMod","Minty Spire (QoL Compilation)","StSLib"],"gold_per_floor":[117,117,167,2,21,55,86,113,113,61,90,90,117,142,142,215,265,277,277,277,192,192,221,252,287,336,365,392,392,392,421,421,498,498,511,436,436,486,486,516,541,572,572,599,436,464,492,517,517,517,517,517,517,35,60,60],"floor_reached":57,"playtime":2159,"items_purged":["Conserve Battery"],"score":4216,"play_id":"c69621cd-5e40-4241-a4d9-e30e96c67271","local_time":"20201223145540","daily_mods":["SealedDeck","Colorless Cards","Heirloom","Time Dilation","Flight","Elite Swarm"],"is_ascension_mode":true,"campfire_choices":[{"floor":12.0,"key":"REST"},{"data":"Apotheosis","floor":15.0,"key":"SMITH"},{"data":"Seek","floor":29.0,"key":"SMITH"},{"floor":32.0,"key":"RECALL"},{"floor":49.0,"key":"REST"},{"floor":53.0,"key":"REST"}],"circlet_count":0,"master_deck":["AscendersBane","Beam Cell","Sweeping Beam","Ball Lightning","Cold Snap","Streamline+1","Turbo","Conserve Battery+1","Coolheaded","Ball Lightning+1","Electrodynamics","Core Surge+1","Coolheaded","Biased Cognition","Apotheosis+1","Fission","Echo Form","Seek+1","Capacitor","Biased Cognition","Biased Cognition","Dark Shackles+1","Core Surge"],"relics":["Cracked Core","StoneCalendar","Matryoshka","ClockworkSouvenir","Ancient Tea Set","Juzu Bracelet","Unceasing Top","Gremlin Horn","Question Card","Blood Vial","TungstenRod","Anchor","Tiny House","Pantograph","Singing Bowl","War Paint","Bottled Flame","Strawberry","Bag of Preparation","DataDisk","Darkstone Periapt","Fusion Hammer","Pocketwatch","Whetstone","Mummified Hand","MealTicket","Emotion Chip","Medical Kit","Incense Burner","Dream Catcher","Ice Cream","Vajra","Centennial Puzzle","Calipers"],"acts_visited":["Exordium","TheCity","TheBeyond","TheEnding"],"potions_floor_usage":[56,56],"damage_taken":[{"damage":0.0,"enemies":"Cultist","floor":1.0,"turns":2.0},{"damage":6.0,"enemies":"Small Slimes","floor":5.0,"turns":3.0},{"damage":0.0,"enemies":"Lagavulin","floor":6.0,"turns":3.0},{"damage":6.0,"enemies":"Gremlin Nob","floor":7.0,"turns":3.0},{"damage":15.0,"enemies":"Lagavulin","floor":8.0,"turns":5.0},{"damage":3.0,"enemies":"3 Sentries","floor":11.0,"turns":4.0},{"damage":1.0,"enemies":"Gremlin Nob","floor":13.0,"turns":3.0},{"damage":0.0,"enemies":"Lagavulin","floor":14.0,"turns":5.0},{"damage":0.0,"enemies":"Slime Boss","floor":16.0,"turns":3.0},{"damage":5.0,"enemies":"Chosen","floor":18.0,"turns":3.0},{"damage":0.0,"enemies":"Book of Stabbing","floor":23.0,"turns":4.0},{"damage":3.0,"enemies":"Slavers","floor":24.0,"turns":2.0},{"damage":1.0,"enemies":"Book of Stabbing","floor":25.0,"turns":3.0},{"damage":0.0,"enemies":"Gremlin Leader","floor":27.0,"turns":2.0},{"damage":6.0,"enemies":"Book of Stabbing","floor":28.0,"turns":3.0},{"damage":0.0,"enemies":"Gremlin Leader","floor":31.0,"turns":1.0},{"damage":0.0,"enemies":"Collector","floor":33.0,"turns":3.0},{"damage":8.0,"enemies":"Orb Walker","floor":35.0,"turns":3.0},{"damage":0.0,"enemies":"2 Orb Walkers","floor":38.0,"turns":2.0},{"damage":4.0,"enemies":"Nemesis","floor":40.0,"turns":5.0},{"damage":0.0,"enemies":"Reptomancer","floor":41.0,"turns":2.0},{"damage":0.0,"enemies":"Giant Head","floor":42.0,"turns":5.0},{"damage":0.0,"enemies":"Nemesis","floor":44.0,"turns":3.0},{"damage":0.0,"enemies":"Giant Head","floor":46.0,"turns":4.0},{"damage":0.0,"enemies":"Reptomancer","floor":47.0,"turns":2.0},{"damage":4.0,"enemies":"Nemesis","floor":48.0,"turns":3.0},{"damage":0.0,"enemies":"Time Eater","floor":50.0,"turns":6.0},{"damage":0.0,"enemies":"Awakened One","floor":51.0,"turns":5.0},{"damage":0.0,"enemies":"Shield and Spear","floor":55.0,"turns":3.0},{"damage":16,"enemies":"The Heart","floor":56,"turns":7}],"seed_played":"4485994737157770515","potions_obtained":[{"floor":6.0,"key":"Dexterity Potion"},{"floor":7.0,"key":"Block Potion"},{"floor":14.0,"key":"DistilledChaos"},{"floor":17.0,"key":"FairyPotion"},{"floor":25.0,"key":"Ancient Potion"},{"floor":35.0,"key":"Strength Potion"},{"floor":44.0,"key":"SkillPotion"}],"is_trial":true,"path_per_floor":["M","?","?","$","M","E","E","E","T","$","E","R","E","E","R","B",null,"M","?","?","?","?","E","E","E","T","E","E","R","?","E","R","B",null,"M","$","?","?","?","E","E","E","T","E","$","E","E","E","R","B","B",null,"R","$","E","B",null],"character_chosen":"DEFECT","items_purchased":["ClockworkSouvenir","Coolheaded","Medical Kit","Core Surge","Vajra","Centennial Puzzle"],"campfire_rested":3,"item_purchase_floors":[4,10,45,54,54,54],"current_hp_per_floor":[64,46,39,39,33,33,27,12,12,12,9,30,31,33,33,35,67,64,64,64,64,43,45,44,45,52,56,54,54,54,58,58,85,92,88,88,88,92,92,91,95,99,99,99,99,101,103,101,107,107,107,107,107,107,109,93],"gold":60,"neow_bonus":"","is_daily":false,"chose_seed":false,"campfire_upgraded":2,"win_rate":0.0,"timestamp":1608706540,"path_taken":["M","?","?","$","?","E","E","E","T","$","E","R","E","E","R","BOSS","M","?","?","?","?","E","E","E","T","E","E","R","?","E","R","BOSS","M","$","?","?","?","E","E","E","T","E","$","E","E","E","R","BOSS","BOSS","R","$","E","BOSS"],"items_purchased_type":["Relic","Card","Relic","Card","Relic","Relic"],"build_version":"2020-12-22","purchased_purges":1,"victory":true,"max_hp_per_floor":[71,71,71,71,71,71,71,71,71,71,71,71,71,71,71,71,76,76,76,76,76,81,81,81,81,88,90,92,92,92,94,94,94,94,96,96,96,98,93,95,97,99,99,99,99,101,103,105,107,107,107,107,107,107,109,109],"card_choices":[{"not_picked":["Scrape","Beam Cell","Go for the Eyes"],"picked":"SKIP","floor":1.0},{"not_picked":["Flash of Steel","Turbo"],"picked":"Ball Lightning","floor":5.0},{"not_picked":["Multi-Cast","Rainbow"],"picked":"Electrodynamics","floor":6.0},{"not_picked":["Metamorphosis","Hyperbeam","Mayhem"],"picked":"SKIP","floor":7.0},{"not_picked":["Violence","Hyperbeam"],"picked":"Core Surge","floor":8.0},{"not_picked":["Thunder Strike","Secret Weapon","Amplify","Secret Technique"],"picked":"SKIP","floor":11.0},{"not_picked":["Reboot","Violence","Buffer"],"picked":"Biased Cognition","floor":13.0},{"not_picked":["HandOfGreed","Secret Weapon","Reboot"],"picked":"Apotheosis","floor":14.0},{"not_picked":["Rebound","Cold Snap","Beam Cell","Gash"],"picked":"SKIP","floor":18.0},{"not_picked":["Transmutation","Meteor Strike","Amplify"],"picked":"Fission","floor":23.0},{"not_picked":["Creative AI","Chrysalis","Multi-Cast"],"picked":"Echo Form","floor":24.0},{"not_picked":["Transmutation","Magnetism","The Bomb"],"picked":"Seek","floor":25.0},{"not_picked":["Fission","Buffer","HandOfGreed","Multi-Cast"],"picked":"Singing Bowl","floor":27.0},{"not_picked":["Secret Technique","Machine Learning","The Bomb","Chrysalis"],"picked":"Singing Bowl","floor":28.0},{"not_picked":["Reboot","Core Surge","Machine Learning","Mayhem"],"picked":"Singing Bowl","floor":31.0},{"not_picked":["Master of Strategy","Secret Weapon","Hyperbeam"],"picked":"Biased Cognition","floor":33.0},{"not_picked":["Genetic Algorithm","Rebound","Sweeping Beam","Coolheaded"],"picked":"Singing Bowl","floor":35.0},{"not_picked":["Rebound","Ball Lightning","Chaos+1","Gash+1"],"picked":"Singing Bowl","floor":38.0},{"not_picked":["Multi-Cast","Reboot","Amplify","Sadistic Nature"],"picked":"Singing Bowl","floor":40.0},{"not_picked":["Apotheosis","Sadistic Nature","Seek","The Bomb"],"picked":"Singing Bowl","floor":41.0},{"not_picked":["Panache","Hyperbeam","Apotheosis","Metamorphosis"],"picked":"Singing Bowl","floor":42.0},{"not_picked":["Master of Strategy","Transmutation","Magnetism"],"picked":"Biased Cognition","floor":44.0},{"not_picked":["Panache","Fission","Apotheosis","Sadistic Nature"],"picked":"Singing Bowl","floor":46.0},{"not_picked":["Biased Cognition","Mayhem","Sadistic Nature","Transmutation"],"picked":"Singing Bowl","floor":47.0},{"not_picked":["Core Surge","Sadistic Nature","All For One","Magnetism"],"picked":"Singing Bowl","floor":48.0},{"not_picked":["Barrage","Compile Driver","Sweeping Beam+1","Chill"],"picked":"Singing Bowl","floor":49.0},{"not_picked":["Rebound+1","Dramatic Entrance+1","Rip and Tear"],"picked":"Dark Shackles+1","floor":53.0},{"not_picked":["Mayhem","Reboot","Violence","Secret Technique"],"picked":"Singing Bowl","floor":55.0}],"player_experience":249571,"relics_obtained":[{"floor":6.0,"key":"Ancient Tea Set"},{"floor":7.0,"key":"Juzu Bracelet"},{"floor":8.0,"key":"Unceasing Top"},{"floor":9.0,"key":"Gremlin Horn"},{"floor":9.0,"key":"Question Card"},{"floor":11.0,"key":"Blood Vial"},{"floor":13.0,"key":"TungstenRod"},{"floor":14.0,"key":"Anchor"},{"floor":23.0,"key":"Singing Bowl"},{"floor":24.0,"key":"War Paint"},{"floor":26.0,"key":"Bottled Flame"},{"floor":26.0,"key":"Strawberry"},{"floor":27.0,"key":"Bag of Preparation"},{"floor":28.0,"key":"DataDisk"},{"floor":31.0,"key":"Darkstone Periapt"},{"floor":38.0,"key":"Pocketwatch"},{"floor":40.0,"key":"Whetstone"},{"floor":41.0,"key":"Mummified Hand"},{"floor":42.0,"key":"MealTicket"},{"floor":44.0,"key":"Emotion Chip"},{"floor":46.0,"key":"Incense Burner"},{"floor":47.0,"key":"Dream Catcher"},{"floor":48.0,"key":"Ice Cream"},{"floor":55.0,"key":"Calipers"}],"event_choices":[{"damage_healed":0.0,"max_hp_gain":0.0,"max_hp_loss":0.0,"gold_gain":0.0,"event_name":"Scrap Ooze","player_choice":"Success","floor":2.0,"gold_loss":0.0,"damage_taken":18.0,"relics_obtained":["Matryoshka"]},{"damage_healed":0.0,"max_hp_gain":0.0,"max_hp_loss":0.0,"gold_gain":50.0,"event_name":"FaceTrader","player_choice":"Touch","floor":3.0,"gold_loss":0.0,"damage_taken":7.0},{"damage_healed":0.0,"max_hp_gain":0.0,"max_hp_loss":0.0,"gold_gain":0.0,"event_name":"Ghosts","player_choice":"Ignored","floor":19.0,"gold_loss":0.0,"damage_taken":0.0},{"damage_healed":0.0,"max_hp_gain":0.0,"max_hp_loss":0.0,"gold_gain":0.0,"event_name":"The Mausoleum","player_choice":"Ignored","floor":20.0,"gold_loss":0.0,"damage_taken":0.0},{"damage_healed":0.0,"max_hp_gain":0.0,"max_hp_loss":0.0,"gold_gain":0.0,"event_name":"Addict","player_choice":"Obtained Relic","floor":21.0,"gold_loss":85.0,"damage_taken":0.0,"relics_obtained":["Pantograph"]},{"damage_healed":0.0,"max_hp_gain":5.0,"max_hp_loss":0.0,"gold_gain":0.0,"event_name":"Forgotten Altar","player_choice":"Shed Blood","floor":22.0,"gold_loss":0.0,"damage_taken":27.0},{"damage_healed":0.0,"max_hp_gain":0.0,"max_hp_loss":0.0,"gold_gain":0.0,"event_name":"The Library","player_choice":"Read","floor":30.0,"gold_loss":0.0,"damage_taken":0.0,"cards_obtained":["Capacitor"]},{"cards_removed":["Hologram"],"damage_healed":0.0,"max_hp_gain":0.0,"max_hp_loss":0.0,"gold_gain":0.0,"event_name":"Falling","player_choice":"Removed Skill","floor":37.0,"gold_loss":0.0,"damage_taken":0.0},{"damage_healed":0.0,"max_hp_gain":0.0,"max_hp_loss":0.0,"gold_gain":0.0,"event_name":"Mysterious Sphere","player_choice":"Fight","floor":38.0,"gold_loss":0.0,"damage_taken":0.0},{"damage_healed":0.0,"max_hp_gain":0.0,"max_hp_loss":5.0,"gold_gain":0.0,"event_name":"Winding Halls","player_choice":"Max HP","floor":39.0,"gold_loss":0.0,"damage_taken":0.0}],"is_beta":false,"boss_relics":[{"not_picked":["Astrolabe","Ectoplasm"],"picked":"Tiny House"},{"not_picked":["Philosopher\u0027s Stone","Sozu"],"picked":"Fusion Hammer"}],"items_purged_floors":[36],"is_endless":false,"potions_floor_spawned":[6,7,8,14,18,24,25,28,31,35,41,44],"ascension_level":20}}