{"host":"ki5kvxn974a96omm","time":1608745385,"event":{"mods":["BaseMod","Colored Map","Colored Powertips","Downfall","Key Reminder","Minty Spire (QoL Compilation)","Relic Sorter","StSLib"],"gold_per_floor":[99,113,113,263,283,283,283,315,17,41,74,74,74,94,111,215,215,140,159,259,278,289,33,33,33,45,62,62,62,94,113,133,238,238,238,253,269,269,286,286,358,389,239,264,89,106,156,56,76,76,76,110,29,29,29],"floor_reached":56,"playtime":6527,"items_purged":["Writhe","champ:Strike"],"score":1614,"play_id":"48399918-5276-4393-b632-8d7ab0d19af5","local_time":"20201223124305","is_ascension_mode":true,"campfire_choices":[{"data":"champ:Taunt","floor":1.0,"key":"SMITH"},{"data":"champ:StanceDance","floor":6.0,"key":"SMITH"},{"data":"champ:EnGarde","floor":13.0,"key":"SMITH"},{"data":"champ:Circumvent","floor":18.0,"key":"SMITH"},{"data":"champ:ArenaPreparation","floor":25.0,"key":"SMITH"},{"data":"champ:FocusedBerserking","floor":29.0,"key":"SMITH"},{"floor":35.0,"key":"RECALL"},{"data":"champ:Aggression","floor":43.0,"key":"SMITH"},{"data":"champ:Lariat","floor":54.0,"key":"SMITH"}],"circlet_count":0,"master_deck":["champ:Strike","champ:Defend","champ:Defend","champ:Defend+1","champ:Defend+1","champ:Execute","champ:Taunt+1","Discovery+1","champ:Aggression+1","Slimebound:Icky","champ:StanceDance+1","champ:StanceDance+1","champ:BringItOn+1","champ:TornadoPunch+1","champ:ArenaPreparation+1","champ:AdrenalArmor","champ:EnGarde+1","champ:Circumvent+1","champ:PreciseThrust+1","champ:CrownThrow+1","champ:RageSigil+1","J.A.X.","champ:CrownThrow+1","champ:FocusedBerserking+1","champ:ShieldSigil","champ:Duel+1","champ:ArenaPreparation+1","Shame","champ:GladiatorsShout","champ:StanceDance+1","champ:VampiricStrike+1","CurseOfTheBell","Discovery+1","champ:CheapShot+1","Shame","champ:ShieldSigil+1","champ:Lariat+1","champ:ViciousMockery","Panache+1","champ:RapidStrikes+1"],"relics":["champ:ChampionCrown","Strawberry","Molten Egg 2","Du-Vu Doll","champ:Barbells","Odd Mushroom","Turnip","champ:GladiatorsBookOfMartialProwess","Cursed Key","downfall:HeartBlessingGreen","MutagenicStrength","Letter Opener","InkBottle","PreservedInsect","Matryoshka","Calling Bell","Nunchaku","Frozen Egg 2","Mango","sneckomod:BlankCard","Bag of Marbles","downfall:HeartBlessingRed","downfall:HeartBlessingBlue","MealTicket","Kunai","champ:DuelingGlove","champ:SpectersHand"],"acts_visited":["Exordium","TheCity","TheBeyond","TheEnding"],"potions_floor_usage":[55,55,55],"damage_taken":[{"damage":5.0,"enemies":"2 Louse","floor":2.0,"turns":2.0},{"damage":8.0,"enemies":"Small Slimes","floor":5.0,"turns":4.0},{"damage":31.0,"enemies":"Lagavulin","floor":8.0,"turns":8.0},{"damage":16.0,"enemies":"downfall:FleeingMerchant","floor":9.0,"turns":4.0},{"damage":14.0,"enemies":"The Mushroom Lair","floor":10.0,"turns":4.0},{"damage":8.0,"enemies":"3 Sentries","floor":11.0,"turns":3.0},{"damage":12.0,"enemies":"Jaw Worm","floor":14.0,"turns":3.0},{"damage":22.0,"enemies":"Large Slime","floor":15.0,"turns":6.0},{"damage":47.0,"enemies":"downfall:Watcher","floor":16.0,"turns":8.0},{"damage":8.0,"enemies":"3 Byrds","floor":19.0,"turns":3.0},{"damage":41.0,"enemies":"downfall:Augmenter","floor":20.0,"turns":5.0},{"damage":30.0,"enemies":"Shell Parasite","floor":21.0,"turns":4.0},{"damage":26.0,"enemies":"Snake Plant","floor":22.0,"turns":4.0},{"damage":29.0,"enemies":"downfall:FleeingMerchant","floor":23.0,"turns":4.0},{"damage":38.0,"enemies":"Cultist and Chosen","floor":26.0,"turns":3.0},{"damage":46.0,"enemies":"Chosen and Byrds","floor":27.0,"turns":3.0},{"damage":23.0,"enemies":"Gremlin Leader","floor":30.0,"turns":4.0},{"damage":53.0,"enemies":"Centurion and Healer","floor":31.0,"turns":4.0},{"damage":10.0,"enemies":"Snecko","floor":32.0,"turns":2.0},{"damage":86.0,"enemies":"downfall:Silent","floor":33.0,"turns":7.0},{"damage":43.0,"enemies":"Orb Walker","floor":36.0,"turns":4.0},{"damage":23.0,"enemies":"3 Darklings","floor":37.0,"turns":3.0},{"damage":15.0,"enemies":"Spire Growth","floor":39.0,"turns":3.0},{"damage":15.0,"enemies":"Reptomancer","floor":42.0,"turns":4.0},{"damage":118.0,"enemies":"Giant Head","floor":44.0,"turns":3.0},{"damage":12.0,"enemies":"downfall:FleeingMerchant","floor":45.0,"turns":1.0},{"damage":53.0,"enemies":"Jaw Worm Horde","floor":46.0,"turns":4.0},{"damage":14.0,"enemies":"Mind Bloom Boss Battle","floor":47.0,"turns":6.0},{"damage":0.0,"enemies":"Writhing Mass","floor":49.0,"turns":2.0},{"damage":54.0,"enemies":"downfall:Ironclad","floor":50.0,"turns":6.0},{"damage":70.0,"enemies":"downfall:CharBossMerchant","floor":52.0,"turns":5.0},{"damage":176,"enemies":"downfall:NeowBoss","floor":55,"turns":19}],"seed_played":"853957215839203737","potions_obtained":[{"floor":5.0,"key":"PowerPotion"},{"floor":10.0,"key":"AttackPotion"},{"floor":14.0,"key":"Block Potion"},{"floor":16.0,"key":"LiquidMemories"},{"floor":19.0,"key":"champ:OpenerPotion"},{"floor":31.0,"key":"Dexterity Potion"},{"floor":32.0,"key":"LiquidMemories"},{"floor":36.0,"key":"Guardian:BlockOnCardUsePotion"},{"floor":42.0,"key":"FearPotion"},{"floor":46.0,"key":"Ancient Potion"}],"is_trial":false,"path_per_floor":["R","M","?","?","M","R","T","E","$","?","E","T","R","M","M","B",null,"R","M","?","M","M","$","T","R","M","M","?","R","E","M","M","B",null,"R","M","M","?","M","?","T","E","R","E","$","M","?","$","M","B",null,"E","$","R","B",null],"character_chosen":"THE_CHAMP","items_purchased":["champ:Barbells","champ:TornadoPunch+1","champ:ArenaPreparation","Fire Potion","Letter Opener","Kunai","Panache+1","champ:RapidStrikes+1"],"campfire_rested":0,"item_purchase_floors":[9,9,9,9,23,45,45,53],"current_hp_per_floor":[90,90,85,85,82,82,82,61,61,52,49,49,49,49,49,33,97,97,97,97,94,85,78,78,78,95,97,97,97,93,83,83,34,111,111,103,90,90,111,111,111,111,121,118,121,123,119,126,126,123,126,126,126,126,126],"gold":29,"neow_bonus":"RANDOM_COLORLESS","is_daily":false,"chose_seed":false,"campfire_upgraded":8,"win_rate":0.0,"timestamp":1608745385,"path_taken":["R","M","?","?","M","R","T","E","$","?","E","?","R","M","M","BOSS","R","M","?","M","M","$","T","R","M","M","?","R","E","M","M","BOSS","R","M","M","?","?","?","T","E","R","E","$","M","?","$","M","BOSS","E","$","R","BOSS"],"items_purchased_type":["Relic","Card","Card","Potion","Relic","Relic","Card","Card"],"build_version":"2020-12-22","purchased_purges":2,"victory":true,"max_hp_per_floor":[90,90,97,97,97,97,97,97,97,97,97,97,97,97,97,97,97,97,97,97,97,97,97,97,97,97,97,97,97,97,97,97,97,111,111,111,111,111,111,111,111,111,121,121,121,126,126,126,126,126,126,126,126,126,126],"card_choices":[{"not_picked":["expansioncontent:SlimeTackle","PanicButton"],"picked":"Discovery","floor":0.0},{"not_picked":["champ:GladiatorsShout","champ:StanceDance"],"picked":"champ:Aggression","floor":2.0},{"not_picked":["champ:Backstep","champ:BerserkersShout"],"picked":"champ:StanceDance","floor":5.0},{"not_picked":["champ:Aggression","champ:Backstep"],"picked":"champ:StanceDance","floor":8.0},{"not_picked":["champ:FanOfKnives+1","champ:ShieldSlam+1"],"picked":"champ:BringItOn","floor":9.0},{"not_picked":["champ:PerfectedStrike+1","champ:Balance"],"picked":"champ:AdrenalArmor","floor":10.0},{"not_picked":["champ:SkillfulDodge","champ:StanceDance"],"picked":"champ:EnGarde","floor":11.0},{"not_picked":["champ:BringItOn","champ:CalledShot"],"picked":"champ:Circumvent","floor":14.0},{"not_picked":["champ:TornadoPunch+1","champ:CrookedStrike+1"],"picked":"champ:PreciseThrust+1","floor":15.0},{"not_picked":["champ:Improvising","champ:EnchantCrown"],"picked":"champ:CrownThrow+1","floor":16.0},{"not_picked":["champ:Circumvent","champ:FocusedGladiator"],"picked":"champ:RageSigil","floor":19.0},{"not_picked":[],"picked":"J.A.X.","floor":20.0},{"not_picked":["champ:EnragedBash+1","champ:SkillfulDodge"],"picked":"champ:ShieldSigil","floor":20.0},{"not_picked":["champ:Haymaker+1","champ:CrookedStrike+1","champ:BladeFlurry+1"],"picked":"SKIP","floor":21.0},{"not_picked":["champ:Encircle+1","champ:SkillfulDodge+1"],"picked":"champ:Duel+1","floor":22.0},{"not_picked":["champ:FocusedGladiator","champ:GladiatorsShout"],"picked":"champ:ArenaPreparation","floor":23.0},{"not_picked":["champ:CalledShot","champ:BerserkersShout","champ:SkillfulDodge"],"picked":"SKIP","floor":26.0},{"not_picked":["champ:LastStand","champ:CrookedStrike+1","champ:SkillfulDodge"],"picked":"SKIP","floor":27.0},{"not_picked":["champ:AdrenalArmor","champ:EnragedBash+1"],"picked":"champ:GladiatorsShout","floor":30.0},{"not_picked":["champ:PerfectedStrike+1","champ:DeathBlow+1"],"picked":"champ:StanceDance+1","floor":31.0},{"not_picked":["champ:Control","champ:TornadoPunch+1"],"picked":"champ:ShieldWall","floor":32.0},{"not_picked":["champ:LastStand","champ:MurderStrike+1"],"picked":"champ:VampiricStrike+1","floor":33.0},{"not_picked":["champ:ShieldSigil","champ:PerfectedStrike+1","champ:Haymaker+1"],"picked":"SKIP","floor":36.0},{"not_picked":["champ:HeartStrike+1","champ:BringItOn"],"picked":"champ:FightOn","floor":37.0},{"not_picked":["champ:DefensiveShout","champ:StanceDance"],"picked":"champ:CheapShot+1","floor":39.0},{"not_picked":["champ:Balance","champ:Circumvent"],"picked":"champ:ShieldSigil+1","floor":42.0},{"not_picked":["champ:PerfectedStrike+1","champ:IgnorePain"],"picked":"champ:Lariat","floor":44.0},{"not_picked":["champ:Duel+1","champ:CrookedStrike+1"],"picked":"champ:ViciousMockery","floor":45.0},{"not_picked":["champ:BringItOn","champ:FlashCut+1","champ:Control+1"],"picked":"SKIP","floor":46.0},{"not_picked":["champ:PerfectedStrike+1","champ:CrookedStrike+1","champ:FaceSlap+1"],"picked":"SKIP","floor":49.0},{"not_picked":["champ:FlashCut+1","champ:ShieldSigil","champ:Circumvent"],"picked":"SKIP","floor":52.0}],"player_experience":1894332,"relics_obtained":[{"floor":7.0,"key":"Molten Egg 2"},{"floor":8.0,"key":"Du-Vu Doll"},{"floor":10.0,"key":"Odd Mushroom"},{"floor":11.0,"key":"Turnip"},{"floor":12.0,"key":"champ:GladiatorsBookOfMartialProwess"},{"floor":20.0,"key":"MutagenicStrength"},{"floor":24.0,"key":"InkBottle"},{"floor":30.0,"key":"Matryoshka"},{"floor":34.0,"key":"Nunchaku"},{"floor":34.0,"key":"Frozen Egg 2"},{"floor":34.0,"key":"Mango"},{"floor":41.0,"key":"sneckomod:BlankCard"},{"floor":42.0,"key":"Bag of Marbles"},{"floor":44.0,"key":"MealTicket"},{"floor":47.0,"key":"champ:DuelingGlove"},{"floor":52.0,"key":"champ:SpectersHand"}],"event_choices":[{"damage_healed":0.0,"max_hp_gain":0.0,"max_hp_loss":0.0,"gold_gain":0.0,"event_name":"Scrap Ooze","player_choice":"Success","floor":3.0,"gold_loss":0.0,"damage_taken":12.0,"relics_obtained":["Strawberry"]},{"damage_healed":0.0,"max_hp_gain":0.0,"max_hp_loss":0.0,"gold_gain":0.0,"event_name":"Mushrooms","player_choice":"Fought Mushrooms","floor":10.0,"gold_loss":0.0,"damage_taken":0.0},{"damage_healed":0.0,"max_hp_gain":0.0,"max_hp_loss":0.0,"gold_gain":0.0,"event_name":"Duplicator","player_choice":"Copied","floor":38.0,"gold_loss":0.0,"damage_taken":0.0,"cards_obtained":["Discovery"]},{"cards_removed":["champ:ShieldWall"],"damage_healed":0.0,"max_hp_gain":0.0,"max_hp_loss":0.0,"gold_gain":0.0,"event_name":"Falling","player_choice":"Removed Power","floor":40.0,"gold_loss":0.0,"damage_taken":0.0}],"is_beta":false,"boss_relics":[{"not_picked":["Empty Cage","Runic Dome"],"picked":"Cursed Key"},{"not_picked":["SacredBark","SlaversCollar"],"picked":"Calling Bell"}],"items_purged_floors":[45,48],"is_endless":false,"potions_floor_spawned":[5,10,14,16,19,22,31,32,36,42,46,47],"ascension_level":4}}