{"host":"557iavmgkmyrqkcw","time":1608686851,"event":{"mods":["2.2 Compatiblity","AchievementEnabler","BaseMod","Better Note","Better Sensory Stone","Better Third Choice","Downfall","Friendly Minions","HololiveMod","Marisa????????","Minty Spire (QoL Compilation)","Replay The Spire","StSLib","The Alterego","The Fake Hero","The IronCluck","The Servant 0.9.4","Waifu the Spire"],"gold_per_floor":[99,199,199,474,493,510,562,487,518,518,518,133,58,86,102,205,205,130,230,87,137,197,197,248,87,147,147,172,222,222,233,248,348,348,348,367,377,396,320,320,320,645,713,842,156,206,206,220,237,237,237,264,7,7,7],"floor_reached":56,"playtime":10239,"items_purged":["Overencumbered","Defend_S","Regret"],"score":1418,"play_id":"e0712011-c7a6-48a4-ac1e-1b4d75f0cc32","local_time":"20201222172731","is_ascension_mode":true,"campfire_choices":[{"data":"Exchange","floor":1,"key":"SMITH"},{"floor":8,"key":"RECALL"},{"data":"SilverBlades","floor":13,"key":"SMITH"},{"data":"FlawlessForm","floor":18,"key":"SMITH"},{"data":"SurpressingFire","floor":23,"key":"SMITH"},{"data":"RealityMarble","floor":27,"key":"SMITH"},{"data":"BestPractice","floor":30,"key":"SMITH"},{"data":"Strike_S","floor":35,"key":"PURGE"},{"data":"Sadistic Nature","floor":40,"key":"SMITH"},{"data":"Hightail","floor":47,"key":"SMITH"},{"data":"Gouge","floor":54,"key":"SMITH"}],"circlet_count":0,"master_deck":["Strike_S","Strike_S","Defend_S+1","Defend_S+1","KidneyShot","Exchange+1","BestPractice+1","SurpressingFire+1","Rearm","SpecialFormula","SilverBlades+1","Moonlight","FloweringNight+1","Gouge+1","FlawlessForm+1","BottledTime+1","RealityMarble+1","Comet","Ricochet","Potential","Spin","KillingDoll","Gouge+1","Sadistic Nature+1","Hightail+1","Dramatic Entrance","Starlight"],"relics":["Uniform","Incense Burner","downfall:HeartBlessingBlue","Replay:Accelerometer","Lantern","downfall:HeartBlessingRed","War Paint","Busted Crown","downfall:HeartBlessingGreen","downfall:CloakOfManyFaces","CultistMask","FaceOfCleric","NlothsMask","GremlinMask","SsserpentHead","ClockworkSouvenir","Bronze Scales","Medical Kit","PocketWatch","StoneMask","Broom","Replay:Towering Pillar of Hats","Iron Hammer","KneeBrace","Blue Doll","Gremlin Horn","Shuriken"],"acts_visited":["Exordium","TheCity","TheBeyond","TheEnding"],"potions_floor_usage":[19,28,39,55,55],"damage_taken":[{"damage":5,"enemies":"Small Slimes","floor":5,"turns":4},{"damage":4,"enemies":"Jaw Worm","floor":6,"turns":4},{"damage":16,"enemies":"Gremlin Nob","floor":9,"turns":5},{"damage":0,"enemies":"Cultist","floor":10,"turns":1},{"damage":0,"enemies":"downfall:FleeingMerchant","floor":12,"turns":4},{"damage":11,"enemies":"Replay:BlueRogue","floor":14,"turns":5},{"damage":4,"enemies":"Large Slime","floor":15,"turns":6},{"damage":38,"enemies":"downfall:Silent","floor":16,"turns":7},{"damage":0,"enemies":"downfall:FaceTrader","floor":19,"turns":7},{"damage":0,"enemies":"downfall:FleeingMerchant","floor":20,"turns":4},{"damage":9,"enemies":"Spheric Guardian","floor":22,"turns":5},{"damage":5,"enemies":"downfall:FleeingMerchant","floor":25,"turns":4},{"damage":6,"enemies":"Snake Plant","floor":26,"turns":4},{"damage":20,"enemies":"Gremlin Leader","floor":28,"turns":5},{"damage":1,"enemies":"Shelled Parasite and Fungi","floor":31,"turns":3},{"damage":4,"enemies":"Chosen and Byrds","floor":32,"turns":3},{"damage":1,"enemies":"downfall:Defect","floor":33,"turns":6},{"damage":1,"enemies":"Orb Walker","floor":36,"turns":3},{"damage":7,"enemies":"3 Darklings","floor":37,"turns":3},{"damage":5,"enemies":"Writhing Mass","floor":38,"turns":4},{"damage":0,"enemies":"downfall:FleeingMerchant","floor":39,"turns":4},{"damage":23,"enemies":"Spire Growth","floor":43,"turns":4},{"damage":4,"enemies":"Sphere and 2 Shapes","floor":48,"turns":3},{"damage":12,"enemies":"4 Shapes","floor":49,"turns":2},{"damage":9,"enemies":"downfall:Ironclad","floor":50,"turns":5},{"damage":0,"enemies":"downfall:CharBossMerchant","floor":52,"turns":4},{"damage":0,"enemies":"downfall:NeowBoss","floor":55,"turns":14}],"seed_played":"-2772003395629581260","potions_obtained":[{"floor":14,"key":"Doom Potion"},{"floor":15,"key":"Explosive Potion"},{"floor":16,"key":"hexamod:EctoCoolerPotion"},{"floor":19,"key":"sneckomod:MuddlingPotion"},{"floor":28,"key":"SneckoOil"},{"floor":33,"key":"LifebloodPotion"},{"floor":37,"key":"Elixir"},{"floor":38,"key":"PowerPotion"},{"floor":43,"key":"FearPotion"}],"is_trial":false,"path_per_floor":["R","?","?","?","M","M","T","R","E","M","?","$","R","E","M","B",null,"R","?","$","T","M","R","T","$","M","R","E","?","R","M","M","B",null,"R","M","M","M","$","R","T","?","M","?","$","?","R","M","M","B",null,"E","$","R","B",null],"character_chosen":"THE_SERVANT","items_purchased":["SilverBlades","Moonlight","Lantern","ClockworkSouvenir","RealityMarble","Medical Kit","Sadistic Nature","Broom","Hightail","KneeBrace","Blue Doll","Dramatic Entrance","Shuriken"],"campfire_rested":0,"item_purchase_floors":[12,12,12,20,20,25,39,39,45,45,45,45,53],"current_hp_per_floor":[65,65,65,65,60,56,56,66,50,50,50,50,50,44,48,15,75,75,75,76,76,68,68,68,69,69,69,55,47,47,52,54,62,83,83,85,87,86,91,91,91,91,80,80,80,80,80,86,92,92,104,106,106,106,108],"gold":7,"neow_bonus":"ONE_RARE_RELIC","is_daily":false,"chose_seed":false,"campfire_upgraded":9,"win_rate":0.0,"timestamp":1608686851,"path_taken":["R","?","?","?","?","M","T","R","E","M","?","$","R","E","M","BOSS","R","?","?","?","?","R","T","$","?","R","E","?","R","M","M","BOSS","R","M","M","M","$","R","T","?","?","?","$","?","R","M","M","BOSS","E","$","R","BOSS"],"items_purchased_type":["Card","Card","Relic","Relic","Card","Relic","Card","Relic","Card","Relic","Relic","Card","Relic"],"build_version":"2020-12-13","purchased_purges":3,"victory":true,"max_hp_per_floor":[65,65,65,65,65,65,65,75,75,75,75,75,75,75,75,75,75,75,75,76,76,77,77,77,78,79,79,80,80,80,81,82,83,83,83,85,87,89,91,91,91,91,93,93,93,93,93,97,102,104,104,106,106,106,108],"card_choices":[{"not_picked":["ShatteredReality","Ricochet"],"picked":"BestPractice","floor":5},{"not_picked":["Foresight","DoubleEdge"],"picked":"SurpressingFire","floor":6},{"not_picked":["Unruled","Revamp","Collapse"],"picked":"SKIP","floor":9},{"not_picked":["Starlight","StarChef"],"picked":"Rearm","floor":10},{"not_picked":["Gouge","BestPractice"],"picked":"SpecialFormula","floor":12},{"not_picked":["DoubleEdge","SurpressingFire"],"picked":"FloweringNight","floor":14},{"not_picked":["Contraction","Alleviate"],"picked":"Gouge","floor":15},{"not_picked":["Initiator","Deny"],"picked":"FlawlessForm","floor":16},{"not_picked":[],"picked":"BottledTime+1","floor":19},{"not_picked":["Replace"],"picked":"SKIP","floor":20},{"not_picked":[],"picked":"Comet","floor":22},{"not_picked":[],"picked":"Ricochet","floor":25},{"not_picked":["Rearm"],"picked":"SKIP","floor":26},{"not_picked":[],"picked":"Potential","floor":28},{"not_picked":["Defy+1"],"picked":"SKIP","floor":31},{"not_picked":[],"picked":"Spin","floor":32},{"not_picked":[],"picked":"KillingDoll","floor":33},{"not_picked":["ReturningBlade+1"],"picked":"SKIP","floor":36},{"not_picked":["FastForward"],"picked":"SKIP","floor":37},{"not_picked":[],"picked":"Gouge+1","floor":38},{"not_picked":["Read+1"],"picked":"SKIP","floor":39},{"not_picked":["Rearm+1"],"picked":"SKIP","floor":43},{"not_picked":[],"picked":"Starlight","floor":48},{"not_picked":["Rearm"],"picked":"SKIP","floor":49},{"not_picked":["Unruled+1"],"picked":"SKIP","floor":52}],"player_experience":570028,"relics_obtained":[{"floor":9,"key":"Replay:Accelerometer"},{"floor":14,"key":"War Paint"},{"floor":19,"key":"downfall:CloakOfManyFaces"},{"floor":24,"key":"Bronze Scales"},{"floor":28,"key":"PocketWatch"},{"floor":41,"key":"Replay:Towering Pillar of Hats"},{"floor":44,"key":"Iron Hammer"},{"floor":52,"key":"Gremlin Horn"}],"event_choices":[{"cards_removed":["Regret"],"damage_healed":0,"gold_gain":0,"player_choice":"Card Removal","damage_taken":0,"max_hp_gain":0,"max_hp_loss":0,"event_name":"The Cleric","floor":11,"gold_loss":0},{"cards_removed":["Strike_S"],"damage_healed":0,"gold_gain":0,"player_choice":"Removed Attack","damage_taken":0,"max_hp_gain":0,"max_hp_loss":0,"event_name":"Falling","floor":46,"gold_loss":0}],"is_beta":false,"boss_relics":[{"not_picked":["Velvet Choker","Ectoplasm"],"picked":"Busted Crown"},{"not_picked":["SacredBark","Cursed Key"],"picked":"StoneMask"}],"items_purged_floors":[12,39,45],"is_endless":false,"potions_floor_spawned":[14,15,16,19,28,33,37,38,43],"ascension_level":1}}