{"host":"fevvm7bbzuh4s1jc","time":1608759244,"event":{"mods":["BaseMod","Highlight Path","Minty Spire (QoL Compilation)","Relic Stats"],"gold_per_floor":[110,127,140,150,75,103,103,103,103],"floor_reached":8,"playtime":392,"items_purged":[],"score":116,"play_id":"247a7311-8ab2-46ca-8d05-dd42de5f8a35","local_time":"20201223163404","is_ascension_mode":true,"campfire_choices":[{"data":"Bash","floor":7,"key":"SMITH"}],"circlet_count":0,"master_deck":["AscendersBane","Strike_R","Strike_R","Strike_R","Strike_R","Defend_R","Defend_R","Defend_R","Defend_R","Bash+1","Clothesline","Dual Wield","Entrench","True Grit"],"relics":["Snecko Eye","Question Card"],"acts_visited":["Exordium"],"potions_floor_usage":[6,8],"damage_taken":[{"damage":1,"enemies":"Cultist","floor":1,"turns":3},{"damage":5,"enemies":"2 Louse","floor":2,"turns":4},{"damage":11,"enemies":"Small Slimes","floor":3,"turns":4},{"damage":7,"enemies":"Blue Slaver","floor":4,"turns":4},{"damage":18,"enemies":"Gremlin Nob","floor":6,"turns":4},{"damage":50,"enemies":"3 Sentries","floor":8,"turns":7}],"seed_played":"7261918241015827079","potions_obtained":[{"floor":2,"key":"BloodPotion"},{"floor":4,"key":"SneckoOil"}],"is_trial":false,"path_per_floor":["M","M","M","M","?","E","R","E"],"character_chosen":"IRONCLAD","items_purchased":[],"campfire_rested":0,"item_purchase_floors":[],"current_hp_per_floor":[67,62,51,44,44,26,26,0,0],"gold":103,"neow_bonus":"BOSS_RELIC","is_daily":false,"chose_seed":false,"campfire_upgraded":1,"win_rate":0.0,"timestamp":1608759244,"path_taken":["M","M","?","M","?","E","R","E"],"items_purchased_type":[],"build_version":"2020-12-22","purchased_purges":0,"victory":false,"max_hp_per_floor":[75,75,75,75,75,75,75,75,75],"relic_stats":{"counters":[6,26],"Snecko Eye":[37,41,39,47],"Question Card":0,"obtain_stats":[{"Snecko Eye":0,"Question Card":6,"Burning Blood":0},{"Snecko Eye":0,"Question Card":5,"Burning Blood":0},{"Snecko Eye":0,"Question Card":19,"Burning Blood":0}]},"card_choices":[{"not_picked":["Pummel","Hemokinesis"],"picked":"Clothesline","floor":1},{"not_picked":["Iron Wave","Headbutt"],"picked":"Dual Wield","floor":2},{"not_picked":["Body Slam","Reckless Charge"],"picked":"Entrench","floor":3},{"not_picked":["Anger","Dual Wield"],"picked":"True Grit","floor":4},{"not_picked":["Heavy Blade","Power Through","Armaments"],"picked":"SKIP","floor":6}],"player_experience":2570864,"relics_obtained":[{"floor":6,"key":"Question Card"}],"event_choices":[{"cards_removed":["Strike_R"],"damage_healed":0,"gold_gain":0,"player_choice":"Card Removal","damage_taken":0,"max_hp_gain":0,"max_hp_loss":0,"event_name":"The Cleric","floor":5,"gold_loss":75}],"is_beta":false,"boss_relics":[],"items_purged_floors":[],"is_endless":false,"potions_floor_spawned":[2,4],"killed_by":"3 Sentries","ascension_level":20}}