{"host":"e5u7qs1emxzejr12","time":1608738368,"event":{"mods":["2.2 Compatiblity","ATMod(阿瑾Mod)","Act Like it!","BaseMod","Card Forge","Custom Start","Highlight Path","KinomotoSakuraMod(木之本樱)","Luminous","Minty Spire (QoL Compilation)","Nova Terra(诺娃・泰拉)","Prisma Mod","Quick Restart","Reimu（博丽灵梦）","Replay The Spire","SOS（斯巴达之子）","Shop Mod","StSLib","SuperFastMode","UnlockEverythingMod","【东方二次创作】八云紫mod","【功能Mod】混沌之环修复补丁","【功能Mod】聪明的最终Boss"],"gold_per_floor":[189,159,218,275,38,144,144,144,199,42,91,188,233,233,233,233,233,89,89,311,311,362,180,180,234,144,228,228,228],"floor_reached":28,"playtime":1184,"items_purged":[],"score":588,"play_id":"3ae977a5-a858-4c96-8aac-cf4f9df8fd09","local_time":"20201223234608","daily_mods":["Heirloom","Flight","Midas"],"is_ascension_mode":true,"campfire_choices":[{"floor":19,"key":"REST"}],"circlet_count":0,"master_deck":["AscendersBane","Shoot+1","Shoot+1","AT_FamilyPortrait+1","Honeycombofire+1","Gunslinger+1","CoyoteA+1","Weaponchange+1","Gilgamesh+1","Chargeshoot+1","Pandora+1","Demonreform+1","Flash of Steel+1","Airtrick+1","ReplayTheSpireMod:Private Reserves+1"],"relics":["SSS","Combocheck","Hammer of Thor","Seething Fire","Anvil of the Gods","AT_ATBox","MerchantsRug","Pantograph","Kunai","AT_SpeedBoots","Golden Egg","Snecko Eye","Prayer Wheel","Replay:Wax Seal","Bronze Scales"],"acts_visited":["Exordium","TheCity"],"potions_floor_usage":[],"damage_taken":[{"damage":0,"enemies":"Jaw Worm","floor":1,"turns":3},{"damage":0,"enemies":"Cultist","floor":3,"turns":3},{"damage":0,"enemies":"Small Slimes","floor":4,"turns":3},{"damage":16,"enemies":"Lagavulin","floor":6,"turns":4},{"damage":21,"enemies":"Exordium Thugs","floor":11,"turns":3},{"damage":4,"enemies":"Gremlin Nob","floor":12,"turns":3},{"damage":12,"enemies":"3 Louse","floor":13,"turns":2},{"damage":0,"enemies":"Slime Boss","floor":20,"turns":3},{"damage":29,"enemies":"2 Thieves","floor":22,"turns":3},{"damage":16,"enemies":"3 Byrds","floor":25,"turns":2},{"damage":30,"enemies":"Replay:Snechameleon","floor":27,"turns":3},{"damage":27,"enemies":"Slavers","floor":28,"turns":2}],"seed_played":"1535487835201911870","potions_obtained":[{"floor":2,"key":"Energy Potion"},{"floor":2,"key":"Milkshake"}],"is_trial":true,"path_per_floor":["M","?","M","M","$","E","?","T","T","$","M","E","M","PTL","PTL","PTL","PTL","$","R","B",null,"M","$","?","M","$","E","E"],"character_chosen":"DANTE","items_purchased":["Stinger","MerchantsRug","Rebellion","CoyoteA","Unrisingdragon","Chargeshoot","Pandora","Replay:Wax Seal","Flash of Steel","ReplayTheSpireMod:Private Reserves"],"campfire_rested":1,"item_purchase_floors":[5,5,5,10,10,18,18,23,23,26],"current_hp_per_floor":[68,68,68,72,72,56,56,56,56,56,35,31,19,19,19,19,19,19,41,66,73,58,58,58,42,42,30,3,3],"gold":228,"neow_bonus":"","is_daily":false,"chose_seed":false,"campfire_upgraded":0,"win_rate":0.0,"timestamp":1608738368,"path_taken":["M","?","M","?","$","E","?","?","T","$","M","E","M","PTL","PTL","PTL","PTL","$","R","BOSS","M","$","?","M","$","E","E"],"items_purchased_type":["Card","Relic","Card","Card","Card","Card","Card","Relic","Card","Card"],"build_version":"2020-12-22","purchased_purges":0,"victory":false,"max_hp_per_floor":[75,75,75,75,75,75,75,75,75,75,75,75,75,75,75,75,75,75,75,75,75,75,75,75,75,75,75,75,75],"card_choices":[{"not_picked":["Doubleshoot","VitalstarS"],"picked":"LucifercomboC","floor":1},{"not_picked":["Splesh","Dash2"],"picked":"LucifercomboA","floor":3},{"not_picked":["Ecstasy","Chargeshoot"],"picked":"Honeycombofire","floor":4},{"not_picked":["Purpleorb","VitalstarS"],"picked":"Gunslinger","floor":6},{"not_picked":["Dash2","Weaponupgrade"],"picked":"Weaponchange","floor":11},{"not_picked":["LucifercomboD","Gunslinger","LucifercomboC"],"picked":"SKIP","floor":12},{"not_picked":["GilgameshcomboA","Airhike"],"picked":"Gilgamesh","floor":13},{"not_picked":["Blueorb","Airtrick"],"picked":"Demonreform","floor":20},{"not_picked":["Millionstab+1","Rebellion","LucifercomboD"],"picked":"SKIP","floor":22},{"not_picked":["Pandora","Doubleshoot","Straight"],"picked":"SKIP","floor":22},{"not_picked":["Splesh","LucifercomboB","Royaldefend"],"picked":"SKIP","floor":25},{"not_picked":["LucifercomboA","BeastUppercut","Splesh"],"picked":"SKIP","floor":25},{"not_picked":["LucifercomboC","Fullhouse","LucifercomboB"],"picked":"SKIP","floor":27}],"player_experience":38068,"relics_obtained":[{"floor":6,"key":"Pantograph"},{"floor":8,"key":"Kunai"},{"floor":9,"key":"AT_SpeedBoots"},{"floor":12,"key":"Golden Egg"},{"floor":27,"key":"Bronze Scales"}],"event_choices":[{"damage_healed":0,"gold_gain":0,"player_choice":"Bought 2 Potions","damage_taken":0,"max_hp_gain":0,"max_hp_loss":0,"event_name":"The Woman in Blue","floor":2,"gold_loss":0},{"damage_healed":0,"gold_gain":0,"player_choice":"Ignored","damage_taken":0,"max_hp_gain":0,"max_hp_loss":0,"event_name":"Shining Light","floor":7,"gold_loss":0},{"damage_healed":0,"gold_gain":0,"player_choice":"1 cards matched","damage_taken":0,"max_hp_gain":0,"max_hp_loss":0,"event_name":"Match and Keep!","floor":24,"gold_loss":0,"cards_obtained":["Airtrick"]}],"is_beta":false,"boss_relics":[{"not_picked":["Velvet Choker","Empty Cage"],"picked":"Snecko Eye"}],"items_purged_floors":[],"is_endless":false,"potions_floor_spawned":[3,4,12,13,22],"killed_by":"Slavers","ascension_level":20}}