{"host":"vddnn8yddbh0df4g","time":1608688649,"event":{"mods":["Act Like it!","BaseMod","Beaked The Cultist","Bestiary","Downfall","Minty Spire (QoL Compilation)","Shop Mod","StSLib","SuperFastMode","The Bug Knight","The Runesmith"],"gold_per_floor":[0,10,30,94,94,141,164,178,198,123,142,155,155,181,193,291,291,216,226,236,146,146,163,163,189,199,231,19,19,19,32,44,146,146,146,164,264,264,93,122,134,71,117,129,141,166,178,358,375,375,375,375,375,375],"floor_reached":52,"playtime":3226,"items_purged":["Regret","champ:Strike"],"score":815,"play_id":"de207d6c-11a2-44bb-babc-d4f4da6be85f","local_time":"20201222205729","is_ascension_mode":true,"campfire_choices":[{"data":"champ:Taunt","floor":1.0,"key":"SMITH"},{"data":"champ:SteelEdge","floor":10.0,"key":"SMITH"},{"data":"champ:Lariat","floor":13.0,"key":"SMITH"},{"data":"champ:SwordThrow","floor":18.0,"key":"SMITH"},{"data":"Mayhem","floor":30.0,"key":"SMITH"},{"floor":35,"key":"RECALL"},{"data":"champ:Improvising","floor":42,"key":"SMITH"},{"data":"champ:ViciousMockery","floor":45,"key":"SMITH"},{"data":"champ:SteelEdge","floor":47,"key":"SMITH"}],"circlet_count":0,"master_deck":["champ:Strike","champ:Defend+1","champ:Defend","champ:Defend+1","champ:Defend","champ:Execute","champ:Taunt+1","champ:SwordThrow+1","champ:ArenaPreparation+1","champ:ViciousMockery+1","champ:AdrenalArmor","champ:SteelEdge+1","champ:Lariat+1","champ:Control","champ:AdrenalArmor","champ:SteelEdge+1","champ:CalledShot+1","champ:RisingSlash","champ:BerserkerStyle","champ:Improvising+1","champ:MurderStrike","Mayhem+1","champ:MurderStrike","CurseOfTheBell","champ:FanOfKnives+1","champ:BringItOn+1","champ:DefensiveStyle+1","champ:CalledShot","champ:Backstep+1","champ:ArenaPreparation+1","Enlightenment"],"relics":["champ:ChampionCrown","champ:FightingForDummies","Lantern","downfall:HeartBlessingBlue","Juzu Bracelet","Sozu","downfall:HeartBlessingGreen","Bag of Preparation","Bronze Scales","Question Card","Prayer Wheel","Chemical X","Mummified Hand","downfall:HeartBlessingRed","Torii","MerchantsRug"],"acts_visited":["Exordium","TheCity","TheBeyond","TheEnding"],"potions_floor_usage":[],"damage_taken":[{"damage":20.0,"enemies":"Jaw Worm","floor":2.0,"turns":5.0},{"damage":8.0,"enemies":"2 Louse","floor":3.0,"turns":2.0},{"damage":68.0,"enemies":"Lagavulin Event","floor":4.0,"turns":8.0},{"damage":25.0,"enemies":"Small Slimes","floor":8.0,"turns":4.0},{"damage":35.0,"enemies":"Exordium Thugs","floor":9.0,"turns":5.0},{"damage":28.0,"enemies":"3 Louse","floor":11.0,"turns":2.0},{"damage":36.0,"enemies":"Lots of Slimes","floor":12.0,"turns":4.0},{"damage":34.0,"enemies":"3 Sentries","floor":14.0,"turns":5.0},{"damage":24.0,"enemies":"Red Slaver","floor":15.0,"turns":2.0},{"damage":64.0,"enemies":"downfall:Watcher","floor":16.0,"turns":18.0},{"damage":66.0,"enemies":"3 Byrds","floor":19.0,"turns":5.0},{"damage":23.0,"enemies":"Snake Plant","floor":20.0,"turns":3.0},{"damage":32.0,"enemies":"downfall:FleeingMerchant","floor":21.0,"turns":4.0},{"damage":63.0,"enemies":"Snecko","floor":23.0,"turns":7.0},{"damage":77.0,"enemies":"Slavers","floor":25.0,"turns":7.0},{"damage":58.0,"enemies":"Centurion and Healer","floor":26.0,"turns":6.0},{"damage":62.0,"enemies":"Gremlin Leader","floor":27.0,"turns":7.0},{"damage":55.0,"enemies":"downfall:FleeingMerchant","floor":28.0,"turns":4.0},{"damage":32.0,"enemies":"Cultist and Chosen","floor":31.0,"turns":4.0},{"damage":37.0,"enemies":"Shelled Parasite and Fungi","floor":32.0,"turns":4.0},{"damage":37,"enemies":"downfall:Ironclad","floor":33,"turns":6},{"damage":80,"enemies":"3 Shapes","floor":36,"turns":6},{"damage":34,"enemies":"downfall:FleeingMerchant","floor":39,"turns":4},{"damage":62,"enemies":"Giant Head","floor":40,"turns":6},{"damage":69,"enemies":"Nemesis","floor":43,"turns":5},{"damage":36,"enemies":"Orb Walker","floor":46,"turns":3},{"damage":7,"enemies":"downfall:FleeingMerchant","floor":48,"turns":2},{"damage":65,"enemies":"Spire Growth","floor":49,"turns":4},{"damage":83,"enemies":"downfall:Defect","floor":50,"turns":7},{"damage":182,"enemies":"downfall:CharBossMerchant","floor":52,"turns":7}],"seed_played":"5517070051816215779","potions_obtained":[{"floor":2.0,"key":"SteroidPotion"},{"floor":3.0,"key":"SneckoOil"},{"floor":14.0,"key":"Energy Potion"}],"is_trial":false,"path_per_floor":["R","M","M","?","?","T","T","M","M","R","M","M","R","E","M","B",null,"R","M","M","$","?","M","T","E","M","E","$","?","R","M","M","B",null,"R","M","?","?","$","E","T","R","E","?","R","M","R","$","M","B",null,"E"],"character_chosen":"THE_CHAMP","items_purchased":["Mayhem","Chemical X","Enlightenment","MerchantsRug"],"campfire_rested":0,"item_purchase_floors":[28,39,48,48],"current_hp_per_floor":[90,78,75,39,39,39,39,37,30,40,40,35,35,30,30,17,100,100,94,97,94,94,78,78,63,63,45,30,30,30,38,38,28,100,100,75,75,75,75,68,68,68,65,65,65,65,65,65,64,64,100,0,0,0],"gold":375,"neow_bonus":"THREE_RARE_CARDS","is_daily":false,"chose_seed":false,"campfire_upgraded":8,"win_rate":0.0,"timestamp":1608688649,"path_taken":["R","M","M","?","?","?","T","M","M","R","M","M","R","E","M","BOSS","R","M","M","$","?","M","T","E","M","E","?","?","R","M","M","BOSS","R","M","?","?","?","E","T","R","E","?","R","M","R","$","M","BOSS","E"],"items_purchased_type":["Card","Relic","Card","Relic"],"build_version":"2020-12-13","purchased_purges":2,"victory":false,"max_hp_per_floor":[90,90,90,90,90,90,90,90,90,100,100,100,100,100,100,100,100,100,100,100,100,100,100,100,100,100,100,100,100,100,100,100,100,100,100,100,100,100,100,100,100,100,100,100,100,100,100,100,100,100,100,100,100,100],"card_choices":[{"not_picked":["champ:HeavySlash","champ:DancingMaster"],"picked":"champ:SwordThrow","floor":0.0},{"not_picked":["champ:BladeFlurry","champ:CalledShot"],"picked":"champ:ArenaPreparation","floor":2.0},{"not_picked":["champ:EnragedBash","champ:CrookedStrike"],"picked":"champ:ViciousMockery","floor":3.0},{"not_picked":["champ:BladeFlurry","champ:DeathBlow"],"picked":"champ:AdrenalArmor","floor":4.0},{"not_picked":["champ:BladeFlurry","champ:RapidStrikes","champ:TornadoPunch"],"picked":"SKIP","floor":8.0},{"not_picked":["champ:FocusedGladiator","champ:BladeFlurry"],"picked":"champ:SteelEdge","floor":9.0},{"not_picked":["champ:Balance","champ:FocusedGladiator"],"picked":"champ:Lariat","floor":11.0},{"not_picked":["champ:ViciousMockery","champ:RisingSlash"],"picked":"champ:Control","floor":12.0},{"not_picked":["champ:GladiatorsShout","champ:FocusedBerserking"],"picked":"champ:AdrenalArmor","floor":14.0},{"not_picked":["champ:IronFortress","champ:FlashCut","champ:AdrenalArmor"],"picked":"SKIP","floor":15.0},{"not_picked":["champ:ShieldSlam","champ:EnchantShield"],"picked":"champ:SteelEdge","floor":16.0},{"not_picked":["champ:StanceDance","champ:Duel"],"picked":"champ:CalledShot","floor":19.0},{"not_picked":["champ:PerfectedStrike+1","champ:Encircle+1"],"picked":"champ:RisingSlash","floor":20.0},{"not_picked":["champ:DefensiveShout","champ:BladeFlurry","champ:ShieldSigil"],"picked":"SKIP","floor":21.0},{"not_picked":["champ:GladiatorsShout+1","champ:Haymaker","champ:Duel+1"],"picked":"SKIP","floor":23.0},{"not_picked":["champ:PerfectedStrike","champ:DefensiveShout"],"picked":"champ:BerserkerStyle","floor":25.0},{"not_picked":["champ:PerfectedStrike","champ:BerserkersShout+1","champ:Haymaker"],"picked":"SKIP","floor":26.0},{"not_picked":["champ:FlashCut+1","champ:DefensiveStyle"],"picked":"champ:Improvising","floor":27.0},{"not_picked":["champ:SwordSigil","champ:Encircle+1"],"picked":"champ:MurderStrike","floor":28.0},{"not_picked":["champ:Circumvent","champ:StanceDance","champ:PerfectedStrike"],"picked":"SKIP","floor":31.0},{"not_picked":["champ:GladiatorsShout","champ:SkillfulDodge","champ:Encircle"],"picked":"SKIP","floor":32.0},{"not_picked":["champ:ShieldSlam","champ:IgnorePain"],"picked":"champ:MurderStrike","floor":33},{"not_picked":["champ:Encircle+1","champ:BladeFlurry","champ:ArenaPreparation+1"],"picked":"champ:FanOfKnives+1","floor":36},{"not_picked":["champ:ShieldWall","champ:FlashCut+1","champ:PerfectedStrike","champ:RecklessLeap"],"picked":"SKIP","floor":36},{"not_picked":["champ:PerfectedStrike","champ:PreciseThrust+1","champ:GladiatorsShout+1"],"picked":"champ:BringItOn+1","floor":39},{"not_picked":["champ:ShieldSigil+1","champ:RageSigil","champ:SwordThrow","champ:BerserkerStyle+1"],"picked":"SKIP","floor":40},{"not_picked":["champ:StanceDance+1","champ:Backstep","champ:Circumvent"],"picked":"champ:DefensiveStyle+1","floor":43},{"not_picked":["champ:BladeFlurry","champ:BringItOn","champ:Shatter+1"],"picked":"champ:Backstep+1","floor":46},{"not_picked":["champ:ShieldSigil","champ:EnGarde+1","champ:FocusedDefense"],"picked":"champ:ArenaPreparation+1","floor":46},{"not_picked":["champ:Balance","champ:CrookedStrike+1","champ:TornadoPunch+1","champ:DefensiveStyle"],"picked":"SKIP","floor":48},{"not_picked":["champ:CrookedStrike+1","champ:FalseCounter+1","champ:CalledShot+1","champ:EndlessRage"],"picked":"SKIP","floor":49},{"not_picked":["champ:SwordThrow","champ:Haymaker","champ:SkillfulDodge","champ:DefensiveShout"],"picked":"SKIP","floor":49}],"player_experience":669361,"relics_obtained":[{"floor":4.0,"key":"champ:FightingForDummies"},{"floor":6.0,"key":"Lantern"},{"floor":14.0,"key":"Juzu Bracelet"},{"floor":24.0,"key":"Peace Pipe"},{"floor":25.0,"key":"Bag of Preparation"},{"floor":27.0,"key":"Bronze Scales"},{"floor":34,"key":"Potion Belt"},{"floor":34,"key":"Question Card"},{"floor":34,"key":"Prayer Wheel"},{"floor":40,"key":"MawBank"},{"floor":41,"key":"Mummified Hand"},{"floor":43,"key":"Torii"}],"event_choices":[{"damage_healed":0.0,"max_hp_gain":0.0,"max_hp_loss":0.0,"gold_gain":0.0,"event_name":"Upgrade Shrine","player_choice":"Upgraded","floor":22.0,"gold_loss":0.0,"damage_taken":0.0,"cards_upgraded":["champ:CalledShot"]},{"damage_healed":0.0,"max_hp_gain":0.0,"max_hp_loss":0.0,"gold_gain":0.0,"event_name":"Ghosts","player_choice":"Ignored","floor":29.0,"gold_loss":0.0,"damage_taken":0.0},{"cards_removed":["champ:Strike"],"damage_healed":0,"gold_gain":0,"player_choice":"Offered Basic","damage_taken":0,"max_hp_gain":0,"max_hp_loss":0,"event_name":"Bonfire Elementals","floor":38,"gold_loss":0},{"damage_healed":0,"gold_gain":0,"cards_transformed":["champ:Strike"],"player_choice":"Transformed","damage_taken":0,"max_hp_gain":0,"max_hp_loss":0,"event_name":"Transmorgrifier","floor":44,"gold_loss":0,"cards_obtained":["champ:CalledShot"]}],"is_beta":false,"boss_relics":[{"not_picked":["Cursed Key","Coffee Dripper"],"picked":"Sozu"},{"not_picked":["Pandora\u0027s Box","Tiny House"],"picked":"Calling Bell"}],"items_purged_floors":[21,48],"is_endless":false,"potions_floor_spawned":[2,3,14,20,25,31,32,33,36,43],"killed_by":"downfall:CharBossMerchant","ascension_level":1}}