{"host":"hqvh779b89tfrjxy","time":1608754983,"event":{"mods":["Act Like it!","BaseMod","Better Third Choice","Downfall","Elementarium","Filter the Spire","GifTheSpireLib","Marked Mod","Minty Spire (QoL Compilation)","Replay The Spire","Spicy Shops","StSLib"],"gold_per_floor":[112,123,133,153,171,171,199,42,42,57,75,105,105,105,105,209,209,225,240,260,16,41,67,67,67],"floor_reached":24,"playtime":1253,"items_purged":["Strike_P"],"score":448,"play_id":"18056c68-7a68-4e6b-bc63-d82c31be1ef7","local_time":"20201223212303","is_ascension_mode":true,"campfire_choices":[{"data":"BattleHymn","floor":6,"key":"SMITH"},{"floor":13,"key":"REST"},{"data":"Jack Of All Trades","floor":15,"key":"SMITH"}],"circlet_count":0,"master_deck":["AscendersBane","Strike_P","Strike_P","Strike_P","Defend_P","Defend_P","Defend_P","Defend_P","Eruption","Vigilance","Jack Of All Trades+1","FollowUp+1","BattleHymn+1","ClearTheMind","SandsOfTime","Protect","LikeWater","Vault","Halt","Replay:LoomingThreat","Replay:LoomingThreat","Meditate"],"relics":["PureWater","Dream Catcher","Divine Protection","Replay:WaspNest","Fusion Hammer","Mirror","Darkstone Periapt","Prayer Wheel"],"acts_visited":["Exordium","Elementarium:Elementarium"],"potions_floor_usage":[10,10,22,22],"damage_taken":[{"damage":0.0,"enemies":"2 Louse","floor":1.0,"turns":2.0},{"damage":0.0,"enemies":"Jaw Worm","floor":2.0,"turns":3.0},{"damage":7.0,"enemies":"Small Slimes","floor":3.0,"turns":3.0},{"damage":22,"enemies":"Red Slaver","floor":4,"turns":4},{"damage":0,"enemies":"Looter","floor":5,"turns":3},{"damage":30,"enemies":"3 Sentries","floor":7,"turns":8},{"damage":0,"enemies":"Exordium Thugs","floor":10,"turns":5},{"damage":0,"enemies":"Gremlin Gang","floor":11,"turns":1},{"damage":0,"enemies":"Lagavulin","floor":12,"turns":4},{"damage":0,"enemies":"The Guardian","floor":16,"turns":9},{"damage":0,"enemies":"Elementarium:Cyclone","floor":18,"turns":6},{"damage":3,"enemies":"Elementarium:2_ELEMENTALS","floor":19,"turns":4},{"damage":11,"enemies":"Elementarium:VoidBeast","floor":20,"turns":6},{"damage":8,"enemies":"Slavers","floor":22,"turns":5},{"damage":32,"enemies":"Elementarium:FIRE_NOBILITY","floor":23,"turns":6},{"damage":6,"enemies":"Elementarium:VOID_CORRUPTION_AND_ORB_OF_FIRE","floor":24,"turns":4}],"seed_played":"1934204651499145768","potions_obtained":[{"floor":1.0,"key":"Strength Potion"},{"floor":4,"key":"BottledMiracle"},{"floor":5,"key":"Weak Potion"},{"floor":16,"key":"Elixir"},{"floor":19,"key":"FearPotion"},{"floor":20,"key":"Adrenaline Potion"}],"is_trial":false,"path_per_floor":["M","M","M","M","M","R","E","$","T","M","M","E","R","?","R","B",null,"M","M","M","$","?","E","M"],"character_chosen":"WATCHER","items_purchased":["LikeWater","Mirror"],"campfire_rested":1,"item_purchase_floors":[8,21],"current_hp_per_floor":[65,65,58,36,36,36,6,6,6,6,6,6,27,27,27,27,61,61,58,47,47,39,7,1,1],"gold":67,"neow_bonus":"RANDOM_COLORLESS","is_daily":false,"chose_seed":false,"campfire_upgraded":2,"win_rate":0.0,"timestamp":1608754983,"path_taken":["M","M","M","M","M","R","E","$","T","M","M","E","R","?","R","BOSS","M","M","M","$","?","E","M"],"items_purchased_type":["Card","Relic"],"build_version":"2020-12-22","purchased_purges":1,"victory":false,"max_hp_per_floor":[72,72,72,72,72,72,72,72,72,72,72,72,72,72,72,72,72,72,72,72,72,72,72,72,72],"card_choices":[{"not_picked":["ReplayTheSpireMod:Private Reserves","Replay:Parry"],"picked":"Jack Of All Trades","floor":0.0},{"not_picked":["SashWhip","Replay:ManipulateFuture"],"picked":"FollowUp","floor":1.0},{"not_picked":["CutThroughFate","Replay:DivineShield"],"picked":"BattleHymn","floor":2.0},{"not_picked":["SashWhip","Replay:Vibes"],"picked":"ClearTheMind","floor":3.0},{"not_picked":["SashWhip","Evaluate","DeceiveReality"],"picked":"SKIP","floor":4},{"not_picked":["BattleHymn","Adaptation"],"picked":"SandsOfTime","floor":5},{"not_picked":["CutThroughFate","Replay:BluntJabs"],"picked":"Protect","floor":7},{"not_picked":["Perseverance","Consecrate"],"picked":"Vault","floor":10},{"not_picked":["Evaluate","BattleHymn"],"picked":"Halt","floor":11},{"not_picked":["CarveReality","MarkedMod:GentlePulse","Halt"],"picked":"SKIP","floor":12},{"not_picked":["MarkedMod:NorthStar","Brilliance"],"picked":"Replay:LoomingThreat","floor":16},{"not_picked":["Pray+1","Crescendo","Replay:AtTheReady"],"picked":"SKIP","floor":18},{"not_picked":["Prostrate+1","EmptyBody","FlurryOfBlows"],"picked":"SKIP","floor":19},{"not_picked":["InnerPeace","MarkedMod:Acupuncture+1"],"picked":"Replay:LoomingThreat","floor":20},{"not_picked":["BowlingBash","Replay:AtTheReady"],"picked":"Meditate","floor":22},{"not_picked":["FollowUp","FlyingSleeves","FlurryOfBlows"],"picked":"SKIP","floor":23}],"player_experience":171382,"relics_obtained":[{"floor":7,"key":"Dream Catcher"},{"floor":9,"key":"Divine Protection"},{"floor":12,"key":"Replay:WaspNest"},{"floor":22,"key":"Darkstone Periapt"},{"floor":23,"key":"Prayer Wheel"}],"event_choices":[{"damage_healed":0,"gold_gain":0,"player_choice":"Enter","damage_taken":0,"max_hp_gain":0,"max_hp_loss":0,"event_name":"Elementarium:OtherworldlyPassage","floor":22,"gold_loss":0}],"is_beta":false,"boss_relics":[{"not_picked":["Snecko Eye","SacredBark"],"picked":"Fusion Hammer"}],"items_purged_floors":[8],"is_endless":false,"potions_floor_spawned":[1,4,5,16,19,20],"killed_by":"Elementarium:VOID_CORRUPTION_AND_ORB_OF_FIRE","ascension_level":10}}