{"host":"mq8ma9fwagsj51ix","time":1608712782,"event":{"mods":["2.2 Compatiblity","BaseMod","Downfall","Hermit","Hubris","Jorbs\u0027s Wanderer Trilogy","Minty Spire (QoL Compilation)","Replay The Spire","StSLib"],"gold_per_floor":[99,99,99,99,199,199,199,228,258,258,258],"floor_reached":9,"playtime":235,"items_purged":[],"score":47,"play_id":"890e7141-f8cc-459b-a8f2-296a481fdca5","local_time":"20201223023942","is_ascension_mode":false,"campfire_choices":[{"floor":1,"key":"RECALL"}],"circlet_count":0,"master_deck":["champ:Strike","champ:Strike","champ:Strike","champ:Strike","champ:Defend","champ:Defend","champ:Defend","champ:Execute+1","champ:Taunt","champ:CrookedStrike","champ:FaceSlap","champ:SteelEdge","champ:AdrenalArmor","champ:FocusedBerserking"],"relics":["champ:ChampionCrown","downfall:HeartsMalice","Ring of Fury","ReplayTheSpireMod:Ring of Challenge","hubris:Towel"],"acts_visited":["Exordium"],"potions_floor_usage":[],"damage_taken":[{"damage":0,"enemies":"Jaw Worm","floor":2,"turns":1},{"damage":0,"enemies":"2 Louse","floor":3,"turns":1},{"damage":0,"enemies":"downfall:Heads","floor":5,"turns":1},{"damage":4,"enemies":"Small Slimes","floor":8,"turns":2},{"damage":102,"enemies":"Gremlin Nob","floor":9,"turns":5}],"seed_played":"-5498210523749329748","potions_obtained":[],"is_trial":false,"path_per_floor":["R","M","M","?","?","?","T","M","E"],"character_chosen":"THE_CHAMP","items_purchased":[],"campfire_rested":0,"item_purchase_floors":[],"current_hp_per_floor":[90,90,90,90,90,90,90,88,0,0,0],"gold":258,"neow_bonus":"THREE_ENEMY_KILL","is_daily":false,"chose_seed":false,"campfire_upgraded":0,"win_rate":0.0,"timestamp":1608712782,"path_taken":["R","M","M","?","?","?","T","M","E"],"items_purchased_type":[],"build_version":"2020-12-22","purchased_purges":0,"victory":false,"max_hp_per_floor":[90,90,90,90,90,90,90,90,90,90,90],"card_choices":[{"not_picked":["champ:PerfectedStrike","champ:DefensiveShout"],"picked":"champ:CrookedStrike","floor":2},{"not_picked":["champ:DefensiveStyle","champ:EndlessRage"],"picked":"champ:FaceSlap","floor":3},{"not_picked":["champ:TornadoPunch","champ:Backstep"],"picked":"champ:AdrenalArmor","floor":5},{"not_picked":["champ:Backstep","champ:EnGarde"],"picked":"champ:FocusedBerserking","floor":8}],"player_experience":143432,"relics_obtained":[{"floor":4,"key":"Ring of Fury"},{"floor":4,"key":"ReplayTheSpireMod:Ring of Challenge"}],"event_choices":[],"is_beta":false,"boss_relics":[],"items_purged_floors":[],"is_endless":false,"potions_floor_spawned":[],"killed_by":"Gremlin Nob","ascension_level":0}}