{"host":"hy4dx9m5ts5ejy9f","time":1608702529,"event":{"mods":["A Magickal Journey","AchievementEnabler","BaseMod","BetterRewards","Colored Powertips","Friendly Minions","Hubris","Infinite Spire","Minty Spire (QoL Compilation)","Replay The Spire","Shop Mod","StSLib","The Animator"],"gold_per_floor":[127,146,146,146,246,273,292,309,356,369,386,414,414,425,425,524,524,534,545,545,258,287,312,312,312,337,362,362,27,27,43,43,43,43],"floor_reached":33,"playtime":3261,"items_purged":["ReplayTheSpireMod:Splinters"],"score":292,"play_id":"a37733bf-2505-4dad-b71c-607ea2da6b02","local_time":"20201222214849","is_ascension_mode":false,"campfire_choices":[{"floor":13,"key":"REST"},{"floor":24,"key":"REST"},{"floor":28,"key":"REST"}],"circlet_count":0,"master_deck":["animator:Strike_Fate+1","animator:Defend_Fate","animator:Strike+1","animator:Strike","animator:Defend+1","animator:Alexander","animator:Rider","animator:Archer","animator:Verdia+1","infinitespire:NeuralNetwork+1","animator:YaoHaDucy","animator:ShinjiMatou","animator:Kuribayashi","animator:YaoHaDucy","animator:Darkness","animator:Mitsurugi","animator:RoryMercury+1","animator:Hans","animator:Millim","animator:Cocytus","animator:Laby","animator:Raven","animator:Megumin+2","animator:Sebas+1","animator:SakuraMatou","animator:Illya","animator:Gilgamesh+1","infinitespire:Starlight","animator:Saber","animator:Kaijin","animator:Kaijin","animator:Souei+1"],"relics":["animator:LivingPicture","animator:TheMissingPiece","animator:PurgingStone","NeowsBlessing","Lizard Tail","CaptainsWheel","Velvet Choker","MerchantsRug","Red Mask","ReplayTheSpireMod:Shallot","Blue Doll","hubris:Potato"],"acts_visited":["Exordium","TheCity"],"potions_floor_usage":[11,16,16,31,31,33,33],"damage_taken":[{"damage":0,"enemies":"2 Louse","floor":1,"turns":1},{"damage":0,"enemies":"Cultist","floor":2,"turns":1},{"damage":0,"enemies":"3 Sentries","floor":6,"turns":2},{"damage":8,"enemies":"infinitespire:Voidling","floor":7,"turns":6},{"damage":6,"enemies":"Blue Slaver","floor":8,"turns":5},{"damage":7,"enemies":"3 Louse","floor":10,"turns":4},{"damage":23,"enemies":"Exordium Thugs","floor":11,"turns":8},{"damage":3,"enemies":"Large Slime","floor":14,"turns":8},{"damage":30,"enemies":"Fading Forest","floor":16,"turns":11},{"damage":14,"enemies":"Shell Parasite","floor":18,"turns":8},{"damage":10,"enemies":"Spheric Guardian","floor":19,"turns":5},{"damage":28,"enemies":"Masked Bandits","floor":22,"turns":5},{"damage":10,"enemies":"Replay:Snechameleon","floor":23,"turns":7},{"damage":11,"enemies":"Cultist and Chosen","floor":27,"turns":6},{"damage":3,"enemies":"Centurion and Healer","floor":31,"turns":6},{"damage":120,"enemies":"Champ","floor":33,"turns":14}],"seed_played":"2578575306811410086","potions_obtained":[{"floor":1,"key":"Energy Potion"},{"floor":6,"key":"SmokeBomb"},{"floor":7,"key":"BlessingOfTheForge"},{"floor":11,"key":"SpeedPotion"},{"floor":16,"key":"SteroidPotion"},{"floor":27,"key":"Fire Potion"},{"floor":31,"key":"Fire Potion"}],"is_trial":false,"path_per_floor":["M","M","?","?","?","E","M","M","T","M","M","?","R","M","R","B",null,"M","M","?","$","?","E","R","AVR","T","M","R","$","?","M","R","B"],"character_chosen":"THE_ANIMATOR","items_purchased":["MerchantsRug","animator:Laby","animator:Raven","hubris:Potato","animator:Kaijin","animator:Souei+1","SkillPotion","Swift Potion"],"campfire_rested":3,"item_purchase_floors":[21,21,21,29,29,29,29,29],"current_hp_per_floor":[66,66,51,51,51,51,48,42,42,35,12,12,32,29,49,29,67,53,43,43,43,15,5,25,25,25,24,44,44,44,51,67,0,0],"gold":43,"neow_bonus":"THREE_ENEMY_KILL","is_daily":false,"chose_seed":false,"campfire_upgraded":0,"win_rate":0.0,"timestamp":1608702529,"path_taken":["M","M","?","?","?","E","M","?","T","?","M","?","R","M","R","BOSS","M","M","?","?","?","E","R","AVR","T","M","R","$","?","M","R","BOSS"],"items_purchased_type":["Relic","Card","Card","Relic","Card","Card","Potion","Potion"],"build_version":"2020-12-22","purchased_purges":1,"victory":false,"max_hp_per_floor":[66,66,66,66,66,66,67,67,67,67,67,67,67,67,67,67,67,67,67,67,67,67,67,67,67,67,67,67,67,67,67,67,67,67],"card_choices":[{"not_picked":["animator:Jibril","animator:Bozes"],"picked":"animator:Archer","floor":1},{"not_picked":["animator:Mitsurugi","animator:Gillette"],"picked":"animator:Verdia","floor":2},{"not_picked":["infinitespire:Oblivion","hubris:InfiniteBlow"],"picked":"infinitespire:NeuralNetwork","floor":3},{"not_picked":["animator:Aqua","animator:FielNirvalen"],"picked":"animator:YaoHaDucy","floor":6},{"not_picked":["animator:Rider","animator:Berserker"],"picked":"animator:ShinjiMatou","floor":7},{"not_picked":["animator:YaoHaDucy","animator:AcuraShin"],"picked":"animator:Kuribayashi","floor":8},{"not_picked":["animator:DolaCouronne","animator:ChaikaBohdan"],"picked":"animator:YaoHaDucy","floor":10},{"not_picked":["animator:RinTohsaka","animator:Melzalgald"],"picked":"animator:Darkness","floor":11},{"not_picked":["animator:PandorasActor","animator:Caster"],"picked":"animator:Mitsurugi","floor":12},{"not_picked":["animator:TukaLunaMarceau","animator:Bozes"],"picked":"animator:RoryMercury","floor":14},{"not_picked":["animator:Ainz","animator:Saitama"],"picked":"animator:Hans","floor":16},{"not_picked":["animator:Sonic+1","animator:ShinjiMatou"],"picked":"animator:Millim","floor":18},{"not_picked":["animator:SilverFang","animator:ChlammyZell"],"picked":"animator:Cocytus","floor":19},{"not_picked":["animator:Vanir","animator:Tyuule"],"picked":"animator:Megumin+1","floor":22},{"not_picked":["animator:Boros","animator:Ain"],"picked":"animator:Sebas+1","floor":23},{"not_picked":["animator:Lancer","animator:Assassin"],"picked":"animator:Saber","floor":27},{"not_picked":["animator:Shion","animator:Aqua","animator:RoryMercury+1"],"picked":"SKIP","floor":31}],"player_experience":25287,"relics_obtained":[{"floor":6,"key":"Lizard Tail"},{"floor":12,"key":"CaptainsWheel"},{"floor":22,"key":"Red Mask"},{"floor":23,"key":"ReplayTheSpireMod:Shallot"},{"floor":26,"key":"Blue Doll"}],"event_choices":[{"damage_healed":0,"gold_gain":100,"player_choice":"Pray","damage_taken":0,"max_hp_gain":0,"max_hp_loss":0,"event_name":"Golden Shrine","floor":5,"gold_loss":0},{"damage_healed":0,"gold_gain":0,"player_choice":"Upgraded","damage_taken":0,"max_hp_gain":0,"max_hp_loss":0,"event_name":"Upgrade Shrine","floor":20,"gold_loss":0,"cards_upgraded":["infinitespire:NeuralNetwork"]},{"damage_healed":0,"gold_gain":0,"player_choice":"Fought Bandits","damage_taken":0,"max_hp_gain":0,"max_hp_loss":0,"event_name":"Masked Bandits","floor":22,"gold_loss":0}],"is_beta":false,"boss_relics":[{"not_picked":["hubris:RunicObelisk","Ring of Chaos"],"picked":"Velvet Choker"}],"items_purged_floors":[21],"is_endless":false,"potions_floor_spawned":[1,6,7,11,14,16,27,31],"killed_by":"Champ","ascension_level":0}}