{"host":"diy71vlueofrnn1o","time":1608754066,"event":{"mods":["2.2 Compatiblity","AchievementEnabler","BaseMod","Best Route Mod","Colored Map","Curses Come First","DeckTracker","Minty Spire (QoL Compilation)","Quick Restart","Rare Cards Sparkle","StSLib","SuperFastMode"],"gold_per_floor":[117,117,16,16,41,81,81,81,81],"floor_reached":8,"playtime":235,"items_purged":["Injury"],"score":73,"play_id":"b5c292a1-e8f3-4818-a379-7e7ccb980b3d","local_time":"20201223210746","is_ascension_mode":true,"campfire_choices":[{"data":"Neutralize","floor":7,"key":"SMITH"}],"circlet_count":0,"master_deck":["Strike_G","Strike_G","Strike_G","Strike_G","Defend_G","Defend_G","Defend_G","Defend_G","Defend_G","Survivor","Neutralize+1","CurseOfTheBell","Flying Knee","Prepared","Blade Dance","Quick Slash"],"relics":["Calling Bell","Akabeko","Ninja Scroll","Calipers","Golden Idol","CeramicFish"],"acts_visited":["Exordium"],"potions_floor_usage":[],"damage_taken":[{"damage":0,"enemies":"Jaw Worm","floor":1,"turns":2},{"damage":0,"enemies":"Small Slimes","floor":5,"turns":2},{"damage":43,"enemies":"Lagavulin","floor":6,"turns":7},{"damage":13,"enemies":"Gremlin Nob","floor":8,"turns":2}],"seed_played":"3418878582253748369","potions_obtained":[],"is_trial":false,"path_per_floor":["M","?","$","?","M","E","R","E"],"character_chosen":"THE_SILENT","items_purchased":["Prepared"],"campfire_rested":0,"item_purchase_floors":[3],"current_hp_per_floor":[63,63,63,56,56,13,13,0,0],"gold":81,"neow_bonus":"BOSS_RELIC","is_daily":false,"chose_seed":false,"campfire_upgraded":1,"win_rate":0.0,"timestamp":1608754066,"path_taken":["M","?","$","?","M","E","R","E"],"items_purchased_type":["Card"],"build_version":"2020-12-22","purchased_purges":1,"victory":false,"max_hp_per_floor":[70,70,70,70,70,70,70,70,70],"card_choices":[{"not_picked":["Prepared","Quick Slash"],"picked":"Flying Knee","floor":1},{"not_picked":["PiercingWail","Dodge and Roll"],"picked":"Blade Dance","floor":5},{"not_picked":["Acrobatics","Bane"],"picked":"Quick Slash","floor":6}],"player_experience":382401,"relics_obtained":[{"floor":0,"key":"Akabeko"},{"floor":0,"key":"Ninja Scroll"},{"floor":0,"key":"Calipers"},{"floor":6,"key":"CeramicFish"}],"event_choices":[{"damage_healed":0,"gold_gain":0,"player_choice":"Take Wound","damage_taken":0,"relics_obtained":["Golden Idol"],"max_hp_gain":0,"max_hp_loss":0,"event_name":"Golden Idol","floor":2,"gold_loss":0,"cards_obtained":["Injury"]},{"cards_removed":["Strike_G"],"damage_healed":0,"gold_gain":0,"player_choice":"Card Removal","damage_taken":7,"max_hp_gain":0,"max_hp_loss":0,"event_name":"Golden Wing","floor":4,"gold_loss":0}],"is_beta":false,"boss_relics":[],"items_purged_floors":[3],"is_endless":false,"potions_floor_spawned":[],"killed_by":"Gremlin Nob","ascension_level":7}}