{"host":"qw1m3zcvi888b4j7","time":1608707430,"event":{"mods":["AchievementEnabler","Act Like it!","BaseMod","Block Reminder","Colored Map","Colored Powertips","Curses Come First","DeckTracker","Hermit","Highlight Path","Hubris","Minty Spire (QoL Compilation)","Quick Restart","Rare Cards Sparkle","Relic Sorter","Relic Stats","Replay The Spire","StSLib","SuperFastMode","The Blue Laboratory","The Cursed","The Servant 0.9.4","everything is the same but u backflip on backflip"],"gold_per_floor":[369,381,381,17,17,17,48,48,117,136,165,0,13,131,131,128,128,34,34,45,65,85,85,4,4,4,30,43,43,43],"floor_reached":29,"playtime":1129,"items_purged":["Pain","hubris:Envy"],"score":540,"play_id":"2c1593bd-c7f9-4445-8ecf-4eafd9b52099","local_time":"20201223081030","is_ascension_mode":true,"campfire_choices":[{"floor":6,"key":"RECALL"},{"data":"Flex","floor":8,"key":"SMITH"},{"data":"Apotheosis","floor":15,"key":"SMITH"},{"data":"Body Slam","floor":23,"key":"SMITH"},{"data":"Eclipse","floor":25,"key":"SMITH"}],"circlet_count":0,"master_deck":["Strike_R","Strike_R+1","Strike_R","Strike_R","Strike_R","Defend_R","Defend_R","Defend_R","Defend_R","Bash","hubris:SharpeningStone","Sword Boomerang","Flex+1","Twin Strike","Carnage","Body Slam+1","hubris:ReadiedAction","Entrench","ReplayTheSpireMod:IOU","ReplayTheSpireMod:IOU","ReplayTheSpireMod:IOU","ReplayTheSpireMod:IOU","ReplayTheSpireMod:IOU","ReplayTheSpireMod:IOU","ReplayTheSpireMod:IOU","ReplayTheSpireMod:IOU","ReplayTheSpireMod:IOU","ReplayTheSpireMod:IOU","Headbutt","Headbutt","Searing Blow","Rage","Evolve","Replay:Parry","True Grit","Apotheosis+1","ReplayTheSpireMod:IOU","ReplayTheSpireMod:IOU","ReplayTheSpireMod:IOU","Eclipse+1","Heavy Blade+1","Reaper","Bash","True Grit+1","Shrug It Off+1","hubris:ReadiedAction+1","ReplayTheSpireMod:IOU","ReplayTheSpireMod:IOU","ReplayTheSpireMod:IOU","ReplayTheSpireMod:IOU","ReplayTheSpireMod:IOU","ReplayTheSpireMod:IOU","ReplayTheSpireMod:IOU","Flex","ReplayTheSpireMod:IOU","Fire Breathing","Replay:Undeath\u0027s Touch","Anger","ReplayTheSpireMod:IOU","True Grit","ReplayTheSpireMod:IOU","Magnetism","hubris:DuctTapeCard","hubris:CleavingFinish","ReplayTheSpireMod:IOU","ReplayTheSpireMod:IOU","ReplayTheSpireMod:IOU","ReplayTheSpireMod:IOU","Second Wind","Second Wind","ReplayTheSpireMod:IOU","Combust"],"relics":["Burning Blood","Replay:Wax Seal","Turnip","WarpedTongs","hubris:MysteriousPyramids","Onion Ring","hubris:CuriousFeather","Centennial Puzzle","hubris:DeckOfHolding","Chemical X","Replay:Bronze Core","White Beast Statue","Thread and Needle","hubris:DuctTape","Ice Cream","Omamori","ClockworkSouvenir","Sundial"],"acts_visited":["Exordium","TheCity"],"potions_floor_usage":[7,11,16,16,16,21,22],"damage_taken":[{"damage":2,"enemies":"Small Slimes","floor":1,"turns":5},{"damage":6,"enemies":"Cultist","floor":2,"turns":4},{"damage":21,"enemies":"3 Sentries","floor":7,"turns":8},{"damage":0,"enemies":"Jaw Worm","floor":10,"turns":1},{"damage":2,"enemies":"Gremlin Nob","floor":11,"turns":2},{"damage":6,"enemies":"Large Slime","floor":13,"turns":4},{"damage":41,"enemies":"Hexaghost","floor":16,"turns":9},{"damage":10,"enemies":"2 Thieves","floor":18,"turns":5},{"damage":15,"enemies":"Shell Parasite","floor":20,"turns":3},{"damage":6,"enemies":"Cultist and Chosen","floor":21,"turns":6},{"damage":38,"enemies":"Sentry and Sphere","floor":22,"turns":11},{"damage":55,"enemies":"Gremlin Leader","floor":27,"turns":6},{"damage":44,"enemies":"Book of Stabbing","floor":29,"turns":4}],"seed_played":"-8951917463776412613","potions_obtained":[{"floor":1,"key":"DistilledChaos"},{"floor":10,"key":"blueLaboratory:ImpenetrablePotion"},{"floor":18,"key":"Weak Potion"},{"floor":21,"key":"BloodPotion"},{"floor":27,"key":"blueLaboratory:EnragingPotion"}],"is_trial":false,"path_per_floor":["M","M","?","$","?","R","E","R","T","M","E","$","M","$","R","B",null,"M","?","M","M","M","R","$","R","T","E","$","E"],"character_chosen":"IRONCLAD","items_purchased":["Turnip","Sword Boomerang","Flex","Replay:Wax Seal","Metallicize","hubris:ReadiedAction","Centennial Puzzle","hubris:DeckOfHolding","Chemical X","Headbutt","Searing Blow","Rage","Evolve","Replay:Parry","True Grit","Apotheosis","LiquidBronze","blueLaboratory:PhilterOfMotion","ColorlessPotion","White Beast Statue","Thread and Needle","Flex","Fire Breathing","Replay:Undeath\u0027s Touch","Anger","True Grit","Magnetism","Omamori","ClockworkSouvenir","Sundial","Second Wind","Combust"],"campfire_rested":0,"item_purchase_floors":[4,4,4,12,12,12,14,14,14,14,14,14,14,14,14,14,14,14,14,24,24,24,24,24,24,24,24,28,28,28,28,28],"current_hp_per_floor":[60,60,60,60,60,60,45,45,45,51,55,55,55,55,55,20,80,76,76,67,80,64,64,64,64,64,41,41,0,0],"gold":43,"neow_bonus":"TWO_FIFTY_GOLD","is_daily":false,"chose_seed":false,"campfire_upgraded":4,"win_rate":0.0,"timestamp":1608707430,"path_taken":["M","M","?","$","?","R","E","R","T","?","E","$","?","$","R","BOSS","M","?","M","?","M","R","$","R","T","E","?","E"],"items_purchased_type":["Relic","Card","Card","Relic","Card","Card","Relic","Relic","Relic","Card","Card","Card","Card","Card","Card","Card","Potion","Potion","Potion","Relic","Relic","Card","Card","Card","Card","Card","Card","Relic","Relic","Relic","Card","Card"],"build_version":"2020-12-13","purchased_purges":2,"victory":false,"max_hp_per_floor":[80,80,80,80,80,80,80,80,80,80,80,80,80,80,80,80,80,80,80,80,80,80,80,80,80,80,80,80,80,80],"relic_stats":{"Centennial Puzzle":[22],"counters":[13,68],"Sundial":[0],"Turnip":[5],"Chemical X":[1],"obtain_stats":[{"Ice Cream":27,"hubris:DuctTape":26,"Thread and Needle":24,"Omamori":28,"hubris:MysteriousPyramids":7,"Burning Blood":0,"White Beast Statue":24,"WarpedTongs":5,"ClockworkSouvenir":28,"Centennial Puzzle":14,"Sundial":28,"Replay:Bronze Core":17,"Onion Ring":9,"hubris:DeckOfHolding":14,"Turnip":4,"hubris:CuriousFeather":11,"Chemical X":14,"Replay:Wax Seal":12},{"Ice Cream":12,"hubris:DuctTape":11,"Thread and Needle":11,"Omamori":12,"hubris:MysteriousPyramids":3,"Burning Blood":0,"White Beast Statue":11,"WarpedTongs":2,"ClockworkSouvenir":12,"Centennial Puzzle":6,"Sundial":12,"Replay:Bronze Core":7,"Onion Ring":3,"hubris:DeckOfHolding":6,"Turnip":2,"hubris:CuriousFeather":5,"Chemical X":6,"Replay:Wax Seal":5},{"Ice Cream":64,"hubris:DuctTape":58,"Thread and Needle":58,"Omamori":64,"hubris:MysteriousPyramids":17,"Burning Blood":0,"White Beast Statue":58,"WarpedTongs":9,"ClockworkSouvenir":64,"Centennial Puzzle":24,"Sundial":64,"Replay:Bronze Core":33,"Onion Ring":17,"hubris:DeckOfHolding":24,"Turnip":9,"hubris:CuriousFeather":20,"Chemical X":24,"Replay:Wax Seal":20}],"Burning Blood":66,"WarpedTongs":[50]},"card_choices":[{"not_picked":["Clothesline","ReplayTheSpireMod:LeadingStrike"],"picked":"Metallicize","floor":1},{"not_picked":["Cleave","Perfected Strike"],"picked":"hubris:SharpeningStone","floor":2},{"not_picked":["Iron Wave","Shockwave"],"picked":"Twin Strike","floor":7},{"not_picked":["Ghostly Armor","Armaments"],"picked":"Carnage","floor":10},{"not_picked":["Metallicize","Headbutt"],"picked":"Body Slam","floor":11},{"not_picked":["Clothesline","Berserk"],"picked":"Entrench","floor":13},{"not_picked":["Demon Form","Reaper"],"picked":"Eclipse","floor":16},{"not_picked":["Iron Wave","Warcry"],"picked":"Heavy Blade+1","floor":18},{"not_picked":["Thunderclap","Body Slam"],"picked":"True Grit+1","floor":20},{"not_picked":["Heavy Blade","Pommel Strike"],"picked":"Shrug It Off+1","floor":21},{"not_picked":["ReplayTheSpireMod:Strike From Hell","Demon Form"],"picked":"hubris:ReadiedAction+1","floor":22},{"not_picked":["Dual Wield+1","Sword Boomerang"],"picked":"hubris:CleavingFinish","floor":27}],"player_experience":126172,"relics_obtained":[{"floor":7,"key":"hubris:MysteriousPyramids"},{"floor":9,"key":"Onion Ring"},{"floor":11,"key":"hubris:CuriousFeather"},{"floor":26,"key":"hubris:DuctTape"},{"floor":27,"key":"Ice Cream"}],"event_choices":[{"damage_healed":0,"gold_gain":0,"player_choice":"Rummage","damage_taken":0,"relics_obtained":["WarpedTongs"],"max_hp_gain":0,"max_hp_loss":0,"event_name":"Accursed Blacksmith","floor":5,"gold_loss":0,"cards_obtained":["Pain"]},{"damage_healed":0,"gold_gain":0,"player_choice":"3 cards matched","damage_taken":0,"max_hp_gain":0,"max_hp_loss":0,"event_name":"Match and Keep!","floor":19,"gold_loss":0,"cards_obtained":["Reaper","hubris:Envy","Bash"]}],"is_beta":false,"boss_relics":[{"not_picked":["Runic Pyramid","Sozu"],"picked":"Replay:Bronze Core"}],"items_purged_floors":[14,24],"is_endless":false,"potions_floor_spawned":[1,10,18,21,27],"killed_by":"Book of Stabbing","ascension_level":1}}