{"host":"ju66gn9zov5ov15o","time":1608731657,"event":{"mods":["2.2 Compatiblity","Act Like it!","BaseMod","Downfall","GifTheSpireLib","Minty Spire (QoL Compilation)","Pale of the Ancients","StSLib"],"gold_per_floor":[99,549,549,567,567,593,620,633,558,76,89,108,128,156,175,175,175,175],"floor_reached":16,"playtime":693,"items_purged":["Slimebound:Icky"],"score":112,"play_id":"86810e56-484c-4b54-b3d0-4c9cdc07bb7f","local_time":"20201223145417","is_ascension_mode":false,"campfire_choices":[{"floor":1,"key":"RECALL"},{"data":"champ:PreciseThrust","floor":9,"key":"SMITH"}],"circlet_count":0,"master_deck":["champ:Strike","champ:Strike","champ:Strike","champ:Strike","champ:Defend","champ:Defend","champ:Defend","champ:Defend","champ:Execute","champ:Taunt","champ:SwordThrow","champ:StanceDance","champ:FanOfKnives","champ:PreciseThrust+1","champ:Encircle","champ:Shatter","Violence","champ:ShieldWall","champ:BerserkersShout","champ:VampiricStrike","champ:ViciousMockery","champ:DefensiveStyle"],"relics":["champ:ChampionCrown","Question Card","Omamori","downfall:HeartBlessingRed","Membership Card","champ:GladiatorsBookOfMartialProwess","Juzu Bracelet"],"acts_visited":["Exordium"],"potions_floor_usage":[10,14,16],"damage_taken":[{"damage":6,"enemies":"Cultist","floor":4,"turns":4},{"damage":44,"enemies":"Lagavulin","floor":6,"turns":9},{"damage":12,"enemies":"Jaw Worm","floor":8,"turns":5},{"damage":0,"enemies":"downfall:FleeingMerchant","floor":10,"turns":4},{"damage":2,"enemies":"2 Louse","floor":11,"turns":2},{"damage":3,"enemies":"Lots of Slimes","floor":12,"turns":2},{"damage":7,"enemies":"Large Slime","floor":13,"turns":3},{"damage":23,"enemies":"3 Sentries","floor":14,"turns":5},{"damage":11,"enemies":"3 Louse","floor":15,"turns":3},{"damage":25,"enemies":"downfall:Ironclad","floor":16,"turns":3}],"seed_played":"-6951457621069087703","potions_obtained":[{"floor":6,"key":"AttackPotion"},{"floor":13,"key":"Block Potion"},{"floor":15,"key":"BlessingOfTheForge"}],"is_trial":false,"path_per_floor":["R","?","?","M","?","E","T","M","R","$","M","M","M","E","M","B"],"character_chosen":"THE_CHAMP","items_purchased":["Membership Card","champ:GladiatorsBookOfMartialProwess","champ:Shatter","Violence"],"campfire_rested":0,"item_purchase_floors":[10,10,10,10],"current_hp_per_floor":[81,81,81,80,80,47,47,38,38,38,38,35,35,20,14,0,0,0],"gold":175,"neow_bonus":"THREE_RARE_CARDS","is_daily":false,"chose_seed":false,"campfire_upgraded":1,"win_rate":0.0,"timestamp":1608731657,"path_taken":["R","?","?","M","?","E","T","M","R","$","M","M","M","E","M","BOSS"],"items_purchased_type":["Relic","Relic","Card","Card"],"build_version":"2020-12-22","purchased_purges":1,"victory":false,"max_hp_per_floor":[81,81,81,81,81,81,81,81,81,81,81,81,81,81,81,81,81,81],"card_choices":[{"not_picked":["champ:CrownThrow","champ:StrikeOfGenius"],"picked":"champ:SwordThrow","floor":0},{"not_picked":["champ:FocusedGladiator","champ:FlashCut"],"picked":"champ:StanceDance","floor":4},{"not_picked":["champ:DefensiveShout","champ:Duel"],"picked":"champ:FanOfKnives","floor":6},{"not_picked":["champ:Control","champ:EnragedBash","champ:AdrenalArmor"],"picked":"champ:PreciseThrust","floor":8},{"not_picked":["champ:StanceDance","champ:BladeFlurry","champ:ArenaPreparation"],"picked":"champ:Encircle","floor":10},{"not_picked":["champ:GutPunch","champ:HeartStrike","champ:StanceDance"],"picked":"champ:ShieldWall","floor":11},{"not_picked":["champ:PerfectedStrike","champ:Duel","champ:CalledShot"],"picked":"champ:BerserkersShout","floor":12},{"not_picked":["champ:GutPunch","champ:DefensiveShout","champ:EnGarde"],"picked":"champ:VampiricStrike","floor":13},{"not_picked":["champ:Control","champ:StanceDance","champ:BringItOn"],"picked":"champ:ViciousMockery","floor":14},{"not_picked":["champ:EnragedBash","champ:CrookedStrike","champ:GladiatorsShout"],"picked":"champ:DefensiveStyle","floor":15}],"player_experience":194590,"relics_obtained":[{"floor":6,"key":"Question Card"},{"floor":7,"key":"Omamori"},{"floor":14,"key":"Juzu Bracelet"}],"event_choices":[{"cards_removed":["Slimebound:Icky"],"damage_healed":0,"gold_gain":0,"player_choice":"Card Removal","damage_taken":0,"max_hp_gain":0,"max_hp_loss":0,"event_name":"The Cleric","floor":3,"gold_loss":0},{"cards_removed":["Slimebound:Icky"],"damage_healed":0,"gold_gain":0,"player_choice":"Forget","damage_taken":0,"max_hp_gain":0,"max_hp_loss":0,"event_name":"Living Wall","floor":5,"gold_loss":0}],"is_beta":false,"boss_relics":[],"items_purged_floors":[10],"is_endless":false,"potions_floor_spawned":[6,13,15],"killed_by":"downfall:Ironclad","ascension_level":0}}