{"host":"a1eatafr7pisesky","time":1608720311,"event":{"mods":["BaseMod","Colored Map","DeckTracker","Highlight Path","Keyboard Shortcuts","Minty Spire (QoL Compilation)","Permanent Neow","Random Character Button","StSLib","SuperFastMode"],"gold_per_floor":[115,128,228,241,253,280,294,234,234,234,31,42,62,74,74,175,175,187,112,112,126,6,6,39,39,39,55,86,86,86,86],"floor_reached":30,"playtime":779,"items_purged":["Strike_R","Strike_R"],"score":408,"play_id":"48a80532-2b91-4308-b665-59aa07dee182","local_time":"20201223194511","is_ascension_mode":true,"campfire_choices":[{"floor":10.0,"key":"REST"},{"data":"Immolate","floor":15.0,"key":"SMITH"},{"data":"Feel No Pain","floor":23.0,"key":"SMITH"},{"floor":25.0,"key":"DIG"}],"circlet_count":0,"master_deck":["AscendersBane","Strike_R","Strike_R","Defend_R","Defend_R","Defend_R","Defend_R","Bash","Demon Form","Hemokinesis","Shrug It Off","Uppercut","Shrug It Off","Bloodletting","Blood for Blood","Immolate+1","Reaper","Feel No Pain+1","Barricade","Battle Trance+1","Fire Breathing","Hemokinesis+1"],"relics":["Burning Blood","The Courier","Self Forming Clay","SlaversCollar","Lee\u0027s Waffle","Shovel","White Beast Statue","Molten Egg 2","Smiling Mask"],"acts_visited":["Exordium","TheCity"],"potions_floor_usage":[30],"damage_taken":[{"damage":19.0,"enemies":"Jaw Worm","floor":1.0,"turns":5.0},{"damage":3.0,"enemies":"Cultist","floor":2.0,"turns":3.0},{"damage":3.0,"enemies":"Small Slimes","floor":4.0,"turns":4.0},{"damage":15.0,"enemies":"Blue Slaver","floor":5.0,"turns":2.0},{"damage":46.0,"enemies":"3 Sentries","floor":6.0,"turns":10.0},{"damage":13.0,"enemies":"Exordium Wildlife","floor":7.0,"turns":6.0},{"damage":0.0,"enemies":"3 Louse","floor":12.0,"turns":2.0},{"damage":13.0,"enemies":"2 Fungi Beasts","floor":13.0,"turns":4.0},{"damage":11.0,"enemies":"Exordium Wildlife","floor":14.0,"turns":4.0},{"damage":23.0,"enemies":"The Guardian","floor":16.0,"turns":9.0},{"damage":40.0,"enemies":"Spheric Guardian","floor":18.0,"turns":7.0},{"damage":7.0,"enemies":"Chosen","floor":21.0,"turns":6.0},{"damage":53.0,"enemies":"Slavers","floor":24.0,"turns":6.0},{"damage":44.0,"enemies":"Centurion and Healer","floor":27.0,"turns":8.0},{"damage":30.0,"enemies":"Book of Stabbing","floor":28.0,"turns":6.0},{"damage":21,"enemies":"Slavers","floor":30,"turns":1}],"seed_played":"7046153549047413078","potions_obtained":[{"floor":1.0,"key":"ColorlessPotion"},{"floor":12.0,"key":"ElixirPotion"},{"floor":14.0,"key":"SpeedPotion"},{"floor":18.0,"key":"DistilledChaos"},{"floor":28.0,"key":"SkillPotion"}],"is_trial":false,"path_per_floor":["M","M","?","M","M","E","M","$","T","R","$","M","M","M","R","B",null,"M","?","?","M","$","R","E","R","T","M","E","T","E"],"character_chosen":"IRONCLAD","items_purchased":["Immolate","Lee\u0027s Waffle"],"campfire_rested":1,"item_purchase_floors":[11,22],"current_hp_per_floor":[59,62,62,65,56,16,9,9,9,33,33,39,32,35,35,18,65,31,31,16,15,92,92,63,63,63,33,9,9,0,0],"gold":86,"neow_bonus":"ONE_RANDOM_RARE_CARD","is_daily":false,"chose_seed":false,"campfire_upgraded":2,"win_rate":0.0,"timestamp":1608720311,"path_taken":["M","M","?","M","M","E","M","?","T","R","$","M","M","M","R","BOSS","M","?","?","M","?","R","E","R","T","M","E","?","E"],"items_purchased_type":["Card","Relic"],"build_version":"2020-12-22","purchased_purges":2,"victory":false,"max_hp_per_floor":[80,80,80,80,80,80,80,80,80,80,80,80,80,80,80,80,80,80,80,85,85,92,92,92,92,92,92,92,92,92,92],"card_choices":[{"not_picked":["Second Wind","Heavy Blade"],"picked":"Hemokinesis","floor":1.0},{"not_picked":["Ghostly Armor","Bloodletting"],"picked":"Shrug It Off","floor":2.0},{"not_picked":["Spot Weakness","Perfected Strike"],"picked":"Uppercut","floor":4.0},{"not_picked":["Thunderclap","Perfected Strike"],"picked":"Shrug It Off","floor":5.0},{"not_picked":["Combust","Dual Wield"],"picked":"Bloodletting","floor":6.0},{"not_picked":["Metallicize","Wild Strike"],"picked":"Blood for Blood","floor":7.0},{"not_picked":["Disarm","Headbutt"],"picked":"Reaper","floor":12.0},{"not_picked":["Reckless Charge","Perfected Strike","Heavy Blade"],"picked":"SKIP","floor":13.0},{"not_picked":["Heavy Blade","Metallicize"],"picked":"Feel No Pain","floor":14.0},{"not_picked":["Berserk","Bludgeon"],"picked":"Barricade","floor":16.0},{"not_picked":["Sword Boomerang+1","True Grit","Perfected Strike"],"picked":"SKIP","floor":18.0},{"not_picked":["Heavy Blade+1","Fiend Fire"],"picked":"Battle Trance+1","floor":21.0},{"not_picked":["Sever Soul","Seeing Red","Flame Barrier"],"picked":"SKIP","floor":24.0},{"not_picked":["Warcry","Heavy Blade"],"picked":"Fire Breathing","floor":27.0},{"not_picked":["Havoc","Armaments"],"picked":"Hemokinesis+1","floor":28.0}],"player_experience":239711,"relics_obtained":[{"floor":6.0,"key":"The Courier"},{"floor":9.0,"key":"Self Forming Clay"},{"floor":24.0,"key":"Shovel"},{"floor":25.0,"key":"White Beast Statue"},{"floor":28.0,"key":"Molten Egg 2"},{"floor":29.0,"key":"Smiling Mask"}],"event_choices":[{"damage_healed":0.0,"max_hp_gain":0.0,"max_hp_loss":0.0,"gold_gain":100.0,"event_name":"Golden Shrine","player_choice":"Pray","floor":3.0,"gold_loss":0.0,"damage_taken":0.0},{"cards_removed":["Strike_R"],"damage_healed":0.0,"max_hp_gain":0.0,"max_hp_loss":0.0,"gold_gain":0.0,"event_name":"Beggar","player_choice":"Gave Gold","floor":19.0,"gold_loss":75.0,"damage_taken":0.0},{"damage_healed":0.0,"max_hp_gain":5.0,"max_hp_loss":0.0,"gold_gain":0.0,"event_name":"Forgotten Altar","player_choice":"Shed Blood","floor":20.0,"gold_loss":0.0,"damage_taken":20.0}],"is_beta":false,"boss_relics":[{"not_picked":["Busted Crown","Velvet Choker"],"picked":"SlaversCollar"}],"items_purged_floors":[8,11],"is_endless":false,"potions_floor_spawned":[1,12,14,18,24,27,28],"killed_by":"Slavers","ascension_level":10}}