{"host":"2461dio7vetlq1z3","time":1608766241,"event":{"mods":["2.2 Compatiblity","AchievementEnabler","Aspiration","BaseMod","Better Third Choice","Hermit","Marisa????????","Minty Spire (QoL Compilation)","Relic Stats","Spicy Shops","StSLib","The Runesmith","Waifu the Spire"],"gold_per_floor":[119,135,100,111,128,154,154,171,218,244,244,244,244,244],"floor_reached":13,"playtime":531,"items_purged":[],"score":181,"play_id":"63c5b693-1a17-49b8-816e-31b669e7c898","local_time":"20201224003041","is_ascension_mode":true,"campfire_choices":[{"floor":7,"key":"REST"},{"data":"Defragment","floor":11,"key":"SMITH"}],"circlet_count":0,"master_deck":["AscendersBane","Strike_B","Strike_B","Strike_B","Strike_B","Defend_B","Defend_B","Defend_B","Defend_B","Zap","Dualcast","Coolheaded","Melter","Sweeping Beam","Seek","Cold Snap","Defragment+1","aspiration:Polymerization+1"],"relics":["Velvet Choker","Nunchaku","Art of War","Toxic Egg 2","Golden Idol"],"acts_visited":["Exordium"],"potions_floor_usage":[6,6,10],"damage_taken":[{"damage":7,"enemies":"Jaw Worm","floor":1,"turns":4},{"damage":0,"enemies":"2 Louse","floor":2,"turns":2},{"damage":0,"enemies":"Small Slimes","floor":4,"turns":4},{"damage":14,"enemies":"Blue Slaver","floor":5,"turns":4},{"damage":29,"enemies":"3 Sentries","floor":6,"turns":12},{"damage":2,"enemies":"Red Slaver","floor":8,"turns":4},{"damage":4,"enemies":"Lagavulin","floor":10,"turns":7},{"damage":51,"enemies":"Gremlin Nob","floor":13,"turns":4}],"seed_played":"5978144805085167819","potions_obtained":[{"floor":2,"key":"BlessingOfTheForge"},{"floor":5,"key":"BlessingOfTheForge"},{"floor":6,"key":"DistilledChaos"}],"is_trial":false,"path_per_floor":["M","M","?","M","M","E","R","M","T","E","R","?","E"],"character_chosen":"DEFECT","items_purchased":[],"campfire_rested":1,"item_purchase_floors":[],"current_hp_per_floor":[57,57,71,71,57,28,49,47,47,43,43,43,0,0],"gold":244,"neow_bonus":"BOSS_RELIC","is_daily":false,"chose_seed":false,"campfire_upgraded":1,"win_rate":0.0,"timestamp":1608766241,"path_taken":["M","M","?","M","M","E","R","M","T","E","R","?","E"],"items_purchased_type":[],"build_version":"2020-12-22","purchased_purges":0,"victory":false,"max_hp_per_floor":[71,71,71,71,71,71,71,71,71,71,71,64,64,64],"relic_stats":{"Nunchaku":[3],"counters":[8,41],"Golden Idol":0,"Art of War":[1],"obtain_stats":[{"Nunchaku":6,"Golden Idol":12,"Velvet Choker":0,"Art of War":9,"Toxic Egg 2":10,"Cracked Core":0},{"Nunchaku":5,"Golden Idol":7,"Velvet Choker":0,"Art of War":6,"Toxic Egg 2":7,"Cracked Core":0},{"Nunchaku":26,"Golden Idol":37,"Velvet Choker":0,"Art of War":30,"Toxic Egg 2":37,"Cracked Core":0}]},"card_choices":[{"not_picked":["Hologram","Gash"],"picked":"Coolheaded","floor":1},{"not_picked":["Rebound","Lockon"],"picked":"Melter","floor":2},{"not_picked":["Heatsinks","Conserve Battery"],"picked":"Sweeping Beam","floor":4},{"not_picked":["Beam Cell","Leap"],"picked":"Seek","floor":5},{"not_picked":["Chaos","Leap"],"picked":"Cold Snap","floor":6},{"not_picked":["Redo","Turbo"],"picked":"Defragment","floor":8},{"not_picked":["Skim+1","Tempest+1"],"picked":"aspiration:Polymerization+1","floor":10}],"player_experience":974487,"relics_obtained":[{"floor":6,"key":"Nunchaku"},{"floor":9,"key":"Art of War"},{"floor":10,"key":"Toxic Egg 2"}],"event_choices":[{"damage_healed":17,"gold_gain":0,"player_choice":"Healed","damage_taken":0,"max_hp_gain":0,"max_hp_loss":0,"event_name":"The Cleric","floor":3,"gold_loss":35},{"damage_healed":0,"gold_gain":0,"player_choice":"Lose Max HP","damage_taken":0,"relics_obtained":["Golden Idol"],"max_hp_gain":0,"max_hp_loss":7,"event_name":"Golden Idol","floor":12,"gold_loss":0}],"is_beta":false,"boss_relics":[],"items_purged_floors":[],"is_endless":false,"potions_floor_spawned":[2,5,6],"killed_by":"Gremlin Nob","ascension_level":18}}