{"host":"51fyd6gkml7xavq8","time":1608691411,"event":{"mods":["BaseMod","BetterRewards","Colored Map","Energized Spire","Infinite Spire","Minty Spire (QoL Compilation)","Replay The Spire","Shop Mod","Spicy Shops","StSLib","The Blue Laboratory","[IsaacMod]????"],"gold_per_floor":[109,35,35,35,35,35,61,72,142,194,206,225,245,255,255,355,355,367,384,404,404,419,453,52,52,52,152,152,152,162,180,180,280,280,295,345,345,345,157,157,157,157,157,157,177,210,210,220,220,220,220,220,54,89,89],"floor_reached":56,"playtime":5069,"items_purged":["Clumsy","Bash","Strike_R","Strike_R"],"score":1611,"play_id":"35464487-fa4b-4e1b-ac7a-dcd2735d14eb","local_time":"20201222234331","is_ascension_mode":true,"campfire_choices":[{"data":"EpicFetus","floor":6.0,"key":"SMITH"},{"data":"Defend_R","floor":15.0,"key":"SMITH"},{"data":"ReplayTheSpireMod:Chaos Vortex","floor":25.0,"key":"SMITH"},{"data":"infinitespire:Starlight","floor":28.0,"key":"SMITH"},{"floor":32.0,"key":"RECALL"},{"data":"Disarm","floor":40.0,"key":"SMITH"},{"data":"Berserk","floor":42.0,"key":"SMITH"},{"data":"Demon Form","floor":49.0,"key":"SMITH"},{"data":"ReplayTheSpireMod:Corrosion Curse","floor":52.0,"key":"SMITH"}],"circlet_count":0,"master_deck":["Strike_R","Strike_R","Defend_R","Defend_R","Defend_R","Defend_R+1","EpicFetus+1","infinitespire:OneForAll+1","ReplayTheSpireMod:Chaos Vortex+1","infinitespire:Starlight+1","Disarm+1","Berserk+1","Exhume","infinitespire:TheBestDefense","ReplayTheSpireMod:Corrosion Curse+1","Demon Form+1","Limit Break","Rampage","Demon Form"],"relics":["Burning Blood","HushsDoor","YumHeart","MerchantsRug","ReplayTheSpireMod:CursedCoin","Garlic","energizedSpire:RedRose","EdensBlessing","Runic Pyramid","infinitespire:PuzzleCube","Gremlin Horn","Paper Frog","Velvet Choker","Pear","Juzu Bracelet","PreservedInsect","BookofShadows","Blue Candle","EdensBlessing","TuHaoJin"],"acts_visited":["Exordium","TheCity","TheBeyond","TheEnding"],"potions_floor_usage":[],"damage_taken":[{"damage":0.0,"enemies":"Cultist","floor":1.0,"turns":4.0},{"damage":32.0,"enemies":"Gremlin Nob","floor":7.0,"turns":4.0},{"damage":18.0,"enemies":"Small Slimes","floor":8.0,"turns":2.0},{"damage":0.0,"enemies":"2 Louse","floor":11.0,"turns":3.0},{"damage":14.0,"enemies":"Blue Slaver","floor":12.0,"turns":3.0},{"damage":7.0,"enemies":"Red Slaver","floor":13.0,"turns":4.0},{"damage":0.0,"enemies":"Gremlin Gang","floor":14.0,"turns":1.0},{"damage":30.0,"enemies":"The Guardian","floor":16.0,"turns":10.0},{"damage":6.0,"enemies":"Spheric Guardian","floor":18.0,"turns":3.0},{"damage":9.0,"enemies":"Shell Parasite","floor":19.0,"turns":5.0},{"damage":34.0,"enemies":"Snecko","floor":20.0,"turns":6.0},{"damage":12.0,"enemies":"Centurion and Healer","floor":22.0,"turns":4.0},{"damage":0.0,"enemies":"Gremlin Leader","floor":23.0,"turns":2.0},{"damage":0.0,"enemies":"3 Cultists","floor":30.0,"turns":3.0},{"damage":0.0,"enemies":"Snecko","floor":31.0,"turns":4.0},{"damage":103.0,"enemies":"Champ","floor":33.0,"turns":16.0},{"damage":3.0,"enemies":"Orb Walker","floor":35.0,"turns":4.0},{"damage":11.0,"enemies":"Hiden Room Battle","floor":36.0,"turns":4.0},{"damage":0.0,"enemies":"3 Shapes","floor":45.0,"turns":3.0},{"damage":25.0,"enemies":"Maw","floor":48.0,"turns":9.0},{"damage":22.0,"enemies":"Donu and Deca","floor":50.0,"turns":10.0},{"damage":78.0,"enemies":"Shield and Spear","floor":54.0,"turns":7.0},{"damage":66,"enemies":"Delirium","floor":55,"turns":34}],"seed_played":"8252878441403631544","potions_obtained":[{"floor":1.0,"key":"Toxic Potion"},{"floor":8.0,"key":"Adrenaline Potion"},{"floor":11.0,"key":"Dexterity Potion"},{"floor":14.0,"key":"blueLaboratory:HorrorPotion"},{"floor":20.0,"key":"blueLaboratory:EnragingPotion"},{"floor":30.0,"key":"blueLaboratory:BubblePotion"},{"floor":31.0,"key":"SkillPotion"},{"floor":41.0,"key":"EntropicBrew"},{"floor":41.0,"key":"blueLaboratory:LouseDecoction"},{"floor":41.0,"key":"Languid Potion"}],"is_trial":false,"path_per_floor":["M","$","?","$","?","R","E","M","T","$","M","M","M","M","R","B",null,"M","M","M","AVR","M","E","$","R","T","?","R","?","M","M","R","B",null,"M","?","T","?","$","R","?","R","T","AVR","M","?","?","M","R","B",null,"R","$","E","B",null],"character_chosen":"IRONCLAD","items_purchased":["EpicFetus","infinitespire:OneForAll","MerchantsRug","ReplayTheSpireMod:CursedCoin","Disarm","Gremlin Horn","PreservedInsect","Exhume","Limit Break","Rampage"],"campfire_rested":0,"item_purchase_floors":[0,0,0,0,24,24,39,39,53,53],"current_hp_per_floor":[69,69,69,69,69,69,50,63,63,63,69,61,60,66,66,42,87,87,84,81,81,85,87,87,87,87,87,87,87,87,87,87,30,87,87,92,92,92,92,92,92,92,92,92,97,73,73,69,69,68,97,97,97,55,50],"gold":89,"neow_bonus":"","is_daily":false,"chose_seed":false,"campfire_upgraded":8,"win_rate":0.0,"timestamp":1608691411,"path_taken":["M","$","?","?","?","R","E","M","T","$","M","M","?","M","R","BOSS","M","?","M","AVR","M","E","$","R","T","?","R","?","?","M","R","BOSS","M","?","?","?","$","R","?","R","T","AVR","M","?","?","M","R","BOSS","R","$","E","BOSS"],"items_purchased_type":["Card","Card","Relic","Relic","Card","Relic","Relic","Card","Card","Card"],"build_version":"2020-12-13","purchased_purges":4,"victory":true,"max_hp_per_floor":[80,80,80,80,80,80,87,87,87,87,87,87,87,87,87,87,87,87,87,87,87,87,87,87,87,87,87,87,87,87,87,87,87,87,87,97,97,97,97,97,97,97,97,97,97,97,97,97,97,97,97,97,97,97,97],"card_choices":[{"not_picked":["Clothesline","Massacre","ReplayTheSpireMod:Stacked"],"picked":"SKIP","floor":1.0},{"not_picked":["Havoc","Iron Wave","ReplayTheSpireMod:Strike From Hell"],"picked":"SKIP","floor":7.0},{"not_picked":["Iron Wave","Havoc"],"picked":"Bomb","floor":8.0},{"not_picked":["Havoc","Thunderclap","Flex"],"picked":"SKIP","floor":11.0},{"not_picked":["Armaments","infinitespire:OneForAll","Replay:Undeath\u0027s Touch"],"picked":"SKIP","floor":12.0},{"not_picked":["Feel No Pain","Headbutt","Spot Weakness"],"picked":"SKIP","floor":13.0},{"not_picked":["Combust","Sword Boomerang","Replay:Undeath\u0027s Touch"],"picked":"SKIP","floor":14.0},{"not_picked":["Replay:Undeath\u0027s Touch","Ghostly Armor","Havoc"],"picked":"SKIP","floor":18.0},{"not_picked":["Impervious","Rupture","Hemokinesis"],"picked":"SKIP","floor":19.0},{"not_picked":["Thunderclap","Body Slam","Twin Strike"],"picked":"SKIP","floor":20.0},{"not_picked":["Sword Boomerang","Pommel Strike+1","Ghostly Armor+1"],"picked":"SKIP","floor":22.0},{"not_picked":["Fiend Fire","Twin Strike+1","Uppercut"],"picked":"SKIP","floor":23.0},{"not_picked":["Havoc","ReplayTheSpireMod:Strike From Hell+1","Heavy Blade+1"],"picked":"SKIP","floor":30.0},{"not_picked":["Headbutt","Thunderclap","Carnage+1"],"picked":"SKIP","floor":31.0},{"not_picked":["Immolate","Corruption"],"picked":"Berserk","floor":33.0},{"not_picked":["Anger","Warcry+1","ReplayTheSpireMod:LeadingStrike"],"picked":"SKIP","floor":35.0},{"not_picked":["Pommel Strike","Evolve+1"],"picked":"ReplayTheSpireMod:Corrosion Curse","floor":45.0},{"not_picked":["Clothesline+1","Pommel Strike+1"],"picked":"Demon Form","floor":48.0},{"not_picked":["Dropkick+1","Pommel Strike+1"],"picked":"Demon Form","floor":54.0}],"player_experience":411394,"relics_obtained":[{"floor":7.0,"key":"Strawberry"},{"floor":9.0,"key":"Garlic"},{"floor":23.0,"key":"infinitespire:PuzzleCube"},{"floor":26.0,"key":"Paper Frog"},{"floor":36.0,"key":"Pear"},{"floor":36.0,"key":"Juzu Bracelet"},{"floor":43.0,"key":"BookofShadows"},{"floor":46.0,"key":"EdensBlessing"},{"floor":54.0,"key":"TuHaoJin"}],"event_choices":[{"damage_healed":0.0,"max_hp_gain":0.0,"max_hp_loss":0.0,"gold_gain":0.0,"event_name":"Ghosts","player_choice":"Ignored","floor":29.0,"gold_loss":0.0,"damage_taken":0.0},{"damage_healed":0.0,"max_hp_gain":0.0,"max_hp_loss":0.0,"gold_gain":0.0,"event_name":"HidenRoomEvent","player_choice":"Fight","floor":36.0,"gold_loss":0.0,"damage_taken":0.0},{"damage_healed":0.0,"max_hp_gain":0.0,"max_hp_loss":0.0,"gold_gain":0.0,"event_name":"SecretPortal","player_choice":"Ignored","floor":38.0,"gold_loss":0.0,"damage_taken":0.0},{"damage_healed":0.0,"max_hp_gain":0.0,"max_hp_loss":0.0,"gold_gain":0.0,"event_name":"Lab","player_choice":"Got Potions","floor":41.0,"gold_loss":0.0,"damage_taken":0.0},{"cards_removed":["Strike_R"],"damage_healed":0.0,"max_hp_gain":0.0,"max_hp_loss":0.0,"gold_gain":0.0,"event_name":"Falling","player_choice":"Removed Attack","floor":47.0,"gold_loss":0.0,"damage_taken":0.0}],"is_beta":false,"boss_relics":[{"not_picked":["Black Star","energizedSpire:OgreHead"],"picked":"energizedSpire:RedRose"},{"not_picked":[]},{"not_picked":["Tiny House","energizedSpire:MagnifyingGlass"],"picked":"Velvet Choker"},{"not_picked":[]}],"items_purged_floors":[0,2,21,24],"is_endless":false,"potions_floor_spawned":[1,8,11,14,20,22,30,31],"ascension_level":3}}