{"host":"qwp6882a7gaon7u5","time":1608734486,"event":{"mods":["BaseMod","BetterRewards","Minty Spire (QoL Compilation)","Red Circlet Mod","Replay The Spire","Spicy Shops","StSLib","Youmu£®ªÍ∆«—˝√Œ£©","°æ“≈ŒÔø®≈∆°øREMEMod"],"gold_per_floor":[118,131,306,306,10,41,41,58,58,87,87,112,112,112,165,268,268,282,201,212,228,238,268,268,295,374,374,384,9,25,58,58,158,158,174,224,239,288,288,412,412,442,442,476,493,503,514,42,42,42],"floor_reached":51,"playtime":4538,"items_purged":["Strike_YM","Defend_YM"],"score":1087,"play_id":"1ad66b41-242b-4a1b-81a7-08527098a0d8","local_time":"20201223224126","is_ascension_mode":true,"campfire_choices":[{"data":"EchoesOfTheInclemencyOfAllBeings","floor":7.0,"key":"SMITH"},{"data":"DoubleWheelOfPain","floor":24.0,"key":"SMITH"},{"data":"SwordExtraction","floor":32.0,"key":"SMITH"},{"floor":49,"key":"DIG"}],"circlet_count":0,"master_deck":["Strike_YM+1","Strike_YM+1","SlashOfPresentWorld+1","WheelOfPainOfLivingAndDead","LotusPostureSlash+1","LifeCuttingSword","CelestialStarSword","EchoesOfTheInclemencyOfAllBeings+1","Doubt","Regret","ObsessionSword","HellRealmSword","SwordExtraction+1","AsTheSilentNirvana","KarmicPunishmentOfTheIdleAndUnfocused+1","HeavenGodSword+1","SwordOfBindingDesires+1","HumanGodSword+1","DoubleWheelOfPain+1","Looming Evil","Finesse+1","SwordExtraction+1","StrangeHalfBody+1","SlashOfDepartureFromHesitation+1","DoubleWheelOfPain+1","PhosphoricSlash+1","ThoughtCuttingSword+1","Writhe","HellFireSword","HiganSword+1"],"relics":["HalfPhantom","REME_ComplimentaryCards","Roukanken","Chameleon Ring","Toolbox","Pear","Bronze Scales","Iron Hammer","Juzu Bracelet","Lee\u0027s Waffle","MealTicket","ReplayTheSpireMod:Shallot","Dream Catcher","ReplayTheSpireMod:Ninjato","Golden Egg","SacredBark","Kunai","Orichalcum","Divine Protection","Bag of Marbles","Replay:Baseball","ClockworkSouvenir","Replay:Bottled Flurry","Empty Cage","Du-Vu Doll","Bird Faced Urn","Torii","Whetstone","REME_HandOfSuture","War Paint","HandDrill","Sling","Simple Rune"],"acts_visited":["Exordium","TheCity","TheBeyond"],"potions_floor_usage":[40,45,50,50,50],"damage_taken":[{"damage":0.0,"enemies":"2 Louse","floor":1.0,"turns":1.0},{"damage":1.0,"enemies":"Small Slimes","floor":2.0,"turns":2.0},{"damage":3.0,"enemies":"Gremlin Nob","floor":6.0,"turns":3.0},{"damage":2.0,"enemies":"Jaw Worm","floor":8.0,"turns":2.0},{"damage":21.0,"enemies":"Lagavulin","floor":10.0,"turns":3.0},{"damage":0.0,"enemies":"Replay:BlueRogue","floor":12.0,"turns":2.0},{"damage":0.0,"enemies":"Hexaghost","floor":16.0,"turns":8.0},{"damage":0.0,"enemies":"Chosen","floor":18.0,"turns":3.0},{"damage":0.0,"enemies":"Spheric Guardian","floor":19.0,"turns":2.0},{"damage":0.0,"enemies":"Snecko","floor":20.0,"turns":3.0},{"damage":0.0,"enemies":"Shelled Parasite and Fungi","floor":21.0,"turns":3.0},{"damage":10.0,"enemies":"Centurion and Healer","floor":22.0,"turns":6.0},{"damage":0.0,"enemies":"Slavers","floor":23.0,"turns":2.0},{"damage":0.0,"enemies":"Book of Stabbing","floor":25.0,"turns":3.0},{"damage":0.0,"enemies":"Chosen and Byrds","floor":28.0,"turns":3.0},{"damage":0.0,"enemies":"3 Cultists","floor":30.0,"turns":2.0},{"damage":10.0,"enemies":"Slavers","floor":31.0,"turns":4.0},{"damage":23.0,"enemies":"Collector","floor":33.0,"turns":10.0},{"damage":0.0,"enemies":"3 Darklings","floor":35.0,"turns":3.0},{"damage":17,"enemies":"Mind Bloom Boss Battle","floor":36,"turns":5},{"damage":0,"enemies":"3 Shapes","floor":37,"turns":1},{"damage":1,"enemies":"2 Orb Walkers","floor":38,"turns":3},{"damage":6,"enemies":"R_Hoarder","floor":40,"turns":3},{"damage":2,"enemies":"Nemesis","floor":42,"turns":5},{"damage":12,"enemies":"R_Hoarder","floor":44,"turns":3},{"damage":2,"enemies":"Spire Growth","floor":45,"turns":4},{"damage":0,"enemies":"Sphere and 2 Shapes","floor":46,"turns":3},{"damage":2,"enemies":"4 Shapes","floor":47,"turns":1},{"damage":11,"enemies":"Time Eater","floor":50,"turns":7}],"seed_played":"1984773264403058831","potions_obtained":[{"floor":1.0,"key":"Elixir"},{"floor":8.0,"key":"GamblersBrew"},{"floor":10.0,"key":"Explosive Potion"},{"floor":12.0,"key":"LiquidMemories"},{"floor":15.0,"key":"Venom Potion"},{"floor":16.0,"key":"SkillPotion"},{"floor":22.0,"key":"Adrenaline Potion"},{"floor":23.0,"key":"CultistPotion"},{"floor":33.0,"key":"LiquidBronze"},{"floor":38,"key":"REME_GoldPotion"},{"floor":40,"key":"Venom Potion"},{"floor":42,"key":"PowerPotion"},{"floor":45,"key":"Ancient Potion"}],"is_trial":false,"path_per_floor":["M","M","?","?","$","E","R","M","T","E","?","E","?","?","R","B",null,"M","M","M","M","M","E","R","E","T","?","M","$","M","E","R","B",null,"M","?","M","?","?","E","?","E","T","E","M","M","M","$","R","B",null],"character_chosen":"YOUMU","items_purchased":["Roukanken","Chameleon Ring","Toolbox","Pear","Bronze Scales","LotusPostureSlash","LifeCuttingSword","Juzu Bracelet","Lee\u0027s Waffle","Replay:Baseball","ClockworkSouvenir","Finesse","HandDrill","HiganSword","Sling"],"campfire_rested":0,"item_purchase_floors":[0,0,0,0,0,0,0,5,5,29,29,29,48,48,48],"current_hp_per_floor":[44,43,43,43,92,89,89,87,87,66,66,66,66,54,31,31,92,92,92,92,92,82,82,82,82,82,82,82,92,92,82,82,59,92,92,75,75,74,74,76,92,92,92,80,84,90,92,92,92,82],"gold":42,"neow_bonus":"","is_daily":false,"chose_seed":false,"campfire_upgraded":3,"win_rate":0.0,"timestamp":1608734486,"path_taken":["M","M","?","?","$","E","R","M","T","E","?","E","?","?","R","BOSS","M","M","M","M","M","E","R","E","T","?","M","$","M","E","R","BOSS","M","?","M","?","?","E","?","E","T","E","M","M","M","$","R","BOSS"],"items_purchased_type":["Relic","Relic","Relic","Relic","Relic","Card","Card","Relic","Relic","Relic","Relic","Card","Relic","Card","Relic"],"build_version":"2020-12-22","purchased_purges":2,"victory":true,"max_hp_per_floor":[85,85,85,85,92,92,92,92,92,92,92,92,92,92,92,92,92,92,92,92,92,92,92,92,92,92,92,92,92,92,92,92,92,92,92,92,92,92,92,92,92,92,92,92,92,92,92,92,92,92],"card_choices":[{"not_picked":["TwoHundredYojanaInOneSlash","ConstancyOfTheConventionalTruth","LowerRealmReflectionSlash"],"picked":"SKIP","floor":1.0},{"not_picked":["SlashOfMeditation","TransmigrationSlash"],"picked":"EchoesOfTheInclemencyOfAllBeings","floor":2.0},{"not_picked":["EchoesOfTheInclemencyOfAllBeings","CherryBlossomFlashing"],"picked":"ObsessionSword","floor":6.0},{"not_picked":["SpiderLilyBurial","CherryBlossomFlashing"],"picked":"HellRealmSword","floor":8.0},{"not_picked":["DispleasureOfTheSevenHakus","PretaSword"],"picked":"SwordExtraction","floor":10.0},{"not_picked":["TenKingsRetributionOnThePreta","ConstancyOfTheConventionalTruth","HumanKnowledgeSword"],"picked":"SKIP","floor":12.0},{"not_picked":["PhosphoricSlash","TwoHundredYojanaInOneSlash"],"picked":"KarmicPunishmentOfTheIdleAndUnfocused","floor":15.0},{"not_picked":["SlashOfSaigyouSpringWind","HellRealmSword"],"picked":"HeavenGodSword","floor":16.0},{"not_picked":["PhosphoricSlash+1","FlashingScatteredFlowers+1"],"picked":"SwordOfBindingDesires","floor":18.0},{"not_picked":["ConstancyOfTheConventionalTruth","ThreeKonsSevenHakus+1","SlashOfMeditation"],"picked":"SKIP","floor":19.0},{"not_picked":["GhostSword+1","ASingleThoughtAndInfiniteKalpas","PhosphoricSlash+1"],"picked":"SKIP","floor":20.0},{"not_picked":["SuddenPhantomFormationSlashOfKarmicWind","CherryBlossomFlashing+1","RapidSlash"],"picked":"SKIP","floor":21.0},{"not_picked":["FiveSignsOfTheDyingDeva+1","SanzenSekai"],"picked":"HumanGodSword+1","floor":22.0},{"not_picked":["DispleasureOfTheSevenHakus","SlashOfMeditation"],"picked":"DoubleWheelOfPain","floor":23.0},{"not_picked":["LightFlashOfTheNetherworld+1","AsTheSilentNirvana","TenKingsRetributionOnThePreta"],"picked":"SKIP","floor":25.0},{"not_picked":["PretaSword","ObsessionSword+1","SuddenPhantomFormationSlashOfKarmicWind+1"],"picked":"SKIP","floor":28.0},{"not_picked":["ObsessionSword+1","LowerRealmReflectionSlash"],"picked":"SwordExtraction+1","floor":30.0},{"not_picked":["HeavenlyHaloSlash","LifeCuttingSword","HesitationCuttingSword"],"picked":"SKIP","floor":31.0},{"not_picked":["SlashOfTheEternalFuture","CelestialStarSword"],"picked":"StrangeHalfBody","floor":33.0},{"not_picked":["ConstancyOfTheConventionalTruth+1","KarmicPunishmentOfTheIdleAndUnfocused"],"picked":"SlashOfDepartureFromHesitation+1","floor":35.0},{"not_picked":["SpiritCuttingSword","CrescentMoonSlash"],"picked":"DoubleWheelOfPain+1","floor":36},{"not_picked":["LowerRealmReflectionSlash","ConstancyOfTheConventionalTruth+1"],"picked":"PhosphoricSlash+1","floor":37},{"not_picked":["TurningAngelCut","SanzenSekai"],"picked":"ThoughtCuttingSword+1","floor":38},{"not_picked":["SpiritMediumsBind","LowerRealmReflectionSlash+1","DispleasureOfTheSevenHakus"],"picked":"SKIP","floor":40},{"not_picked":["SpiritMediumsBind","BloodOfAsura+1","HeavenSword"],"picked":"SKIP","floor":42},{"not_picked":["KarmicPunishmentOfTheIdleAndUnfocused","BloodOfAsura+1","FlashingScatteredFlowers"],"picked":"SKIP","floor":44},{"not_picked":["FlashingScatteredFlowers","TenKingsRetributionOnThePreta+1"],"picked":"HellFireSword","floor":45},{"not_picked":["SpiritCuttingSword+1","PhosphoricSlash+1","ThreeKonsSevenHakus"],"picked":"SKIP","floor":46},{"not_picked":["LifeCuttingSword","SwordOfBindingDesires+1","SuddenPhantomFormationSlashOfKarmicWind"],"picked":"SKIP","floor":47}],"player_experience":152345,"relics_obtained":[{"floor":6.0,"key":"MealTicket"},{"floor":10.0,"key":"ReplayTheSpireMod:Shallot"},{"floor":12.0,"key":"Dream Catcher"},{"floor":15.0,"key":"Golden Egg"},{"floor":23.0,"key":"Kunai"},{"floor":25.0,"key":"Orichalcum"},{"floor":26.0,"key":"Divine Protection"},{"floor":31.0,"key":"Replay:Bottled Flurry"},{"floor":36,"key":"Du-Vu Doll"},{"floor":38,"key":"Bird Faced Urn"},{"floor":40,"key":"Torii"},{"floor":42,"key":"Whetstone"},{"floor":43,"key":"REME_HandOfSuture"},{"floor":44,"key":"War Paint"},{"floor":49,"key":"Simple Rune"}],"event_choices":[{"damage_healed":0.0,"max_hp_gain":0.0,"max_hp_loss":0.0,"gold_gain":175.0,"event_name":"Liars Game","player_choice":"AGREE","floor":3.0,"gold_loss":0.0,"damage_taken":0.0,"cards_obtained":["Doubt"]},{"damage_healed":0.0,"max_hp_gain":0.0,"max_hp_loss":0.0,"gold_gain":0.0,"event_name":"Big Fish","player_choice":"Box","floor":4.0,"gold_loss":0.0,"damage_taken":0.0,"relics_obtained":["Iron Hammer"],"cards_obtained":["Regret"]},{"damage_healed":0.0,"max_hp_gain":0.0,"max_hp_loss":0.0,"gold_gain":0.0,"event_name":"Accursed Blacksmith","player_choice":"Forge","floor":11.0,"gold_loss":0.0,"damage_taken":0.0,"cards_upgraded":["LotusPostureSlash"]},{"damage_healed":0.0,"max_hp_gain":0.0,"max_hp_loss":0.0,"gold_gain":0.0,"cards_transformed":["Defend_YM"],"event_name":"Transmorgrifier","player_choice":"Transformed","floor":13.0,"gold_loss":0.0,"damage_taken":0.0,"cards_obtained":["AsTheSilentNirvana"]},{"damage_healed":0.0,"max_hp_gain":0.0,"max_hp_loss":0.0,"gold_gain":0.0,"event_name":"Scrap Ooze","player_choice":"Success","floor":14.0,"gold_loss":0.0,"damage_taken":12.0,"relics_obtained":["ReplayTheSpireMod:Ninjato"]},{"damage_healed":0,"gold_gain":0,"player_choice":"Fight","damage_taken":0,"max_hp_gain":0,"max_hp_loss":0,"event_name":"MindBloom","floor":36,"gold_loss":0},{"damage_healed":0,"gold_gain":0,"player_choice":"Fight","damage_taken":0,"max_hp_gain":0,"max_hp_loss":0,"event_name":"Mysterious Sphere","floor":38,"gold_loss":0},{"cards_removed":["Defend_YM"],"damage_healed":0,"gold_gain":0,"player_choice":"Removed Skill","damage_taken":0,"max_hp_gain":0,"max_hp_loss":0,"event_name":"Falling","floor":39,"gold_loss":0},{"damage_healed":23,"gold_gain":0,"player_choice":"Writhe","damage_taken":0,"max_hp_gain":0,"max_hp_loss":0,"event_name":"Winding Halls","floor":41,"gold_loss":0,"cards_obtained":["Writhe"]}],"is_beta":false,"boss_relics":[{"not_picked":["Tiny House","Fusion Hammer"],"picked":"SacredBark"},{"not_picked":["Honey Jar","Replay:Bronze Core"],"picked":"Empty Cage"}],"items_purged_floors":[0,48],"is_endless":false,"potions_floor_spawned":[1,8,10,12,16,18,22,23,28,33,38,40,42,45,47],"ascension_level":1}}