{"host":"53w25izqmiakdcya","time":1608719725,"event":{"mods":["BaseMod","Colored Powertips","Downfall","Minty Spire (QoL Compilation)","Quick Restart","Rare Cards Sparkle","StSLib"],"gold_per_floor":[99,117,133,9,29,47,95,107,118,138,138,151,76,12,24,119,119,119,134,2,21,47,47,94,106,106,106,123,48,65,83,96,199,199,199,217,562,588,1,15,15,15,25,55,55,65,65,65,65],"floor_reached":47,"playtime":3340,"items_purged":[],"score":530,"play_id":"b4830c30-8666-4e61-8e7f-66ff1d374dd3","local_time":"20201223043525","is_ascension_mode":false,"campfire_choices":[{"data":"hexamod:Float","floor":1.0,"key":"SMITH"},{"floor":11.0,"key":"RECALL"},{"data":"Trip","floor":13.0,"key":"SMITH"},{"data":"hexamod:VolcanoVisage","floor":18.0,"key":"SMITH"},{"floor":29.0,"key":"REST"},{"data":"hexamod:RetreatToShadows","floor":35.0,"key":"SMITH"},{"floor":45,"key":"REST"}],"circlet_count":0,"master_deck":["hexamod:Strike+1","hexamod:Strike+1","hexamod:Strike+1","hexamod:Strike+1","hexamod:Defend+1","hexamod:Defend+1","hexamod:Defend+1","hexamod:Defend+1","hexamod:Sear","hexamod:Float+1","Trip+1","hexamod:EmpoweredFlame","hexamod:BurningTouch","hexamod:BurningTouch","Madness","hexamod:ThermalTransfer","hexamod:FastForward","hexamod:BurningTouch","hexamod:PowerFromBeyond","hexamod:GhostOfSpireFuture","hexamod:HauntingEcho","hexamod:TimeWarp+1","hexamod:ExtraCrispy","hexamod:InspiringFlames","hexamod:RecurringNightmare","hexamod:VolcanoVisage+1","hexamod:InspiringFlames+1","hexamod:RainOfEmbers","Panacea","hexamod:HeatMetal+1","hexamod:RetreatToShadows+1","hexamod:SpectersWail","hexamod:StepThrough+1","hexamod:FastForward","hexamod:AdvancingGuard","hexamod:ChargedBarrage+1","hexamod:SpectersWail+1","hexamod:GhostflameInferno","hexamod:FastForward+1","hexamod:CatchUp+1","hexamod:Rewind","expansioncontent:DecasProtection","hexamod:RadiantFlame","hexamod:FastForward+1","hexamod:HauntingEcho","hexamod:HauntingEcho+1","hexamod:SpectersWail"],"relics":["hexamod:SpiritBrand","hexamod:MatchstickCase","downfall:HeartBlessingRed","SacredBark","Red Mask","downfall:HeartBlessingBlue","hexamod:IceCube","Vajra","Whetstone","Ancient Tea Set","Toolbox","White Beast Statue","Regal Pillow"],"acts_visited":["Exordium","TheCity","TheBeyond"],"potions_floor_usage":[44],"damage_taken":[{"damage":0.0,"enemies":"Cultist","floor":2.0,"turns":3.0},{"damage":0.0,"enemies":"2 Louse","floor":3.0,"turns":3.0},{"damage":0.0,"enemies":"downfall:FleeingMerchant","floor":4.0,"turns":4.0},{"damage":0.0,"enemies":"Small Slimes","floor":5.0,"turns":3.0},{"damage":0.0,"enemies":"2 Fungi Beasts","floor":6.0,"turns":3.0},{"damage":5.0,"enemies":"Exordium Thugs","floor":8.0,"turns":5.0},{"damage":0.0,"enemies":"Lots of Slimes","floor":9.0,"turns":5.0},{"damage":0.0,"enemies":"Large Slime","floor":10.0,"turns":4.0},{"damage":8.0,"enemies":"Blue Slaver","floor":12.0,"turns":3.0},{"damage":4.0,"enemies":"downfall:FleeingMerchant","floor":14.0,"turns":4.0},{"damage":0.0,"enemies":"3 Louse","floor":15.0,"turns":4.0},{"damage":6.0,"enemies":"downfall:Watcher","floor":16.0,"turns":6.0},{"damage":1.0,"enemies":"Spheric Guardian","floor":19.0,"turns":4.0},{"damage":4.0,"enemies":"downfall:FleeingMerchant","floor":20.0,"turns":4.0},{"damage":5.0,"enemies":"Shell Parasite","floor":21.0,"turns":5.0},{"damage":46.0,"enemies":"Masked Bandits","floor":22.0,"turns":5.0},{"damage":5.0,"enemies":"Shelled Parasite and Fungi","floor":25.0,"turns":6.0},{"damage":17.0,"enemies":"Centurion and Healer","floor":28.0,"turns":8.0},{"damage":10.0,"enemies":"Snecko","floor":30.0,"turns":5.0},{"damage":14.0,"enemies":"Sentry and Sphere","floor":31.0,"turns":4.0},{"damage":0.0,"enemies":"Chosen and Byrds","floor":32.0,"turns":3.0},{"damage":22.0,"enemies":"downfall:Silent","floor":33.0,"turns":7.0},{"damage":11.0,"enemies":"3 Shapes","floor":36.0,"turns":4.0},{"damage":9.0,"enemies":"downfall:FleeingMerchant","floor":37.0,"turns":4.0},{"damage":35.0,"enemies":"3 Darklings","floor":40.0,"turns":7.0},{"damage":12.0,"enemies":"Sphere and 2 Shapes","floor":43.0,"turns":5.0},{"damage":70,"enemies":"Reptomancer","floor":44,"turns":7},{"damage":10,"enemies":"Spire Growth","floor":46,"turns":4},{"damage":0,"enemies":"Jaw Worm Horde","floor":47,"turns":1}],"seed_played":"4710064724189409146","potions_obtained":[{"floor":3.0,"key":"LiquidMemories"},{"floor":5.0,"key":"SkillPotion"},{"floor":6.0,"key":"FairyPotion"},{"floor":10.0,"key":"Explosive Potion"},{"floor":12.0,"key":"hexamod:DoubleChargePotion"},{"floor":25.0,"key":"Dexterity Potion"},{"floor":27.0,"key":"CultistPotion"},{"floor":33.0,"key":"FearPotion"},{"floor":36.0,"key":"champ:CounterPotion"},{"floor":44,"key":"SteroidPotion"},{"floor":46,"key":"Fire Potion"}],"is_trial":false,"path_per_floor":["R","M","M","$","M","M","T","M","M","M","R","M","R","$","M","B",null,"R","M","$","M","?","?","T","M","?","?","M","R","M","M","M","B",null,"R","M","$","?","$","M","T","?","M","E","R","M","M"],"character_chosen":"THE_SPIRIT","items_purchased":["Madness","hexamod:ThermalTransfer","hexamod:InspiringFlames","Panacea","hexamod:HeatMetal","Whetstone","Ancient Tea Set","Toolbox","expansioncontent:DecasProtection","hexamod:RadiantFlame"],"campfire_rested":2,"item_purchase_floors":[4,4,14,20,20,39,39,39,39,39],"current_hp_per_floor":[70,70,70,70,70,70,70,65,65,65,65,57,57,53,53,47,70,70,69,65,60,14,14,14,9,32,32,15,49,39,25,25,3,80,80,69,60,60,60,25,25,70,58,42,70,60,60,60,60],"gold":65,"neow_bonus":"RANDOM_COLORLESS","is_daily":false,"chose_seed":false,"campfire_upgraded":4,"win_rate":0.0,"timestamp":1608719725,"path_taken":["R","M","M","$","M","M","T","?","?","M","R","M","R","$","M","BOSS","R","M","$","M","?","?","T","M","?","?","?","R","M","M","M","BOSS","R","M","?","?","$","M","T","?","M","E","R","M","M"],"items_purchased_type":["Card","Card","Card","Card","Card","Relic","Relic","Relic","Card","Card"],"build_version":"2020-12-22","purchased_purges":0,"victory":false,"max_hp_per_floor":[70,70,70,70,70,70,70,70,70,70,70,70,70,70,70,70,70,70,70,70,70,70,70,70,70,70,70,70,80,80,80,80,80,80,80,80,80,80,80,80,80,70,70,70,70,70,70,70,70],"card_choices":[{"not_picked":["Enlightenment","Good Instincts"],"picked":"Trip","floor":0.0},{"not_picked":["hexamod:FourthSeal","hexamod:BacktrackSmack"],"picked":"hexamod:EmpoweredFlame","floor":2.0},{"not_picked":["hexamod:HauntingEcho","hexamod:AdvancingGuard"],"picked":"hexamod:BurningTouch","floor":3.0},{"not_picked":["hexamod:GhostLash","hexamod:BacktrackSmack"],"picked":"hexamod:BurningTouch","floor":4.0},{"not_picked":["hexamod:DynamicBlow","hexamod:NightmareStrike"],"picked":"hexamod:FastForward","floor":5.0},{"not_picked":["hexamod:Hexaguard","hexamod:InspiringFlames"],"picked":"hexamod:BurningTouch","floor":6.0},{"not_picked":["hexamod:NightmareGuise","hexamod:RetreatToShadows"],"picked":"hexamod:PowerFromBeyond","floor":8.0},{"not_picked":["hexamod:SkipABeat","hexamod:Incineration"],"picked":"hexamod:GhostOfSpireFuture","floor":9.0},{"not_picked":["hexamod:FirstSeal","hexamod:BurningTouch"],"picked":"hexamod:HauntingEcho","floor":10.0},{"not_picked":["hexamod:FastForward","hexamod:ShieldOfDarkness"],"picked":"hexamod:TimeWarp","floor":12.0},{"not_picked":["hexamod:GhostOfSpirePresent","hexamod:SpectralAdrenaline"],"picked":"hexamod:ExtraCrispy","floor":14.0},{"not_picked":["hexamod:GhostLash","hexamod:HauntingEcho"],"picked":"hexamod:RecurringNightmare","floor":15.0},{"not_picked":["hexamod:GhostflameInferno","hexamod:WildfireWeapon"],"picked":"hexamod:VolcanoVisage","floor":16.0},{"not_picked":["hexamod:NightmareStrike","hexamod:Hexaguard"],"picked":"hexamod:InspiringFlames+1","floor":19.0},{"not_picked":["hexamod:GhostShield","hexamod:Again+1"],"picked":"hexamod:RainOfEmbers","floor":20.0},{"not_picked":["hexamod:ShieldOfDarkness","hexamod:NightmareStrike"],"picked":"hexamod:RetreatToShadows","floor":21.0},{"not_picked":["hexamod:Incineration","hexamod:CatchUp"],"picked":"hexamod:SpectersWail","floor":22.0},{"not_picked":["hexamod:ParanormalForm","hexamod:ThirdSeal"],"picked":"hexamod:StepThrough+1","floor":25.0},{"not_picked":["hexamod:PowerFromBeyond","hexamod:GhostLash"],"picked":"hexamod:FastForward","floor":28.0},{"not_picked":["hexamod:GhostLash","hexamod:BacktrackSmack"],"picked":"hexamod:AdvancingGuard","floor":30.0},{"not_picked":["hexamod:GhostLash","hexamod:ApocalypseNow"],"picked":"hexamod:ChargedBarrage+1","floor":31.0},{"not_picked":["hexamod:Firestarter","hexamod:FourthSeal"],"picked":"hexamod:SpectersWail+1","floor":32.0},{"not_picked":["hexamod:GiftsFromTheDead","hexamod:FifthSeal"],"picked":"hexamod:GhostflameInferno","floor":33.0},{"not_picked":["hexamod:NightmareGuise","hexamod:AdvancingGuard"],"picked":"hexamod:FastForward+1","floor":36.0},{"not_picked":["hexamod:SpectersWail+1","hexamod:SwordOfDarkness"],"picked":"hexamod:CatchUp+1","floor":37.0},{"not_picked":["hexamod:BurningTouch+1","hexamod:SpectersWail+1"],"picked":"hexamod:FastForward+1","floor":40.0},{"not_picked":["hexamod:BurningTouch","hexamod:GhostLash"],"picked":"hexamod:HauntingEcho","floor":43.0},{"not_picked":["hexamod:HeatMetal","hexamod:Hexaguard+1"],"picked":"hexamod:HauntingEcho+1","floor":44},{"not_picked":["hexamod:BacktrackSmack","hexamod:ChargedBarrage+1"],"picked":"hexamod:SpectersWail","floor":46}],"player_experience":489103,"relics_obtained":[{"floor":7.0,"key":"hexamod:MatchstickCase"},{"floor":22.0,"key":"Red Mask"},{"floor":38.0,"key":"Vajra"},{"floor":41.0,"key":"White Beast Statue"},{"floor":44,"key":"Regal Pillow"}],"event_choices":[{"damage_healed":0.0,"max_hp_gain":0.0,"max_hp_loss":0.0,"gold_gain":0.0,"event_name":"Masked Bandits","player_choice":"Fought Bandits","floor":22.0,"gold_loss":0.0,"damage_taken":0.0},{"damage_healed":0.0,"max_hp_gain":0.0,"max_hp_loss":0.0,"gold_gain":0.0,"event_name":"Back to Basics","player_choice":"Simplicity","floor":23.0,"gold_loss":0.0,"damage_taken":0.0,"cards_upgraded":["hexamod:Strike","hexamod:Strike","hexamod:Strike","hexamod:Strike","hexamod:Defend","hexamod:Defend","hexamod:Defend","hexamod:Defend"]},{"damage_healed":23.0,"max_hp_gain":0.0,"max_hp_loss":0.0,"gold_gain":0.0,"event_name":"The Library","player_choice":"Heal","floor":26.0,"gold_loss":0.0,"damage_taken":0.0},{"damage_healed":0.0,"max_hp_gain":0.0,"max_hp_loss":0.0,"gold_gain":0.0,"event_name":"The Library","player_choice":"Read","floor":37.0,"gold_loss":0.0,"damage_taken":0.0,"cards_obtained":["hexamod:Rewind"]}],"is_beta":false,"boss_relics":[{"not_picked":["Pandora\u0027s Box","Philosopher\u0027s Stone"],"picked":"SacredBark"},{"not_picked":["Tiny House","Runic Pyramid"],"picked":"hexamod:IceCube"}],"items_purged_floors":[],"is_endless":false,"potions_floor_spawned":[3,5,6,10,12,25,28,30,32,33,36,43,44,46],"killed_by":"Jaw Worm Horde","ascension_level":0}}