{"host":"niv6bi8ufjzyofbf","time":1608742979,"event":{"mods":["ATMod(∞¢Ë™Mod)","Act Like it!","BaseMod","Colored Powertips","Conspire","Gensokyo","Hermit","Mad Scientist","Marisa£®ÏF”Í°°ƒß¿Ì…≥£©","Minty Spire (QoL Compilation)","Quick Restart","Rare Cards Sparkle","Reimu£®≤©¿ˆ¡È√Œ£©","Replay The Spire","Ryuuou¡˙Õı","Shop Mod","Spicy Shops","StSLib","SuperFastMode","The Cursed","The Servant 0.9.4","Youmu£®ªÍ∆«—˝√Œ£©","°æ“≈ŒÔø®≈∆°øREMEMod","≤–¡Ù÷ÆŒÔ"],"gold_per_floor":[113,23333,21910,21910,21910,21939,20810,19509,19562,19562,19594,19594,19594,19610,19570,19155,19155,19167,17971,17888,17266,17284,17314,17349,17349,17372,17385,17414,17424,17424,17424,17424,17522,17522,17537,17572,16971,17028,17102,17035,17035,16409,16409,16432,16432,15690,15690,15710,15710,15719],"floor_reached":51,"playtime":1448,"items_purged":["PlaceholderMod:BaseDefend","PlaceholderMod:BaseDefend","PlaceholderMod:BaseDefend","PlaceholderMod:BaseStrike","PlaceholderMod:BaseDefend","PlaceholderMod:Crystal","PlaceholderMod:BaseStrike","PlaceholderMod:BaseStrike","PlaceholderMod:BaseStrike","PlaceholderMod:BaseStrike","conspire:Banana"],"score":1194,"play_id":"5c7cdc4f-e6a2-4486-bddc-ba3268bcae19","local_time":"20201224010259","is_ascension_mode":false,"campfire_choices":[{"data":"Envenom","floor":10,"key":"SMITH"},{"data":"PlaceholderMod:ComplexForm","floor":13,"key":"SMITH"},{"floor":25,"key":"DIG"},{"floor":30,"key":"DIG"},{"floor":32,"key":"DIG"},{"floor":41,"key":"DIG"},{"floor":49,"key":"DIG"}],"circlet_count":0,"master_deck":["Envenom+1","PlaceholderMod:SpinBlade","REME_HeartOfCthun","PlaceholderMod:HighConcentration","PlaceholderMod:HighConcentration","PlaceholderMod:Colorful","Replay:BasicMightCard","PlaceholderMod:FinalSpray+1","PlaceholderMod:SeverePoisonStrike+1","PlaceholderMod:Eat","PlaceholderMod:StressReaction","PlaceholderMod:StressReaction","PlaceholderMod:ComplexForm+1","PlaceholderMod:PericyclicReaction","PlaceholderMod:QualitativeChange","PlaceholderMod:Activation","PlaceholderMod:Activation","Panache","Specialist","PlaceholderMod:Colorful+1","PlaceholderMod:MultiReaction","Master of Strategy","PlaceholderMod:DiffusionPoison","REME_PuzzleBox","conspire:Banana","Master of Strategy","PlaceholderMod:Colorful+1"],"relics":["PlaceholderMod:Tancle","REME_ComplimentaryCards","AT_ATBox","NeowsBlessing","Blue Doll","BargainBundle","MerchantsRug","PlaceholderMod:FlatBlood","REME_HourglassOfDeath","Akabeko","Kunai","Frozen Eye","MealTicket","conspire:Dentures","Potion Belt","REME_OnlineShoppingPlatform","RuthlessExorcism:ReiMu","conspire:TreasureMap","Tea:ReiMu","Gremlin Food","Lee\u0027s Waffle","REME_HandOfSuture","Darkstone Periapt","Simple Rune","Omamori","FaceOfCleric","REME_LowDesire","Replay:WaspNest","ReplayTheSpireMod:ShopPack","PlaceholderMod:DaolothFragment","Letter Opener","AT_Manta","Membership Card","Bag of Marbles","Meat on the Bone","Shovel","ReplayTheSpireMod:Lightbulb","AT_ArchangelStaff","Happy Flower","Tiny Chest","SlaversCollar","REME_ArchaeologicalTools","Medical Kit","Toolbox","ReplayFunnel","Juzu Bracelet","Ornamental Fan","Orichalcum","CrazyTorch:ReiMu","Quantum Egg","AT_RedTearstoneRing","TheAbacus","Bronze Scales","Strawberry","Pear","Strange Spoon","Art of War","Sling","Chameleon Ring"],"acts_visited":["Exordium","TheCity","TheBeyond"],"potions_floor_usage":[16,16,16,16,16,16,16,16,16,16,16,16,16,16,16,16,16,16,16,16,16,16,16,16,16,16,20,20,20,20,20,40,40,40,40],"damage_taken":[{"damage":0,"enemies":"Jaw Worm","floor":1,"turns":1},{"damage":0,"enemies":"3 Sentries","floor":6,"turns":2},{"damage":0,"enemies":"Lagavulin","floor":11,"turns":1},{"damage":2,"enemies":"conspire:RoseBush","floor":14,"turns":1},{"damage":0,"enemies":"Fading Forest","floor":16,"turns":2},{"damage":0,"enemies":"conspire:FuzzyDice","floor":18,"turns":2},{"damage":0,"enemies":"Chosen","floor":20,"turns":1},{"damage":0,"enemies":"Shelled Parasite and Fungi","floor":22,"turns":1},{"damage":0,"enemies":"REME_1_Revenger","floor":24,"turns":1},{"damage":0,"enemies":"Snecko","floor":27,"turns":2},{"damage":0,"enemies":"Book of Stabbing","floor":28,"turns":1},{"damage":0,"enemies":"Centurion and Healer","floor":29,"turns":3},{"damage":0,"enemies":"Collector","floor":33,"turns":1},{"damage":3,"enemies":"3 Shapes","floor":35,"turns":1},{"damage":0,"enemies":"conspire:MimicChest","floor":36,"turns":1},{"damage":0,"enemies":"Orb Walker","floor":38,"turns":1},{"damage":0,"enemies":"Spire Growth","floor":39,"turns":1},{"damage":0,"enemies":"Giant Head","floor":40,"turns":1},{"damage":0,"enemies":"Jaw Worm Horde","floor":44,"turns":1},{"damage":0,"enemies":"3 Darklings","floor":48,"turns":1},{"damage":0,"enemies":"Donu and Deca","floor":50,"turns":1}],"seed_played":"153271037148623534","potions_obtained":[],"is_trial":false,"path_per_floor":["M","?","$","?","?","E","$","$","T","R","E","?","R","M","R","B",null,"M","$","M","$","M","?","E","R","T","M","E","M","R","?","R","B",null,"M","?","$","M","M","E","R","$","T","M","?","$","?","M","R","B",null],"character_chosen":"THE_PLACEHOLDER","items_purchased":["REME_HeartOfCthun","Blue Doll","BargainBundle","MerchantsRug","PlaceholderMod:FlatBlood","REME_HourglassOfDeath","Akabeko","PlaceholderMod:HighConcentration","PlaceholderMod:Colorful","Replay:BasicMightCard","PlaceholderMod:Corrosion","Frozen Eye","MealTicket","conspire:Dentures","Potion Belt","REME_OnlineShoppingPlatform","RuthlessExorcism:ReiMu","PlaceholderMod:Eat","PlaceholderMod:StressReaction","conspire:TreasureMap","Tea:ReiMu","Gremlin Food","Lee\u0027s Waffle","REME_HandOfSuture","Darkstone Periapt","PlaceholderMod:ComplexForm","Replay:WaspNest","ReplayTheSpireMod:ShopPack","PlaceholderMod:DaolothFragment","Letter Opener","PlaceholderMod:Activation","AT_Manta","Membership Card","Bag of Marbles","Meat on the Bone","Medical Kit","Toolbox","ReplayFunnel","Juzu Bracelet","Ornamental Fan","CrazyTorch:ReiMu","Quantum Egg","AT_RedTearstoneRing","TheAbacus","Strawberry","Pear","Strange Spoon","Art of War","Sling","conspire:Banana","Master of Strategy","PlaceholderMod:Colorful+1"],"campfire_rested":0,"item_purchase_floors":[3,3,3,3,3,3,3,3,3,3,3,7,7,7,7,7,7,7,7,8,8,8,8,8,8,8,19,19,19,19,19,21,21,21,21,37,37,37,37,37,42,42,42,42,46,46,46,46,46,46,46,46],"current_hp_per_floor":[78,78,78,78,78,78,78,85,85,85,85,85,85,86,86,87,87,88,88,90,90,93,56,59,59,59,60,63,68,68,68,68,77,102,100,104,104,107,110,113,113,113,113,116,116,133,133,134,134,137],"gold":15719,"neow_bonus":"THREE_ENEMY_KILL","is_daily":false,"chose_seed":false,"campfire_upgraded":2,"win_rate":0.0,"timestamp":1608742979,"path_taken":["M","?","$","?","?","E","?","$","T","R","E","?","R","M","R","BOSS","M","$","M","$","M","?","E","R","T","M","E","M","R","?","R","BOSS","M","?","$","M","M","E","R","$","T","M","?","$","?","M","R","BOSS"],"items_purchased_type":["Card","Relic","Relic","Relic","Relic","Relic","Relic","Card","Card","Card","Card","Relic","Relic","Relic","Relic","Relic","Relic","Card","Card","Relic","Relic","Relic","Relic","Relic","Relic","Card","Relic","Relic","Relic","Relic","Card","Relic","Relic","Relic","Relic","Relic","Relic","Relic","Relic","Relic","Relic","Relic","Relic","Relic","Relic","Relic","Relic","Relic","Relic","Card","Card","Card"],"build_version":"2020-12-22","purchased_purges":11,"victory":true,"max_hp_per_floor":[78,78,78,78,78,78,78,85,85,85,85,85,85,86,86,87,87,88,88,90,90,93,93,96,96,96,97,100,101,101,101,101,102,102,103,104,104,107,110,113,113,113,113,116,116,133,133,134,134,137],"card_choices":[{"not_picked":["PlaceholderMod:NearChange","PlaceholderMod:Break"],"picked":"PlaceholderMod:SpinBlade","floor":1},{"not_picked":["PlaceholderMod:Polyp","PlaceholderMod:DiffusionChemical"],"picked":"PlaceholderMod:SeverePoisonStrike","floor":6},{"not_picked":["PlaceholderMod:HornyCollision","PlaceholderMod:AngryAttack"],"picked":"PlaceholderMod:PericyclicReaction","floor":11},{"not_picked":["PlaceholderMod:HornyBlast","PlaceholderMod:SeverePoisonStrike","PlaceholderMod:NearChange"],"picked":"SKIP","floor":14},{"not_picked":["PlaceholderMod:Eat","PlaceholderMod:InnerSoften"],"picked":"PlaceholderMod:QualitativeChange","floor":16},{"not_picked":["PlaceholderMod:PoisonBlast+1","PlaceholderMod:Sweep","PlaceholderMod:HardStinger","The Bomb"],"picked":"SKIP","floor":18},{"not_picked":["Secret Weapon","The Bomb","Violence"],"picked":"Panache","floor":19},{"not_picked":["REME_ShortnessOfBreath","Purity","ReplayUltimateDefense"],"picked":"conspire:Banana","floor":19},{"not_picked":["Impatience","Replay:Sssssssssshield","Chrysalis"],"picked":"Specialist","floor":19},{"not_picked":["PlaceholderMod:TriggerStrike","PlaceholderMod:UnpureUse","PlaceholderMod:DiffusionChemical","Impatience"],"picked":"SKIP","floor":20},{"not_picked":["PlaceholderMod:DissolvingSpikes","PlaceholderMod:HardStrike","PlaceholderMod:ProliferateStrike","Thinking Ahead"],"picked":"SKIP","floor":22},{"not_picked":["PlaceholderMod:Package","PlaceholderMod:ConsolidateHit","AT_TearsDenial"],"picked":"PlaceholderMod:Colorful+1","floor":23},{"not_picked":["PlaceholderMod:StrongAcid","PlaceholderMod:HardStrike","Flash of Steel"],"picked":"PlaceholderMod:MultiReaction","floor":24},{"not_picked":["PlaceholderMod:HardStrike","PlaceholderMod:OHStrongAttack","PlaceholderMod:PoisonBlast"],"picked":"Master of Strategy","floor":27},{"not_picked":["PlaceholderMod:Stratification","PlaceholderMod:StressReaction","PlaceholderMod:Turn","ReplayTheSpireMod:Necrogeddon"],"picked":"SKIP","floor":28},{"not_picked":["PlaceholderMod:ComplexForm","PlaceholderMod:Stratification","PlaceholderMod:Sweep","REME_MawOfCthun"],"picked":"SKIP","floor":29},{"not_picked":["PlaceholderMod:FinalSpray","PlaceholderMod:Eat","REME_Flogging"],"picked":"PlaceholderMod:DiffusionPoison","floor":33},{"not_picked":["PlaceholderMod:Stable+1","PlaceholderMod:TriggerStrike+1","PlaceholderMod:HardStrike+1","Violence"],"picked":"SKIP","floor":35},{"not_picked":["PlaceholderMod:ProliferateStrike","PlaceholderMod:PoisonAbsorb+1","PlaceholderMod:DiffusionChemical+1"],"picked":"REME_PuzzleBox","floor":36},{"not_picked":["PlaceholderMod:HighConcentration","PlaceholderMod:ChainPoly","PlaceholderMod:ParasiteChange+1","Secret Technique"],"picked":"SKIP","floor":38},{"not_picked":["PlaceholderMod:HardStinger+1","PlaceholderMod:SelfCoupling","PlaceholderMod:SpinBlade+1","Panacea"],"picked":"SKIP","floor":39},{"not_picked":["PlaceholderMod:Crystallization+1","PlaceholderMod:ReactionCatalyze","PlaceholderMod:SevereHeat","Bandage Up"],"picked":"SKIP","floor":40},{"not_picked":["PlaceholderMod:StrongAcid+1","PlaceholderMod:ThreeBenzyolStart+1","PlaceholderMod:Corrosion+1","Trip+1"],"picked":"SKIP","floor":44},{"not_picked":["PlaceholderMod:HornyBlast+1","PlaceholderMod:StressReaction+1","PlaceholderMod:Internalization","Secret Technique"],"picked":"SKIP","floor":48}],"player_experience":560534,"relics_obtained":[{"floor":6,"key":"Kunai"},{"floor":9,"key":"Simple Rune"},{"floor":11,"key":"Omamori"},{"floor":23,"key":"Shovel"},{"floor":24,"key":"ReplayTheSpireMod:Lightbulb"},{"floor":26,"key":"AT_ArchangelStaff"},{"floor":28,"key":"Happy Flower"},{"floor":32,"key":"Tiny Chest"},{"floor":36,"key":"REME_ArchaeologicalTools"},{"floor":41,"key":"Orichalcum"},{"floor":43,"key":"Bronze Scales"},{"floor":49,"key":"Chameleon Ring"}],"event_choices":[{"cards_removed":["PlaceholderMod:BaseDefend"],"damage_healed":0,"gold_gain":0,"player_choice":"Card Removal","damage_taken":0,"max_hp_gain":0,"max_hp_loss":0,"event_name":"The Cleric","floor":2,"gold_loss":50},{"damage_healed":0,"gold_gain":0,"player_choice":"Leave","damage_taken":0,"max_hp_gain":0,"max_hp_loss":0,"event_name":"conspire:Investor","floor":4,"gold_loss":0},{"damage_healed":0,"gold_gain":0,"player_choice":"Trade","damage_taken":0,"relics_obtained":["FaceOfCleric"],"max_hp_gain":0,"max_hp_loss":0,"event_name":"FaceTrader","floor":12,"gold_loss":0},{"damage_healed":0,"gold_gain":0,"player_choice":"Upgrade","damage_taken":0,"max_hp_gain":0,"max_hp_loss":0,"event_name":"Designer","floor":15,"gold_loss":40,"cards_upgraded":["PlaceholderMod:SeverePoisonStrike"]},{"damage_healed":0,"gold_gain":0,"player_choice":"Got Potions","damage_taken":0,"max_hp_gain":0,"max_hp_loss":0,"event_name":"Lab","floor":31,"gold_loss":0},{"cards_removed":["PlaceholderMod:PoisonWhip"],"damage_healed":0,"gold_gain":0,"player_choice":"Purged","damage_taken":0,"max_hp_gain":0,"max_hp_loss":0,"event_name":"Purifier","floor":45,"gold_loss":0},{"damage_healed":0,"gold_gain":0,"player_choice":"Memory 1","damage_taken":0,"max_hp_gain":0,"max_hp_loss":0,"event_name":"SensoryStone","floor":47,"gold_loss":0}],"is_beta":false,"boss_relics":[{"not_picked":["Pandora\u0027s Box","Tiny House"],"picked":"REME_LowDesire"},{"not_picked":["Abe\u0027s Treasure","Kintsugi"],"picked":"SlaversCollar"}],"items_purged_floors":[3,7,8,19,19,21,37,37,42,42,46],"is_endless":false,"potions_floor_spawned":[11,14,18,24,29,33,36,38,39,48],"ascension_level":0}}