{"host":"9l1t8qfvjw8023k6","time":1608747770,"event":{"mods":["AchievementEnabler","Aspiration","BaseMod","Conspire","Defuse TimeMaze Blight","Energized Spire","GungeonMod","Hubris","Infinite Spire","Jedi Mod","Lobotomy","Minty Spire (QoL Compilation)","Quick Restart","Replay The Spire","Shop Mod","StSLib","The Animator","The Bug Knight","The Construct","The Jungle","The Runesmith","The Servant 0.9.4"],"gold_per_floor":[117,117,117,3,3,3,3,3,30,30,30,41,72,89,89,160,160,180,180,180,13,13,13],"floor_reached":22,"playtime":942,"items_purged":[],"score":356,"play_id":"dbfd0999-8220-4bbc-a892-4f1ab788cd8a","local_time":"20201223112250","daily_mods":["Draft","Vintage","Heirloom","Time Dilation","Flight","DeadlyEvents","Elite Swarm"],"is_ascension_mode":true,"campfire_choices":[{"data":"Turbo","floor":6,"key":"SMITH"},{"data":"Loop","floor":7,"key":"SMITH"},{"data":"Static Discharge","floor":8,"key":"SMITH"},{"data":"Hello World","floor":10,"key":"SMITH"},{"data":"Time Bomb","floor":11,"key":"SMITH"},{"floor":15,"key":"DIG"}],"circlet_count":0,"master_deck":["AscendersBane","Static Discharge+1","Time Bomb+1","Loop+1","Turbo+1","Gash","Static Discharge","Hello World+1","Sweeping Beam","Static Discharge","Gash","Sweeping Beam","Go for the Eyes","jedi:BurstLightning","Loop+1","jedi:sharpshooter","Echo Form","Seek","infinitespire:Collect"],"relics":["Unceasing Top","Counterbalance","Dream Catcher","DemoMod:GnawedKey","Potion Belt","hubris:SlimyHat","Happy Flower","Pet Ghost","jedi:cryingmask","SlaversCollar","jedi:firstaidkit","aspiration:RitualStick","jedi:crownofsimplicity","Tiny Chest"],"acts_visited":["TheCity"],"potions_floor_usage":[12,22],"damage_taken":[{"damage":7,"enemies":"Small Slimes","floor":1,"turns":4},{"damage":5,"enemies":"2 Louse","floor":12,"turns":2},{"damage":7,"enemies":"Gremlin Nob","floor":13,"turns":3},{"damage":5,"enemies":"Cultist","floor":14,"turns":3},{"damage":34,"enemies":"Hexaghost","floor":16,"turns":5},{"damage":17,"enemies":"Chosen","floor":18,"turns":3},{"damage":22,"enemies":"Book of Stabbing","floor":22,"turns":2}],"seed_played":"3096596916956361369","potions_obtained":[{"floor":1,"key":"Explosive Potion"},{"floor":12,"key":"GamblersBrew"},{"floor":16,"key":"Adrenaline Potion"}],"is_trial":true,"path_per_floor":["M","?","?","$","?","R","R","R","T","R","R","M","E","M","R","B",null,"M","?","AVR","$","E"],"character_chosen":"DEFECT","items_purchased":["DemoMod:GnawedKey","Tiny Chest"],"campfire_rested":0,"item_purchase_floors":[4,21],"current_hp_per_floor":[57,53,53,53,53,53,53,53,53,53,53,48,41,36,36,2,54,37,19,19,19,0,0],"gold":13,"neow_bonus":"","is_daily":false,"chose_seed":false,"campfire_upgraded":5,"win_rate":0.0,"timestamp":1608747770,"path_taken":["M","?","?","$","?","R","R","R","T","R","R","?","E","?","R","BOSS","M","?","AVR","?","?"],"items_purchased_type":["Relic","Relic"],"build_version":"2020-12-22","purchased_purges":0,"victory":false,"max_hp_per_floor":[71,71,71,71,71,71,71,71,71,71,71,71,71,71,71,71,71,71,71,71,71,71,71],"card_choices":[{"not_picked":["Melter","Go for the Eyes"],"picked":"Static Discharge","floor":0},{"not_picked":["aspiration:Polymerization","Streamline"],"picked":"Time Bomb","floor":0},{"not_picked":["Cold Snap","Streamline"],"picked":"Loop","floor":0},{"not_picked":["Melter","Tempest"],"picked":"Turbo","floor":0},{"not_picked":["conspire:Rain","Glacier"],"picked":"Gash","floor":0},{"not_picked":["jedi:BurstLightning","Go for the Eyes"],"picked":"Static Discharge","floor":0},{"not_picked":["Redo","Conserve Battery"],"picked":"Hello World","floor":0},{"not_picked":["Streamline","Cold Snap"],"picked":"Sweeping Beam","floor":0},{"not_picked":["Gash","jedi:locknload"],"picked":"Static Discharge","floor":0},{"not_picked":["Steam","jedi:BurstFrost"],"picked":"Gash","floor":0},{"not_picked":["Recycle","Streamline"],"picked":"Sweeping Beam","floor":0},{"not_picked":["Redo","jedi:BurstFrost"],"picked":"Go for the Eyes","floor":0},{"not_picked":["jedi:BurstFrost","Melter"],"picked":"jedi:BurstLightning","floor":0},{"not_picked":["Go for the Eyes","BasicCrystalCard"],"picked":"Loop","floor":0},{"not_picked":["jedi:blockon","Coolheaded"],"picked":"jedi:sharpshooter","floor":0},{"not_picked":["jedi:bruteforce","jedi:darknesscall"],"picked":"Echo Form","floor":13},{"not_picked":["Rainbow","Core Surge"],"picked":"Seek","floor":16}],"player_experience":179006,"relics_obtained":[{"floor":1,"key":"Dream Catcher"},{"floor":9,"key":"Potion Belt"},{"floor":12,"key":"hubris:SlimyHat"},{"floor":13,"key":"Happy Flower"},{"floor":14,"key":"Pet Ghost"},{"floor":15,"key":"jedi:cryingmask"},{"floor":18,"key":"jedi:firstaidkit"}],"event_choices":[{"damage_healed":0,"gold_gain":0,"player_choice":"Leave","damage_taken":0,"max_hp_gain":0,"max_hp_loss":0,"event_name":"conspire:Investor","floor":2,"gold_loss":0},{"damage_healed":0,"gold_gain":0,"player_choice":"Leave","damage_taken":0,"max_hp_gain":0,"max_hp_loss":0,"event_name":"The Cleric","floor":3,"gold_loss":0}],"is_beta":false,"boss_relics":[{"not_picked":["hubris:Stopwatch","jedi:battlestandard"],"picked":"SlaversCollar"}],"items_purged_floors":[],"is_endless":false,"potions_floor_spawned":[1,12,16],"killed_by":"Book of Stabbing","ascension_level":20}}