{"host":"qxeepl7ydvsgmfdb","time":1608705478,"event":{"mods":["AchievementEnabler","BaseMod","Colored Powertips","Minty Spire (QoL Compilation)","Quick Restart","slay the spire mod where everything is the same but ironclad has a cowboy hat"],"gold_per_floor":[110,285,285,285,310,310,351,43,67,83,98,17,35,70,70,196,196,221,221,146,146,146,189,189,232,232,252,296,118,118,137,137,260,323,347,371,103,103,123,123,161,161,188,188,188],"floor_reached":44,"playtime":1310,"items_purged":["Strike_B"],"score":662,"play_id":"ccacabb7-c944-41b2-a9d6-9b989e4605ad","local_time":"20201223013758","is_ascension_mode":true,"campfire_choices":[{"floor":6.0,"key":"REST"},{"floor":15.0,"key":"REST"},{"data":"White Noise","floor":24.0,"key":"SMITH"},{"floor":30.0,"key":"REST"},{"data":"Defragment","floor":32.0,"key":"SMITH"},{"floor":40.0,"key":"REST"}],"circlet_count":0,"master_deck":["Strike_B","Strike_B","Defend_B+1","Defend_B","Defend_B","Defend_B","Zap","Dualcast","Darkness","Chaos","Electrodynamics","Ball Lightning","Doom and Gloom","Go for the Eyes","White Noise+1","Coolheaded","Turbo","Echo Form+1","Redo","Sweeping Beam+1","Defragment+1","Capacitor+1","Parasite","Coolheaded","Fusion+1","Writhe"],"relics":["Cracked Core","NeowsBlessing","Golden Idol","Pen Nib","Eternal Feather","MealTicket","Letter Opener","Nuclear Battery","Dream Catcher","Enchiridion","White Beast Statue","Bottled Flame","Strawberry","The Courier","Vajra","Tiny House","Symbiotic Virus","Mummified Hand","Smiling Mask"],"acts_visited":["Exordium","TheCity","TheBeyond"],"potions_floor_usage":[41,41],"damage_taken":[{"damage":0.0,"enemies":"2 Louse","floor":1.0,"turns":1.0},{"damage":0.0,"enemies":"Small Slimes","floor":5.0,"turns":1.0},{"damage":0.0,"enemies":"3 Sentries","floor":7.0,"turns":1.0},{"damage":7.0,"enemies":"Jaw Worm","floor":10.0,"turns":3.0},{"damage":12.0,"enemies":"Blue Slaver","floor":11.0,"turns":4.0},{"damage":15.0,"enemies":"3 Louse","floor":13.0,"turns":2.0},{"damage":11.0,"enemies":"Lagavulin","floor":14.0,"turns":5.0},{"damage":59.0,"enemies":"The Guardian","floor":16.0,"turns":11.0},{"damage":14.0,"enemies":"3 Byrds","floor":18.0,"turns":3.0},{"damage":0.0,"enemies":"Gremlin Leader","floor":23.0,"turns":4.0},{"damage":19.0,"enemies":"Book of Stabbing","floor":25.0,"turns":3.0},{"damage":3.0,"enemies":"Chosen","floor":27.0,"turns":3.0},{"damage":15.0,"enemies":"Slavers","floor":28.0,"turns":2.0},{"damage":0.0,"enemies":"3 Cultists","floor":31.0,"turns":2.0},{"damage":35.0,"enemies":"Collector","floor":33.0,"turns":5.0},{"damage":20.0,"enemies":"3 Shapes","floor":35.0,"turns":3.0},{"damage":21.0,"enemies":"Orb Walker","floor":36.0,"turns":3.0},{"damage":25.0,"enemies":"Writhing Mass","floor":39.0,"turns":4.0},{"damage":44,"enemies":"Reptomancer","floor":41,"turns":4},{"damage":60,"enemies":"Giant Head","floor":44,"turns":7}],"seed_played":"8217976234397083697","potions_obtained":[{"floor":1.0,"key":"EssenceOfDarkness"},{"floor":10.0,"key":"Weak Potion"},{"floor":16.0,"key":"Dexterity Potion"},{"floor":18.0,"key":"SteroidPotion"},{"floor":25.0,"key":"Dexterity Potion"},{"floor":27.0,"key":"DistilledChaos"},{"floor":28.0,"key":"BlessingOfTheForge"},{"floor":34.0,"key":"DuplicationPotion"},{"floor":35.0,"key":"FocusPotion"},{"floor":41,"key":"Energy Potion"}],"is_trial":false,"path_per_floor":["M","?","?","?","M","R","E","$","T","M","M","$","M","E","R","B",null,"M","?","?","?","?","E","R","E","T","M","E","$","R","M","R","B",null,"M","M","$","?","M","R","E","?","T","E"],"character_chosen":"DEFECT","items_purchased":["Eternal Feather","Ball Lightning","White Noise","Vajra","Defragment","Symbiotic Virus"],"campfire_rested":4,"item_purchase_floors":[8,8,12,29,29,37],"current_hp_per_floor":[75,75,68,50,50,72,72,72,72,65,53,68,53,42,73,14,75,61,61,61,45,45,45,57,38,45,42,27,42,78,78,82,47,87,67,46,61,61,36,74,30,52,52,0,0],"gold":188,"neow_bonus":"THREE_ENEMY_KILL","is_daily":false,"chose_seed":false,"campfire_upgraded":2,"win_rate":0.0,"timestamp":1608705478,"path_taken":["M","?","?","?","M","R","E","$","T","M","M","?","M","E","R","BOSS","M","?","?","?","?","E","R","E","T","M","E","$","R","M","R","BOSS","M","M","$","?","?","R","E","?","T","E"],"items_purchased_type":["Relic","Card","Card","Relic","Card","Relic"],"build_version":"2020-12-13","purchased_purges":1,"victory":false,"max_hp_per_floor":[75,75,75,75,75,75,75,75,75,75,75,75,75,75,75,75,75,75,75,75,75,75,75,75,75,82,82,82,82,82,82,82,82,87,87,87,87,87,87,87,87,87,87,87,87],"card_choices":[{"not_picked":["Rip and Tear","Loop"],"picked":"Darkness","floor":1.0},{"not_picked":["Turbo","Leap"],"picked":"Chaos","floor":5.0},{"not_picked":["Loop","Streamline"],"picked":"Electrodynamics","floor":7.0},{"not_picked":["Coolheaded","Chaos"],"picked":"Doom and Gloom","floor":10.0},{"not_picked":["Hologram","Rebound"],"picked":"Go for the Eyes","floor":11.0},{"not_picked":["Rebound","Glacier"],"picked":"Coolheaded","floor":13.0},{"not_picked":["Chaos","Coolheaded"],"picked":"Turbo","floor":14.0},{"not_picked":["Core Surge","Biased Cognition"],"picked":"Echo Form","floor":16.0},{"not_picked":["Barrage","Hologram+1"],"picked":"Redo","floor":18.0},{"not_picked":["Undo","Gash+1"],"picked":"Sweeping Beam+1","floor":23.0},{"not_picked":["Sweeping Beam","Hologram","Ball Lightning"],"picked":"SKIP","floor":25.0},{"not_picked":["Stack","Compile Driver","Storm"],"picked":"SKIP","floor":27.0},{"not_picked":["Recycle","Hello World","Go for the Eyes"],"picked":"SKIP","floor":28.0},{"not_picked":["Hologram","Go for the Eyes"],"picked":"Capacitor+1","floor":31.0},{"not_picked":["Stack+1","Beam Cell","Streamline+1"],"picked":"SKIP","floor":35.0},{"not_picked":["Barrage+1","Gash","Lockon"],"picked":"SKIP","floor":36.0},{"not_picked":["Go for the Eyes","Reprogram+1"],"picked":"Coolheaded","floor":39.0},{"not_picked":["Double Energy+1","Leap+1"],"picked":"Fusion+1","floor":41}],"player_experience":325404,"relics_obtained":[{"floor":7.0,"key":"Pen Nib"},{"floor":9.0,"key":"MealTicket"},{"floor":14.0,"key":"Letter Opener"},{"floor":21.0,"key":"Enchiridion"},{"floor":23.0,"key":"White Beast Statue"},{"floor":25.0,"key":"Bottled Flame"},{"floor":26.0,"key":"Strawberry"},{"floor":28.0,"key":"The Courier"},{"floor":41,"key":"Mummified Hand"},{"floor":43,"key":"Smiling Mask"}],"event_choices":[{"damage_healed":0.0,"max_hp_gain":0.0,"max_hp_loss":0.0,"gold_gain":175.0,"event_name":"Liars Game","player_choice":"AGREE","floor":2.0,"gold_loss":0.0,"damage_taken":0.0,"cards_obtained":["Doubt"]},{"cards_removed":["Doubt"],"damage_healed":0.0,"max_hp_gain":0.0,"max_hp_loss":0.0,"gold_gain":0.0,"event_name":"Golden Wing","player_choice":"Card Removal","floor":3.0,"gold_loss":0.0,"damage_taken":7.0},{"damage_healed":0.0,"max_hp_gain":0.0,"max_hp_loss":0.0,"gold_gain":0.0,"event_name":"Golden Idol","player_choice":"Take Damage","floor":4.0,"gold_loss":0.0,"damage_taken":18.0,"relics_obtained":["Golden Idol"]},{"damage_healed":0.0,"max_hp_gain":0.0,"max_hp_loss":0.0,"gold_gain":0.0,"event_name":"The Mausoleum","player_choice":"Opened","floor":19.0,"gold_loss":0.0,"damage_taken":0.0,"relics_obtained":["Dream Catcher"]},{"cards_removed":["Strike_B"],"damage_healed":0.0,"max_hp_gain":0.0,"max_hp_loss":0.0,"gold_gain":0.0,"event_name":"Beggar","player_choice":"Gave Gold","floor":20.0,"gold_loss":75.0,"damage_taken":0.0},{"damage_healed":0.0,"max_hp_gain":0.0,"max_hp_loss":0.0,"gold_gain":0.0,"event_name":"Cursed Tome","player_choice":"Obtained Book","floor":21.0,"gold_loss":0.0,"damage_taken":16.0},{"damage_healed":0.0,"max_hp_gain":0.0,"max_hp_loss":0.0,"gold_gain":0.0,"event_name":"Ghosts","player_choice":"Ignored","floor":22.0,"gold_loss":0.0,"damage_taken":0.0},{"damage_healed":0.0,"max_hp_gain":0.0,"max_hp_loss":0.0,"gold_gain":0.0,"event_name":"Accursed Blacksmith","player_choice":"Forge","floor":38.0,"gold_loss":0.0,"damage_taken":0.0,"cards_upgraded":["Echo Form"]},{"damage_healed":22,"gold_gain":0,"player_choice":"Writhe","damage_taken":0,"max_hp_gain":0,"max_hp_loss":0,"event_name":"Winding Halls","floor":42,"gold_loss":0,"cards_obtained":["Writhe"]}],"is_beta":false,"boss_relics":[{"not_picked":["Runic Pyramid","Runic Dome"],"picked":"Nuclear Battery"},{"not_picked":["Black Star","Sozu"],"picked":"Tiny House"}],"items_purged_floors":[37],"is_endless":false,"potions_floor_spawned":[1,10,16,18,25,27,28,31,33,35,36,39,41],"killed_by":"Giant Head","ascension_level":4}}