{"host":"dth8fvkfiulu86fi","time":1608729096,"event":{"mods":["2.2 Compatiblity","AchievementEnabler","BaseMod","Better Third Choice","Colored Map","Colored Powertips","Minty Spire (QoL Compilation)","Rare Cards Sparkle","StSLib","SuperFastMode","Synergy Search"],"gold_per_floor":[114,114,153,172,191,229,229,248,248,323,323,342,142,161,161,286,286,305,305,338,338,357,376,395,433,433,10,10,29,29,48,48,173,173,192,211,230,30,30,30,49,49,49,49,49,49],"floor_reached":45,"playtime":1920,"items_purged":[],"score":464,"play_id":"03518579-8d63-4f9c-abba-3d775f668e7a","local_time":"20201223141136","daily_mods":["SealedDeck","Red Cards","Night Terrors"],"is_ascension_mode":false,"campfire_choices":[{"data":"Flex","floor":7.0,"key":"SMITH"},{"floor":15.0,"key":"REST"},{"data":"FollowUp","floor":30.0,"key":"SMITH"},{"data":"FollowUp","floor":32.0,"key":"SMITH"},{"data":"Master of Strategy","floor":40.0,"key":"SMITH"},{"data":"Flex","floor":42.0,"key":"SMITH"},{"data":"Finesse","floor":44.0,"key":"SMITH"}],"circlet_count":0,"master_deck":["FollowUp+1","FollowUp+1","Twin Strike","Shrug It Off","EmptyFist","Flex+1","FlurryOfBlows","Consecrate","Crescendo","Consecrate","Twin Strike","Power Through","FlurryOfBlows","Flex+1","Protect","Finesse+1","Tantrum","EmptyFist","EmptyFist","Adaptation+1","EmptyFist+1","InnerPeace+1","EmptyFist+1","Master of Strategy+1","Crescendo"],"relics":["PureWater","Golden Idol","Blue Candle","StrikeDummy","Orrery","Busted Crown","Red Mask","Question Card","StoneCalendar","Eternal Feather","Lee\u0027s Waffle","Astrolabe","Smiling Mask"],"acts_visited":["Exordium","TheCity","TheBeyond"],"potions_floor_usage":[45],"damage_taken":[{"damage":0.0,"enemies":"2 Louse","floor":1.0,"turns":1.0},{"damage":0.0,"enemies":"Jaw Worm","floor":3.0,"turns":1.0},{"damage":0.0,"enemies":"Small Slimes","floor":4.0,"turns":2.0},{"damage":0.0,"enemies":"2 Fungi Beasts","floor":5.0,"turns":1.0},{"damage":10.0,"enemies":"Gremlin Nob","floor":6.0,"turns":3.0},{"damage":4.0,"enemies":"Gremlin Gang","floor":8.0,"turns":3.0},{"damage":13.0,"enemies":"Red Slaver","floor":12.0,"turns":2.0},{"damage":2.0,"enemies":"Exordium Wildlife","floor":14.0,"turns":3.0},{"damage":34.0,"enemies":"Hexaghost","floor":16.0,"turns":6.0},{"damage":2.0,"enemies":"Shell Parasite","floor":18.0,"turns":3.0},{"damage":0.0,"enemies":"Masked Bandits","floor":20.0,"turns":2.0},{"damage":0.0,"enemies":"3 Byrds","floor":22.0,"turns":3.0},{"damage":15.0,"enemies":"Snecko","floor":23.0,"turns":3.0},{"damage":0.0,"enemies":"Shelled Parasite and Fungi","floor":24.0,"turns":1.0},{"damage":7.0,"enemies":"Slavers","floor":25.0,"turns":4.0},{"damage":12.0,"enemies":"Snake Plant","floor":29.0,"turns":4.0},{"damage":10.0,"enemies":"Centurion and Healer","floor":31.0,"turns":2.0},{"damage":61.0,"enemies":"Collector","floor":33.0,"turns":9.0},{"damage":14.0,"enemies":"3 Darklings","floor":35.0,"turns":3.0},{"damage":25.0,"enemies":"3 Shapes","floor":36.0,"turns":3.0},{"damage":0.0,"enemies":"Transient","floor":37.0,"turns":5.0},{"damage":36.0,"enemies":"Maw","floor":41.0,"turns":6.0},{"damage":42,"enemies":"Writhing Mass","floor":45,"turns":4}],"seed_played":"4926568582952100995","potions_obtained":[{"floor":1.0,"key":"EntropicBrew"},{"floor":4.0,"key":"Explosive Potion"},{"floor":6.0,"key":"SpeedPotion"},{"floor":16.0,"key":"StancePotion"},{"floor":18.0,"key":"DistilledChaos"},{"floor":25.0,"key":"CultistPotion"},{"floor":33.0,"key":"AttackPotion"}],"is_trial":false,"path_per_floor":["M","?","M","M","M","E","R","M","T","?","?","M","$","M","R","B",null,"M","?","?","?","M","M","M","E","T","$","?","M","R","M","R","B",null,"M","M","M","$","$","R","M","R","T","R","M"],"character_chosen":"WATCHER","items_purchased":["Orrery","Block Potion","Eternal Feather","Lee\u0027s Waffle","EmptyFist","Master of Strategy","Crescendo"],"campfire_rested":1,"item_purchase_floors":[13,13,27,27,27,38,38],"current_hp_per_floor":[72,67,67,67,67,57,57,53,53,42,42,29,29,27,62,28,62,60,60,60,60,60,45,45,38,38,69,69,57,69,59,69,8,69,55,30,30,30,30,45,9,24,24,39,0,0],"gold":49,"neow_bonus":"","is_daily":true,"chose_seed":false,"campfire_upgraded":6,"win_rate":0.0,"timestamp":1608729096,"path_taken":["M","?","M","M","M","E","R","M","T","?","?","M","$","M","R","BOSS","M","?","?","?","M","M","M","E","T","$","?","M","R","M","R","BOSS","M","M","?","?","$","R","M","R","T","R","M"],"items_purchased_type":["Relic","Potion","Relic","Relic","Card","Card","Card"],"build_version":"2020-12-22","purchased_purges":0,"victory":false,"max_hp_per_floor":[72,67,67,67,67,67,67,67,67,67,67,67,67,67,62,62,62,62,62,62,62,62,62,62,62,62,69,69,69,69,69,69,69,69,69,69,69,69,69,69,69,69,69,69,69,69],"card_choices":[{"not_picked":["Wallop","Blood for Blood"],"picked":"Sword Boomerang","floor":1.0},{"not_picked":["Second Wind","SashWhip"],"picked":"Consecrate","floor":3.0},{"not_picked":["Burning Pact","WindmillStrike"],"picked":"Crescendo","floor":4.0},{"not_picked":["Study","Evolve"],"picked":"Consecrate","floor":5.0},{"not_picked":["Iron Wave","LessonLearned","SandsOfTime"],"picked":"SKIP","floor":6.0},{"not_picked":["CrushJoints","Clash"],"picked":"Twin Strike","floor":8.0},{"not_picked":["Iron Wave","Halt"],"picked":"Power Through","floor":12.0},{"not_picked":["EmptyFist","Wild Strike"],"picked":"FlurryOfBlows","floor":13.0},{"not_picked":["Bludgeon","ClearTheMind"],"picked":"Flex","floor":13.0},{"not_picked":["Rupture","FlyingSleeves"],"picked":"Protect","floor":13.0},{"not_picked":["Spot Weakness","Rampage","Bloodletting"],"picked":"SKIP","floor":14.0},{"not_picked":["Havoc"],"picked":"SKIP","floor":18.0},{"not_picked":["Cleave"],"picked":"SKIP","floor":22.0},{"not_picked":["Cleave"],"picked":"SKIP","floor":22.0},{"not_picked":["WheelKick+1"],"picked":"SKIP","floor":23.0},{"not_picked":["Prostrate+1"],"picked":"SKIP","floor":24.0},{"not_picked":["Iron Wave+1"],"picked":"SKIP","floor":25.0},{"not_picked":["InnerPeace+1"],"picked":"EmptyFist","floor":29.0},{"not_picked":["Thunderclap","SashWhip+1"],"picked":"SKIP","floor":31.0},{"not_picked":["Feel No Pain+1","Warcry"],"picked":"SKIP","floor":35.0},{"not_picked":["Dual Wield+1"],"picked":"EmptyFist+1","floor":36.0},{"not_picked":["Dropkick+1","PathToVictory"],"picked":"SKIP","floor":37.0},{"not_picked":["Prostrate","Barricade"],"picked":"SKIP","floor":41.0}],"player_experience":1115480,"relics_obtained":[{"floor":6.0,"key":"Blue Candle"},{"floor":9.0,"key":"StrikeDummy"},{"floor":20.0,"key":"Red Mask"},{"floor":25.0,"key":"Question Card"},{"floor":26.0,"key":"StoneCalendar"},{"floor":43.0,"key":"Smiling Mask"}],"event_choices":[{"damage_healed":0.0,"max_hp_gain":0.0,"max_hp_loss":5.0,"gold_gain":0.0,"event_name":"Golden Idol","player_choice":"Lose Max HP","floor":2.0,"gold_loss":0.0,"damage_taken":0.0,"relics_obtained":["Golden Idol"]},{"damage_healed":0.0,"max_hp_gain":0.0,"max_hp_loss":0.0,"gold_gain":75.0,"event_name":"betterThird:BetterGoop","player_choice":"Gold","floor":10.0,"gold_loss":0.0,"damage_taken":11.0},{"damage_healed":42.0,"max_hp_gain":0.0,"max_hp_loss":67.0,"gold_gain":0.0,"event_name":"betterThird:BetterShining","player_choice":"Embrace Burn","floor":11.0,"gold_loss":0.0,"damage_taken":0.0},{"damage_healed":0.0,"max_hp_gain":0.0,"max_hp_loss":0.0,"gold_gain":0.0,"cards_transformed":["Burn","Sword Boomerang"],"event_name":"Drug Dealer","player_choice":"Became Test Subject","floor":19.0,"gold_loss":0.0,"damage_taken":0.0,"cards_obtained":["Finesse","Tantrum"]},{"damage_healed":0.0,"max_hp_gain":0.0,"max_hp_loss":0.0,"gold_gain":0.0,"event_name":"Masked Bandits","player_choice":"Fought Bandits","floor":20.0,"gold_loss":0.0,"damage_taken":0.0},{"damage_healed":0.0,"max_hp_gain":0.0,"max_hp_loss":0.0,"gold_gain":0.0,"event_name":"Cursed Tome","player_choice":"Ignored","floor":21.0,"gold_loss":0.0,"damage_taken":0.0},{"damage_healed":0.0,"max_hp_gain":0.0,"max_hp_loss":0.0,"gold_gain":0.0,"event_name":"Wheel of Change","player_choice":"Full Heal","floor":28.0,"gold_loss":0.0,"damage_taken":0.0}],"is_beta":false,"boss_relics":[{"not_picked":["Ectoplasm","Runic Pyramid"],"picked":"Busted Crown"},{"not_picked":["SlaversCollar","VioletLotus"],"picked":"Astrolabe"}],"items_purged_floors":[],"is_endless":false,"potions_floor_spawned":[1,4,6,14,16,18,22,23,25,33],"killed_by":"Writhing Mass","ascension_level":0}}