{"host":"7o30bgpqouqblh42","time":1608690971,"event":{"mods":["AchievementEnabler","Aspiration","BaseMod","Colored Map","Downfall","Highlight Path","Minty Spire (QoL Compilation)","StSLib","SuperFastMode"],"gold_per_floor":[363,363,378,553,173,173,207,226,226,226,289,319,319,45,45,141,191,206,121,121,121,121,121,138,164,189,189,214,232,242,242,242,346,346,361,378,397,101,120,120,120,120],"floor_reached":41,"playtime":2397,"items_purged":["Doubt","Clumsy","Strike_R"],"score":666,"play_id":"2e7f5ba9-1e53-4802-97b3-d3ed045a8241","local_time":"20201222213611","is_ascension_mode":true,"campfire_choices":[{"data":"Whirlwind","floor":6,"key":"SMITH"},{"floor":10,"key":"RECALL"},{"data":"Flex","floor":13,"key":"SMITH"},{"floor":15,"key":"REST"},{"data":"Demon Form","floor":23,"key":"SMITH"},{"floor":32,"key":"REST"},{"floor":40,"key":"REST"}],"circlet_count":0,"master_deck":["Strike_R","Strike_R+1","Defend_R+1","Defend_R","Defend_R","Bash","Combust","Shrug It Off","Flex+1","Whirlwind+1","Heavy Blade","Demon Form+1","Battle Trance","Armaments+1","Double Tap","Battle Trance","Thunderclap+1","Juggernaut","Impervious","Sever Soul+1","Clash","Thinking Ahead"],"relics":["Burning Blood","Anchor","Bottled Lightning","Strawberry","Shuriken","Pear","Chemical X","Tiny House","Paper Frog","Magic Flower","Lantern","Centennial Puzzle","Empty Cage"],"acts_visited":["TheCity","TheBeyond"],"potions_floor_usage":[11,16,18,25,25,33,37,39,41,41],"damage_taken":[{"damage":19,"enemies":"Small Slimes","floor":1,"turns":4},{"damage":11,"enemies":"Jaw Worm","floor":3,"turns":3},{"damage":1,"enemies":"3 Sentries","floor":7,"turns":4},{"damage":0,"enemies":"2 Louse","floor":8,"turns":2},{"damage":12,"enemies":"3 Sentries","floor":11,"turns":3},{"damage":19,"enemies":"Gremlin Nob","floor":12,"turns":4},{"damage":48,"enemies":"The Guardian","floor":16,"turns":7},{"damage":0,"enemies":"Shell Parasite","floor":18,"turns":2},{"damage":34,"enemies":"2 Thieves","floor":24,"turns":4},{"damage":26,"enemies":"Book of Stabbing","floor":25,"turns":3},{"damage":22,"enemies":"Slavers","floor":28,"turns":3},{"damage":17,"enemies":"Cultist and Chosen","floor":29,"turns":5},{"damage":0,"enemies":"3 Cultists","floor":30,"turns":1},{"damage":46,"enemies":"Champ","floor":33,"turns":7},{"damage":5,"enemies":"3 Shapes","floor":35,"turns":1},{"damage":15,"enemies":"Orb Walker","floor":36,"turns":3},{"damage":48,"enemies":"Spire Growth","floor":37,"turns":5},{"damage":22,"enemies":"Maw","floor":39,"turns":7},{"damage":89,"enemies":"Nemesis","floor":41,"turns":6}],"seed_played":"1085969016614845569","potions_obtained":[{"floor":3,"key":"Dexterity Potion"},{"floor":8,"key":"Explosive Potion"},{"floor":12,"key":"ColorlessPotion"},{"floor":17,"key":"AttackPotion"},{"floor":18,"key":"ColorlessPotion"},{"floor":24,"key":"BloodPotion"},{"floor":29,"key":"ElixirPotion"},{"floor":33,"key":"ElixirPotion"},{"floor":36,"key":"Dexterity Potion"},{"floor":37,"key":"CultistPotion"}],"is_trial":false,"path_per_floor":["M","?","M","?","$","R","E","M","T","R","?","E","R","$","R","B",null,"M","?","?","$","?","R","M","E","T","T","E","M","M","?","R","B",null,"M","M","M","$","M","R","E"],"character_chosen":"IRONCLAD","items_purchased":["Anchor","Flex","Whirlwind","Heavy Blade","Chemical X","Armaments","Thinking Ahead"],"campfire_rested":3,"item_purchase_floors":[5,5,5,5,14,14,38],"current_hp_per_floor":[67,51,46,46,46,46,51,57,64,64,58,55,55,55,84,42,102,102,102,102,102,81,81,53,54,54,54,41,33,42,42,74,37,107,107,101,62,62,49,81,0,0],"gold":120,"neow_bonus":"TWO_FIFTY_GOLD","is_daily":false,"chose_seed":false,"campfire_upgraded":3,"win_rate":0.0,"timestamp":1608690971,"path_taken":["M","?","M","?","?","R","E","M","T","R","?","E","R","$","R","BOSS","M","?","?","?","?","R","M","E","T","?","E","M","?","?","R","BOSS","M","M","M","$","M","R","E"],"items_purchased_type":["Relic","Card","Card","Card","Relic","Card","Card"],"build_version":"2020-12-13","purchased_purges":3,"victory":false,"max_hp_per_floor":[80,80,80,80,80,80,80,80,87,87,87,97,97,97,97,97,102,102,102,102,102,107,107,107,107,107,107,107,107,107,107,107,107,107,107,107,107,107,107,107,107,107],"card_choices":[{"not_picked":["Anger","Shrug It Off"],"picked":"Combust","floor":1},{"not_picked":["Evolve","Sword Boomerang"],"picked":"Shrug It Off","floor":3},{"not_picked":["Clothesline","Anger","Heavy Blade"],"picked":"SKIP","floor":7},{"not_picked":["Power Through","Thunderclap"],"picked":"Demon Form","floor":8},{"not_picked":["Intimidate","Flex"],"picked":"Battle Trance","floor":12},{"not_picked":["Berserk","Barricade"],"picked":"Double Tap","floor":16},{"not_picked":["Thunderclap+1","Shrug It Off"],"picked":"Battle Trance","floor":18},{"not_picked":["Twin Strike+1","Heavy Blade"],"picked":"Thunderclap+1","floor":24},{"not_picked":["Armaments+1","True Grit"],"picked":"Juggernaut","floor":25},{"not_picked":["Shrug It Off","Spot Weakness","Wild Strike+1"],"picked":"SKIP","floor":28},{"not_picked":["Pommel Strike","Cleave","Iron Wave+1"],"picked":"SKIP","floor":29},{"not_picked":["Shockwave","Wild Strike","Iron Wave"],"picked":"SKIP","floor":30},{"not_picked":["Berserk","Feed"],"picked":"Impervious","floor":33},{"not_picked":["Dropkick+1","Anger","Uppercut"],"picked":"SKIP","floor":35},{"not_picked":["Disarm","Dropkick"],"picked":"Sever Soul+1","floor":36},{"not_picked":["Hemokinesis","Clothesline+1"],"picked":"Clash","floor":37},{"not_picked":["Wild Strike+1","Heavy Blade+1","Sword Boomerang+1"],"picked":"SKIP","floor":39}],"player_experience":89885,"relics_obtained":[{"floor":7,"key":"Bottled Lightning"},{"floor":9,"key":"Strawberry"},{"floor":12,"key":"Pear"},{"floor":25,"key":"Magic Flower"},{"floor":26,"key":"Lantern"},{"floor":28,"key":"Centennial Puzzle"}],"event_choices":[{"damage_healed":0,"gold_gain":0,"player_choice":"Entered Light","damage_taken":16,"max_hp_gain":0,"max_hp_loss":0,"event_name":"Shining Light","floor":2,"gold_loss":0,"cards_upgraded":["Defend_R","Strike_R"]},{"damage_healed":0,"gold_gain":175,"player_choice":"AGREE","damage_taken":0,"max_hp_gain":0,"max_hp_loss":0,"event_name":"Liars Game","floor":4,"gold_loss":0,"cards_obtained":["Doubt"]},{"damage_healed":0,"gold_gain":0,"player_choice":"Searched \u00272\u0027 times","damage_taken":0,"relics_obtained":["Shuriken"],"max_hp_gain":0,"max_hp_loss":0,"event_name":"Dead Adventurer","floor":11,"gold_loss":0},{"damage_healed":0,"gold_gain":0,"player_choice":"Obtained Relic","damage_taken":0,"relics_obtained":["Paper Frog"],"max_hp_gain":0,"max_hp_loss":0,"event_name":"Addict","floor":19,"gold_loss":85},{"damage_healed":0,"gold_gain":0,"player_choice":"Shed Blood","damage_taken":26,"max_hp_gain":5,"max_hp_loss":0,"event_name":"Forgotten Altar","floor":22,"gold_loss":0},{"cards_removed":["Defend_R"],"damage_healed":0,"gold_gain":0,"player_choice":"Elegance","damage_taken":0,"max_hp_gain":0,"max_hp_loss":0,"event_name":"Back to Basics","floor":31,"gold_loss":0}],"is_beta":false,"boss_relics":[{"not_picked":["Runic Cube","Runic Pyramid"],"picked":"Tiny House"},{"not_picked":["Astrolabe","Sozu"],"picked":"Empty Cage"}],"items_purged_floors":[5,14,38],"is_endless":false,"potions_floor_spawned":[3,8,12,18,24,29,33,36,37],"killed_by":"Nemesis","ascension_level":1}}