{"host":"0m7uut7ws4kj19nt","time":1608694008,"event":{"mods":["AchievementEnabler","BaseMod","Minty Spire (QoL Compilation)","Replay The Spire","StSLib","The Cursed","The Necromancer"],"gold_per_floor":[110,210,229,239,255,281,293,293,363,397,177,192,217,234,234,332,332,342,358,358,358,377,408,408,421,473,504,523,523,543,558,558,663,663,675,335,385,397,429,476,501,513,525,537,582,604,616,628,640,652,652],"floor_reached":50,"playtime":2522,"items_purged":["Strike_W","Strike_W"],"score":678,"play_id":"789cd33b-ff03-431d-bb87-a4b00af305bc","local_time":"20201223102648","is_ascension_mode":true,"campfire_choices":[{"data":"Siphon_Strength","floor":8,"key":"SMITH"},{"data":"Life_Drain","floor":15,"key":"SMITH"},{"data":"Cloudkill","floor":24,"key":"SMITH"},{"floor":29,"key":"RECALL"},{"data":"Cloudkill","floor":32,"key":"SMITH"},{"data":"Amnesia","floor":42,"key":"PURGE"},{"floor":49,"key":"REST"}],"circlet_count":0,"master_deck":["Defend_W","Defend_W","Negative_Energy_Arrows","Bone_Wall","Blood_Wake","Siphon_Strength+1","Bone_Armor","Thousand_Bone_Knives","Spectral_Armor","Cloudkill+1","Consume_Illness","Life_Drain+1","Skeleton_Dragon","CurseOfTheBell","Vampiric_Strike+1","Bone_Shift","Uncharnel","Siphon_Strength+1","Grasp_Heart","Whirlwind_of_Bones+1","Cloudkill+1","Cloudkill","Blood_Shield+1","Specialist","Slay_Living+1","Hallucinations","Spreading Infection","Stop_Heart"],"relics":["Vampire_Amulet","Peace Pipe","Shuriken","CaptainsWheel","Lee\u0027s Waffle","Strawberry","Calling Bell","Potion Belt","Garlic","Ginger","Replay:Bottled Snecko","Dream Catcher","Cursed Key","Bronze Scales","Ring of Fury","Ring of Greed","MawBank","Golden Egg","Vajra","Quantum Egg","Replay:Wax Seal"],"acts_visited":["Exordium","TheCity","TheBeyond"],"potions_floor_usage":[16,19,33,41,45,47,47,47],"damage_taken":[{"damage":7,"enemies":"Jaw Worm","floor":1,"turns":3},{"damage":3,"enemies":"Cultist","floor":3,"turns":3},{"damage":0,"enemies":"2 Louse","floor":4,"turns":1},{"damage":7,"enemies":"Blue Slaver","floor":5,"turns":3},{"damage":27,"enemies":"Replay:BlueRogue","floor":6,"turns":6},{"damage":0,"enemies":"Lots of Slimes","floor":7,"turns":1},{"damage":18,"enemies":"Lagavulin","floor":10,"turns":8},{"damage":3,"enemies":"Gremlin Gang","floor":12,"turns":2},{"damage":32,"enemies":"3 Sentries","floor":13,"turns":5},{"damage":7,"enemies":"Exordium Wildlife","floor":14,"turns":2},{"damage":8,"enemies":"The Guardian","floor":16,"turns":9},{"damage":22,"enemies":"3 Byrds","floor":18,"turns":4},{"damage":27,"enemies":"2 Thieves","floor":19,"turns":5},{"damage":15,"enemies":"Snake Plant","floor":22,"turns":4},{"damage":12,"enemies":"Replay:Snechameleon","floor":23,"turns":7},{"damage":8,"enemies":"Snecko","floor":25,"turns":4},{"damage":13,"enemies":"Gremlin Leader","floor":27,"turns":6},{"damage":0,"enemies":"Centurion and Healer","floor":28,"turns":4},{"damage":3,"enemies":"3 Cultists","floor":30,"turns":3},{"damage":0,"enemies":"Chosen and Byrds","floor":31,"turns":4},{"damage":102,"enemies":"Automaton","floor":33,"turns":10},{"damage":1,"enemies":"Orb Walker","floor":35,"turns":3},{"damage":26,"enemies":"3 Darklings","floor":39,"turns":4},{"damage":42,"enemies":"R_Hoarder","floor":40,"turns":6},{"damage":19,"enemies":"Writhing Mass","floor":41,"turns":5},{"damage":17,"enemies":"Nemesis","floor":45,"turns":5},{"damage":25,"enemies":"Sphere and 2 Shapes","floor":46,"turns":4},{"damage":0,"enemies":"Maw","floor":47,"turns":2},{"damage":77,"enemies":"Time Eater","floor":50,"turns":8}],"seed_played":"-6819759365541510916","potions_obtained":[{"floor":4,"key":"Toxic Potion"},{"floor":6,"key":"Weak Potion"},{"floor":7,"key":"FearPotion"},{"floor":10,"key":"FairyPotion"},{"floor":12,"key":"DuplicationPotion"},{"floor":19,"key":"ColorlessPotion"},{"floor":22,"key":"SpeedPotion"},{"floor":23,"key":"Strength Potion"},{"floor":25,"key":"SmokeBomb"},{"floor":35,"key":"Block Potion"},{"floor":45,"key":"Regen Potion"}],"is_trial":false,"path_per_floor":["M","?","M","M","M","E","M","R","T","E","$","M","E","M","R","B",null,"M","M","?","?","M","E","R","M","T","E","M","R","M","M","R","B",null,"M","$","?","?","M","E","M","R","T","?","E","M","M","?","R","B"],"character_chosen":"NECROMANCER","items_purchased":["Lee\u0027s Waffle","Specialist","Bronze Scales"],"campfire_rested":1,"item_purchase_floors":[11,36,36],"current_hp_per_floor":[70,70,69,73,68,43,53,53,53,37,82,82,63,66,66,72,89,73,56,56,56,52,51,51,54,54,61,71,71,83,89,89,28,89,89,89,89,89,65,34,26,26,26,26,18,8,16,16,42,0,0],"gold":652,"neow_bonus":"TRANSFORM_CARD","is_daily":false,"chose_seed":false,"campfire_upgraded":4,"win_rate":0.0,"timestamp":1608694008,"path_taken":["M","?","?","M","M","E","M","R","T","E","$","M","E","M","R","BOSS","M","M","?","?","M","E","R","M","T","E","?","R","M","?","R","BOSS","M","$","?","?","?","E","M","R","T","?","E","M","?","?","R","BOSS"],"items_purchased_type":["Relic","Card","Relic"],"build_version":"2020-12-13","purchased_purges":2,"victory":false,"max_hp_per_floor":[75,75,75,75,75,75,75,75,75,75,82,82,89,89,89,89,89,89,89,89,89,89,89,89,89,89,89,89,89,89,89,89,89,89,89,89,89,89,89,89,89,89,89,89,89,89,89,89,89,89,89],"card_choices":[{"not_picked":["Negative_Energy_Mist","Bone_Armory","Negative_Energy_Javelin"],"picked":"SKIP","floor":1},{"not_picked":["Toxic_Smoke_Screen","Shackles_Of_Pain"],"picked":"Siphon_Strength","floor":3},{"not_picked":["Death_Coil","Summon_Lich"],"picked":"Bone_Armor","floor":4},{"not_picked":["Negative_Energy_Mist","Finger_Of_Death","Epidemic"],"picked":"SKIP","floor":5},{"not_picked":["Necrotic_Claws","Negative_Energy_Shield"],"picked":"Thousand_Bone_Knives","floor":6},{"not_picked":["Finger_Of_Death","Negative_Energy_Shield"],"picked":"Spectral_Armor","floor":7},{"not_picked":["Life_Tap","Negative_Energy_Shield"],"picked":"Cloudkill","floor":10},{"not_picked":["Negative_Energy_Mist","Bone_Spikes"],"picked":"Consume_Illness","floor":12},{"not_picked":["Negative_Energy_Javelin","Summon_Lich"],"picked":"Life_Drain","floor":13},{"not_picked":["Bone_Bullets","Bone_Armor","Scare"],"picked":"SKIP","floor":14},{"not_picked":["Blood_Magic","Detonate_Bones"],"picked":"Skeleton_Dragon","floor":16},{"not_picked":["Death_Coil","Negative_Energy_Sphere","Finger_Of_Death+1"],"picked":"SKIP","floor":18},{"not_picked":["Negative_Energy_Shield","Thousand_Bone_Knives+1"],"picked":"Vampiric_Strike+1","floor":19},{"not_picked":["Thousand_Bone_Knives","Death_Coil+1"],"picked":"Siphon_Strength+1","floor":22},{"not_picked":["Bone_Bullets","Toxic_Smoke_Screen"],"picked":"Grasp_Heart","floor":23},{"not_picked":["Bone_Shift","Exploit","Chill_Blood"],"picked":"SKIP","floor":25},{"not_picked":["Plague_Bolt","Negative_Energy_Mist"],"picked":"Whirlwind_of_Bones+1","floor":27},{"not_picked":["Scare","Blood_Curse","Death_March_Dance"],"picked":"SKIP","floor":28},{"not_picked":["Death_Coil","Blood_Whip+1"],"picked":"Cloudkill","floor":30},{"not_picked":["Negative_Energy_Javelin","Chill_Blood+1","Bone_Armor"],"picked":"SKIP","floor":31},{"not_picked":["Summon_Vampire_Lady","Grasp_Heart"],"picked":"Cloudkill","floor":33},{"not_picked":["Bone_Spikes+1","Death_March_Dance+1"],"picked":"Blood_Shield+1","floor":35},{"not_picked":["Negative_Energy_Sphere","Negative_Energy_Javelin+1"],"picked":"Slay_Living+1","floor":39},{"not_picked":["Blood_Curse","Deaths_Shadow+1","Negative_Energy_Mist+1"],"picked":"SKIP","floor":40},{"not_picked":["Death_Coil+1","Blood_Whip+1","Shackles_Of_Pain"],"picked":"SKIP","floor":41},{"not_picked":["Bone_Shift","Blood_Wake","Negative_Energy_Sphere+1"],"picked":"SKIP","floor":45},{"not_picked":["Blood_Whip+1","Negative_Energy_Sphere","Chill_Blood"],"picked":"SKIP","floor":46},{"not_picked":["Blood_Whip","Bone_Spikes"],"picked":"Stop_Heart","floor":49}],"player_experience":99443,"relics_obtained":[{"floor":6,"key":"Peace Pipe"},{"floor":9,"key":"Shuriken"},{"floor":10,"key":"CaptainsWheel"},{"floor":13,"key":"Strawberry"},{"floor":17,"key":"Potion Belt"},{"floor":17,"key":"Garlic"},{"floor":17,"key":"Ginger"},{"floor":23,"key":"Replay:Bottled Snecko"},{"floor":27,"key":"Dream Catcher"},{"floor":37,"key":"Ring of Fury"},{"floor":37,"key":"Ring of Greed"},{"floor":37,"key":"MawBank"},{"floor":37,"key":"Golden Egg"},{"floor":40,"key":"Vajra"},{"floor":43,"key":"Quantum Egg"},{"floor":45,"key":"Replay:Wax Seal"}],"event_choices":[{"damage_healed":0,"gold_gain":100,"player_choice":"Pray","damage_taken":0,"max_hp_gain":0,"max_hp_loss":0,"event_name":"Golden Shrine","floor":2,"gold_loss":0},{"damage_healed":0,"gold_gain":0,"cards_transformed":["Strike_W","Defend_W"],"player_choice":"Became Test Subject","damage_taken":0,"max_hp_gain":0,"max_hp_loss":0,"event_name":"Drug Dealer","floor":20,"gold_loss":0,"cards_obtained":["Bone_Shift","Uncharnel"]},{"damage_healed":0,"gold_gain":0,"player_choice":"Bought 0 Potions","damage_taken":0,"max_hp_gain":0,"max_hp_loss":0,"event_name":"The Woman in Blue","floor":21,"gold_loss":0},{"cards_removed":["Strike_W"],"damage_healed":0,"gold_gain":0,"player_choice":"Purged","damage_taken":0,"max_hp_gain":0,"max_hp_loss":0,"event_name":"Purifier","floor":38,"gold_loss":0},{"cards_removed":["Doubt"],"damage_healed":0,"gold_gain":0,"player_choice":"Card Removal","damage_taken":0,"max_hp_gain":0,"max_hp_loss":0,"event_name":"Wheel of Change","floor":44,"gold_loss":0}],"is_beta":false,"boss_relics":[{"not_picked":["Busted Crown","Runic Pyramid"],"picked":"Calling Bell"},{"not_picked":["Honey Jar","SlaversCollar"],"picked":"Cursed Key"}],"items_purged_floors":[11,36],"is_endless":false,"potions_floor_spawned":[4,6,7,10,12,19,22,23,25,35,45,47],"killed_by":"Time Eater","ascension_level":3}}