{"host":"49pjgf1q9ev52n8z","time":1608756033,"event":{"mods":["BaseMod","Bestiary","Colored Map","Minty Spire (QoL Compilation)","Practice Mode","Relic Stats","StSLib"],"gold_per_floor":[110,185,198,198,215,215,246,57,84,84,101,101,117,148,148,220,220,234,234,284,297,297,297,74,109,109,109,109,120,130,150,150,150,150],"floor_reached":33,"playtime":4932,"items_purged":["Writhe"],"score":509,"play_id":"f0cebe36-4062-48c7-bd96-b2fb0bf612d5","local_time":"20201223124033","is_ascension_mode":true,"campfire_choices":[{"floor":6,"key":"REST"},{"floor":10,"key":"REST"},{"data":"Footwork","floor":15,"key":"SMITH"},{"floor":23,"key":"REST"},{"floor":28,"key":"REST"},{"floor":32,"key":"REST"}],"circlet_count":0,"master_deck":["AscendersBane","Strike_G+1","Strike_G+1","Strike_G+1","Strike_G+1","Strike_G+1","Defend_G+1","Defend_G+1","Defend_G+1","Defend_G+1","Defend_G+1","Survivor","Neutralize","The Bomb","Backstab","All Out Attack","Masterful Stab","Backstab","Noxious Fumes","Footwork+1","Deadly Poison","Malaise","Skewer+1","Necronomicurse","Envenom","Catalyst"],"relics":["Ring of the Snake","Dream Catcher","The Courier","War Paint","Anchor","Bag of Marbles","SlaversCollar","Necronomicon","TwistedFunnel","Snake Skull","Gremlin Horn"],"acts_visited":["Exordium","TheCity"],"potions_floor_usage":[7,13,16,24,29,30],"damage_taken":[{"damage":2,"enemies":"2 Louse","floor":1,"turns":4},{"damage":7,"enemies":"Small Slimes","floor":3,"turns":4},{"damage":7,"enemies":"Jaw Worm","floor":5,"turns":3},{"damage":2,"enemies":"3 Sentries","floor":7,"turns":4},{"damage":3,"enemies":"Looter","floor":11,"turns":3},{"damage":0,"enemies":"Large Slime","floor":13,"turns":4},{"damage":8,"enemies":"Gremlin Nob","floor":14,"turns":4},{"damage":25,"enemies":"The Guardian","floor":16,"turns":10},{"damage":15,"enemies":"3 Byrds","floor":18,"turns":3},{"damage":0,"enemies":"Spheric Guardian","floor":21,"turns":3},{"damage":5,"enemies":"Slavers","floor":25,"turns":5},{"damage":9,"enemies":"Cultist and Chosen","floor":29,"turns":5},{"damage":0,"enemies":"3 Cultists","floor":30,"turns":4},{"damage":0,"enemies":"Chosen and Byrds","floor":31,"turns":3},{"damage":60,"enemies":"Champ","floor":33,"turns":9}],"seed_played":"-5114067027230927091","potions_obtained":[{"floor":1,"key":"Fire Potion"},{"floor":3,"key":"Block Potion"},{"floor":14,"key":"Fire Potion"},{"floor":18,"key":"Dexterity Potion"},{"floor":21,"key":"Block Potion"},{"floor":25,"key":"DuplicationPotion"}],"is_trial":false,"path_per_floor":["M","?","M","?","M","R","E","$","T","R","M","?","M","E","R","B",null,"M","?","?","M","?","R","$","E","T","?","R","M","M","M","R","B"],"character_chosen":"THE_SILENT","items_purchased":["War Paint","TwistedFunnel","Fruit Juice"],"campfire_rested":5,"item_purchase_floors":[8,24,24],"current_hp_per_floor":[57,46,39,13,6,25,23,23,23,42,39,39,39,31,31,6,51,36,15,15,15,15,34,39,34,34,14,36,27,27,27,49,0,0],"gold":150,"neow_bonus":"RANDOM_COLORLESS_2","is_daily":false,"chose_seed":false,"campfire_upgraded":1,"win_rate":0.0,"timestamp":1608756033,"path_taken":["M","?","M","?","M","R","E","$","T","R","?","?","M","E","R","BOSS","M","?","?","M","?","R","$","E","T","?","R","M","M","M","R","BOSS"],"items_purchased_type":["Relic","Relic","Potion"],"build_version":"2020-12-22","purchased_purges":1,"victory":false,"max_hp_per_floor":[66,66,66,66,66,66,66,66,66,66,66,66,66,66,66,66,66,66,66,66,66,66,66,71,71,71,76,76,76,76,76,76,76,76],"relic_stats":{"Dream Catcher":5,"Gremlin Horn":[3,3],"counters":[15,68],"Snake Skull":[47],"Necronomicon":[6],"War Paint":["Defend_G","Defend_G"],"obtain_stats":[{"TwistedFunnel":24,"SlaversCollar":17,"Dream Catcher":4,"Anchor":9,"Gremlin Horn":26,"The Courier":7,"Snake Skull":25,"Bag of Marbles":14,"Necronomicon":19,"War Paint":8,"Ring of the Snake":0},{"TwistedFunnel":10,"SlaversCollar":8,"Dream Catcher":2,"Anchor":4,"Gremlin Horn":11,"The Courier":4,"Snake Skull":11,"Bag of Marbles":7,"Necronomicon":9,"War Paint":4,"Ring of the Snake":0},{"TwistedFunnel":42,"SlaversCollar":36,"Dream Catcher":8,"Anchor":15,"Gremlin Horn":47,"The Courier":15,"Snake Skull":47,"Bag of Marbles":26,"Necronomicon":39,"War Paint":15,"Ring of the Snake":0}],"Ring of the Snake":[30]},"card_choices":[{"not_picked":["Secret Technique","Chrysalis"],"picked":"The Bomb","floor":0},{"not_picked":["Dagger Spray","Accuracy"],"picked":"Backstab","floor":1},{"not_picked":["Flying Knee","Slice"],"picked":"All Out Attack","floor":3},{"not_picked":["Outmaneuver","Catalyst"],"picked":"Masterful Stab","floor":5},{"not_picked":["Concentrate","Catalyst"],"picked":"Backstab","floor":6},{"not_picked":["Burst","PiercingWail"],"picked":"Noxious Fumes","floor":7},{"not_picked":["Dagger Throw","Infinite Blades"],"picked":"Footwork","floor":11},{"not_picked":["Quick Slash","Blade Dance","Concentrate"],"picked":"SKIP","floor":13},{"not_picked":["Night Terror","Skewer"],"picked":"Deadly Poison","floor":14},{"not_picked":["Glass Knife","Envenom"],"picked":"Malaise","floor":16},{"not_picked":["Blade Dance+1","Acrobatics"],"picked":"Skewer+1","floor":18},{"not_picked":["All Out Attack+1","Dodge and Roll","Cloak And Dagger"],"picked":"SKIP","floor":21},{"not_picked":["Dagger Spray","Sucker Punch"],"picked":"Envenom","floor":23},{"not_picked":["Underhanded Strike","Bane","PiercingWail"],"picked":"SKIP","floor":25},{"not_picked":["Noxious Fumes","Blade Dance","Heel Hook"],"picked":"SKIP","floor":29},{"not_picked":["Poisoned Stab","Deadly Poison+1","Flying Knee"],"picked":"SKIP","floor":30},{"not_picked":["Outmaneuver","Leg Sweep"],"picked":"Catalyst","floor":31}],"player_experience":612411,"relics_obtained":[{"floor":7,"key":"The Courier"},{"floor":9,"key":"Anchor"},{"floor":14,"key":"Bag of Marbles"},{"floor":19,"key":"Necronomicon"},{"floor":25,"key":"Snake Skull"},{"floor":26,"key":"Gremlin Horn"}],"event_choices":[{"damage_healed":0,"gold_gain":75,"player_choice":"Gather Gold","damage_taken":11,"max_hp_gain":0,"max_hp_loss":0,"event_name":"World of Goop","floor":2,"gold_loss":0},{"damage_healed":0,"gold_gain":0,"player_choice":"Success","damage_taken":26,"relics_obtained":["Dream Catcher"],"max_hp_gain":0,"max_hp_loss":0,"event_name":"Scrap Ooze","floor":4,"gold_loss":0},{"damage_healed":0,"gold_gain":0,"player_choice":"Ignored","damage_taken":0,"max_hp_gain":0,"max_hp_loss":0,"event_name":"Shining Light","floor":12,"gold_loss":0},{"damage_healed":0,"gold_gain":0,"player_choice":"Obtained Book","damage_taken":21,"max_hp_gain":0,"max_hp_loss":0,"event_name":"Cursed Tome","floor":19,"gold_loss":0},{"damage_healed":0,"gold_gain":50,"player_choice":"Stole From Cult","damage_taken":0,"max_hp_gain":0,"max_hp_loss":0,"event_name":"Nest","floor":20,"gold_loss":0},{"damage_healed":0,"gold_gain":0,"player_choice":"Simplicity","damage_taken":0,"max_hp_gain":0,"max_hp_loss":0,"event_name":"Back to Basics","floor":22,"gold_loss":0,"cards_upgraded":["Strike_G","Strike_G","Strike_G","Strike_G","Strike_G","Defend_G","Defend_G","Defend_G"]},{"damage_healed":0,"gold_gain":0,"player_choice":"Shed Blood","damage_taken":25,"max_hp_gain":5,"max_hp_loss":0,"event_name":"Forgotten Altar","floor":27,"gold_loss":0}],"is_beta":false,"boss_relics":[{"not_picked":["Snecko Eye","Busted Crown"],"picked":"SlaversCollar"}],"items_purged_floors":[8],"is_endless":false,"potions_floor_spawned":[1,3,5,14,18,21,25],"killed_by":"Champ","ascension_level":17}}