{"host":"dwyzfvnzfcqffr30","time":1608715401,"event":{"mods":["2.2 Compatiblity","Act Like it!","BaseMod","Beaked The Cultist","Better Altar","Better Match","Better Note","Better Sensory Stone","Better Skull","Better Third Choice","Clockwork Mod","Colored Map","Colored Powertips","Conspire","Downfall","Elementarium","GifTheSpireLib","Halation","Hermit","Hubris","Infinite Spire","Ironclad Rager","Jedi Mod","Menagerie","Mimic Mod","Minty Spire (QoL Compilation)","Permanent Neow","Random Character Button","Replay The Spire","Spicy Shops","StSLib","Stuff the Spire","The Construct","The Disciple","The Druid","The Marked","TheFirefly","Trackpad","vexMod"],"gold_per_floor":[409,409,8,8,8,8,132,132,132,145,269,269,269,16,16,113,113,125,7,7,7,22,22,146,146,197,321,335,335,439,439,439,537,537,549,549,566,46,46,150,165,165,201,216,14,30,170,170,170,182,182,182,9,135,155],"floor_reached":56,"playtime":4477,"items_purged":["hubris:Compulsion","Sickly"],"score":1872,"play_id":"0e6f4473-a4b7-4f28-9365-2708ece007db","local_time":"20201223012321","is_ascension_mode":true,"campfire_choices":[{"data":"StuffTheSpire:Innocence","floor":6,"key":"SMITH"},{"floor":8,"key":"REST"},{"floor":13,"key":"RECALL"},{"floor":29,"key":"REST"},{"floor":32,"key":"REST"},{"floor":42,"key":"REST"},{"data":"1","floor":49,"key":"LIFT"},{"data":"2","floor":52,"key":"LIFT"}],"circlet_count":0,"master_deck":["construct:Strike_Gold+2","construct:Strike_Gold+2","construct:Strike_Gold+2","construct:Strike_Gold+2","construct:Strike_Gold+2","construct:Defend_Gold+2","construct:Defend_Gold+2","construct:Defend_Gold+2","construct:Defend_Gold+2","construct:Defend_Gold+2","construct:AttackMode+2","construct:DefenseMode+2","MasterReality+1","construct:SweepLaser+2","ReplayTheSpireMod:Brewmster+1","StuffTheSpire:Innocence+1","construct:CripplingShot+2","construct:HammerDown+2","infinitespire:Execution+1","hubris:NaturalOne","construct:SuppressiveFire+2","Madness+1","construct:PowerUp+2","construct:Isolate+2","Madness+1","Madness+1","construct:Hazardproof+2","construct:MetalShell+2"],"relics":["construct:ClockworkPhoenix","Bottled Tornado","Quantum Egg","Frozen Egg 2","Toxic Egg 2","Molten Egg 2","Juzu Bracelet","StuffTheSpire:TintedRock","hubris:EvacipatedBox","hubris:FruitBowl","Bronze Scales","hubris:64BitClover","halation:EternalFortune","vexMod:RetaliationKit","trackpad:WritersBlock","Lantern","sneckomod:BlankCard","sneckomod:SneckoTalon","Elementarium:HuntersSling","hubris:Icosahedron","Onion Ring","Replay:Mystery Machine","StuffTheSpire:EmeraldSignet","halation:BlackBeret","Elementarium:ElementariumTrophy","Replay:Ancient Bell","StuffTheSpire:Experiment12","hubris:CrystalStatue","TungstenRod","halation:LettersToHer","Orichalcum","Medical Kit","Girya","Replay:Bandana","Replay:Multitool"],"acts_visited":["Exordium","Elementarium:Elementarium","TheBeyond","TheEnding"],"potions_floor_usage":[7,11,11,14,16,18,22,24,27,27,27,28,28,33,33,33,33,35,35,37,40,43,43,44,44,47,47,50,50,50,50,50,54,54,54,55,55,55,55,55,55,55,55],"damage_taken":[{"damage":0,"enemies":"Jaw Worm","floor":1,"turns":2},{"damage":2,"enemies":"Lagavulin","floor":7,"turns":6},{"damage":0,"enemies":"Jaw Worm","floor":10,"turns":1},{"damage":0,"enemies":"3 Sentries","floor":11,"turns":4},{"damage":0,"enemies":"Slime Boss","floor":16,"turns":4},{"damage":0,"enemies":"Elementarium:VoidCorruption","floor":18,"turns":4},{"damage":0,"enemies":"Elementarium:2_ELEMENTALS","floor":22,"turns":3},{"damage":3,"enemies":"Elementarium:FIRE_NOBILITY","floor":24,"turns":5},{"damage":0,"enemies":"Elementarium:ElementalPortal","floor":27,"turns":4},{"damage":0,"enemies":"Elementarium:VOID_CORRUPTION_AND_TAR_GOLEM","floor":28,"turns":4},{"damage":0,"enemies":"Elementarium:FIRE_NOBILITY","floor":30,"turns":3},{"damage":15,"enemies":"Elementarium:PHOENIXES","floor":33,"turns":8},{"damage":4,"enemies":"3 Shapes","floor":35,"turns":8},{"damage":0,"enemies":"Orb Walker","floor":37,"turns":1},{"damage":11,"enemies":"Nemesis","floor":40,"turns":3},{"damage":0,"enemies":"Orb Walker","floor":41,"turns":2},{"damage":2,"enemies":"4 Shapes","floor":43,"turns":10},{"damage":0,"enemies":"4 Shapes","floor":44,"turns":4},{"damage":0,"enemies":"Sphere and 2 Shapes","floor":46,"turns":3},{"damage":0,"enemies":"R_Hoarder","floor":47,"turns":4},{"damage":0,"enemies":"hubris:GrandSnecko","floor":50,"turns":7},{"damage":7,"enemies":"Shield and Spear","floor":54,"turns":3},{"damage":110,"enemies":"The Heart","floor":55,"turns":9}],"seed_played":"-6528171747827264878","potions_obtained":[{"floor":11,"key":"Energy Potion"},{"floor":15,"key":"Toxic Potion"},{"floor":44,"key":"Swift Potion"},{"floor":46,"key":"SkillPotion"},{"floor":54,"key":"Slimebound:ThreeZeroPotion"}],"is_trial":false,"path_per_floor":["M","?","$","?","?","R","E","R","T","M","E","T","R","$","R_BF","B",null,"M","?","?","$","M","?","E","AVR","T","E","M","R","E","?","R","B",null,"M","?","M","$","?","E","M","R","MIM","M","$","M","E","?","R_BF","B",null,"R","$","E","B",null],"character_chosen":"THE_CONSTRUCT_MOD","items_purchased":["Bronze Scales","hubris:64BitClover","ReplayTheSpireMod:Brewmster+1","sneckomod:BlankCard","Fruit Juice","halation:LettersToHer","Orichalcum","Medical Kit","PowerPotion","construct:Hazardproof+1","AttackPotion","champ:CounterPotion"],"campfire_rested":4,"item_purchase_floors":[3,3,3,14,14,38,38,38,45,53,53,53],"current_hp_per_floor":[89,96,100,104,97,97,95,112,112,112,112,112,112,119,119,119,119,119,119,119,119,119,116,117,117,117,117,117,123,123,99,123,110,120,116,116,116,116,116,105,105,123,121,121,121,121,121,107,107,107,119,119,119,112,4],"gold":155,"neow_bonus":"TEN_PERCENT_HP_BONUS","is_daily":false,"chose_seed":false,"campfire_upgraded":1,"win_rate":0.0,"timestamp":1608715401,"path_taken":["M","?","?","?","?","R","E","R","T","M","E","?","R","?","R_BF","BOSS","M","?","?","$","M","?","E","AVR","T","E","M","R","E","?","R","BOSS","M","?","M","$","?","E","M","R","MIM","M","$","M","E","?","R_BF","BOSS","R","$","E","BOSS"],"items_purchased_type":["Relic","Relic","Card","Relic","Potion","Relic","Relic","Relic","Potion","Card","Potion","Potion"],"build_version":"2020-12-22","purchased_purges":2,"victory":true,"max_hp_per_floor":[97,104,108,112,112,112,112,112,112,112,112,112,112,119,119,119,119,119,119,119,119,119,119,123,123,123,123,123,123,123,123,123,123,123,123,123,123,123,123,123,123,123,123,123,123,123,123,123,123,123,123,123,123,123,123],"card_choices":[{"not_picked":["construct:ModeShift+1","construct:Dampening+1"],"picked":"construct:SweepLaser+1","floor":1},{"not_picked":["construct:SaveState+1","construct:ScrapCannon+1","construct:HeavyBolt+1"],"picked":"SKIP","floor":7},{"not_picked":["construct:VentSteam+1","construct:SpinDrive+1","construct:ShiftGuard+1"],"picked":"SKIP","floor":10},{"not_picked":["construct:ModeShift+1","construct:ShiftStrike+1","construct:FierceBash+1"],"picked":"SKIP","floor":11},{"not_picked":["construct:Electrocute+1","construct:HeavyBolt+1","construct:Reinforce+1"],"picked":"SKIP","floor":18},{"not_picked":["construct:Dampening+1","construct:ShiftStrike+1"],"picked":"construct:CripplingShot+1","floor":22},{"not_picked":["construct:Construct_Overclock+1","construct:ModeShift+1"],"picked":"construct:HammerDown+1","floor":24},{"not_picked":["construct:CripplingShot+1","construct:Analyze+1","construct:ForceCore+1"],"picked":"SKIP","floor":27},{"not_picked":["construct:Versatility+1","construct:ScrapCannon+1","construct:HardReboot+1"],"picked":"SKIP","floor":28},{"not_picked":["construct:Failsafe+1","construct:Multistage+1"],"picked":"construct:SuppressiveFire+1","floor":30},{"not_picked":["hubris:Sloth","Writhe"],"picked":"Sickly","floor":34},{"not_picked":["sneckomod:Bewildered","Doubt"],"picked":"hubris:Compulsion","floor":34},{"not_picked":["Amnesia","sneckomod:Bewildered"],"picked":"Elementarium:StickyTar","floor":34},{"not_picked":["construct:Multistage+1","construct:Anticipate+1","construct:UnbalancingBlast+1"],"picked":"SKIP","floor":35},{"not_picked":["construct:FocusedBeam+1","construct:ModeShift+1"],"picked":"construct:PowerUp+1","floor":37},{"not_picked":["construct:HeavyBolt+1","construct:SuppressiveFire+1"],"picked":"construct:Isolate+1","floor":40},{"not_picked":["construct:Autoturret+1","construct:Reinforce+1","construct:OneWayMirror+1"],"picked":"SKIP","floor":41},{"not_picked":["construct:CripplingShot+1","construct:VentSteam+1","construct:Reinforce+1"],"picked":"SKIP","floor":44},{"not_picked":["construct:Isolate+1","construct:Analyze+1","construct:ShiftGuard+1"],"picked":"SKIP","floor":46},{"not_picked":["construct:Zapper+1","construct:FlakBarrage+1","construct:Anticipate+1"],"picked":"SKIP","floor":47},{"not_picked":["construct:ReactiveShield+1","construct:HeavyBolt+1"],"picked":"construct:MetalShell+1","floor":54}],"player_experience":2342422,"relics_obtained":[{"floor":7,"key":"vexMod:RetaliationKit"},{"floor":11,"key":"trackpad:WritersBlock"},{"floor":12,"key":"Lantern"},{"floor":24,"key":"halation:EternalFortune"},{"floor":24,"key":"Onion Ring"},{"floor":26,"key":"Replay:Mystery Machine"},{"floor":27,"key":"StuffTheSpire:EmeraldSignet"},{"floor":30,"key":"halation:BlackBeret"},{"floor":43,"key":"Girya"},{"floor":43,"key":"halation:LettersToHer"},{"floor":47,"key":"Replay:Bandana"},{"floor":54,"key":"Replay:Multitool"}],"event_choices":[{"damage_healed":0,"gold_gain":0,"player_choice":"Simplicity","damage_taken":0,"max_hp_gain":0,"max_hp_loss":10,"event_name":"betterThird:BetterWriting","floor":0,"gold_loss":0},{"damage_healed":0,"gold_gain":0,"player_choice":"Simplicity","damage_taken":0,"max_hp_gain":0,"max_hp_loss":10,"event_name":"betterThird:BetterWriting","floor":0,"gold_loss":0},{"damage_healed":0,"gold_gain":0,"player_choice":"Donut","damage_taken":0,"max_hp_gain":5,"max_hp_loss":0,"event_name":"Big Fish","floor":2,"gold_loss":0},{"damage_healed":0,"gold_gain":0,"player_choice":"Sling","damage_taken":0,"relics_obtained":["Elementarium:HuntersSling"],"max_hp_gain":0,"max_hp_loss":0,"event_name":"Elementarium:BigGameHunter","floor":19,"gold_loss":118},{"damage_healed":0,"gold_gain":0,"player_choice":"Poke through","damage_taken":3,"max_hp_gain":0,"max_hp_loss":0,"event_name":"Elementarium:GreatTreasure","floor":23,"gold_loss":0},{"damage_healed":0,"gold_gain":2,"player_choice":"2","damage_taken":0,"max_hp_gain":0,"max_hp_loss":24,"event_name":"betterStone:BetterStone","floor":31,"gold_loss":0},{"damage_healed":0,"gold_gain":0,"player_choice":"Leave","damage_taken":0,"max_hp_gain":0,"max_hp_loss":0,"event_name":"conspire:Investor","floor":36,"gold_loss":0},{"damage_healed":0,"gold_gain":0,"player_choice":"Ignored","damage_taken":0,"max_hp_gain":0,"max_hp_loss":0,"event_name":"Upgrade Shrine","floor":39,"gold_loss":0},{"damage_healed":0,"gold_gain":0,"player_choice":"Embrace Madness","damage_taken":15,"max_hp_gain":0,"max_hp_loss":0,"event_name":"Winding Halls","floor":48,"gold_loss":0,"cards_obtained":["Madness","Madness"]}],"is_beta":false,"boss_relics":[{"not_picked":["trackpad:Coffee","hubris:VirtuousBlindfold","vexMod:EndlessSickness"],"picked":"sneckomod:SneckoTalon"},{"not_picked":["trackpad:Trackpad","Kintsugi","Sozu"],"picked":"Replay:Ancient Bell"},{"not_picked":["halation:IllGainedPizza","Replay:Rubber Ducky","vexMod:MysteryBossChallenge"],"picked":"StuffTheSpire:Experiment12"},{"not_picked":["hubris:ClockworkCow","Quantum Egg","hubris:HollowSoul"],"picked":"hubris:CrystalStatue"},{"not_picked":["construct:BoolHorns","halation:QuantumPhysicsTextbook","halation:LoveArrow"],"picked":"TungstenRod"}],"items_purged_floors":[38,45],"is_endless":false,"potions_floor_spawned":[11,22,24,28,35,44,46,54],"ascension_level":6}}