{"host":"li2oyy8xcjugrjw6","time":1608699342,"event":{"mods":["AchievementEnabler","BaseMod","Colored Map","Minty Spire (QoL Compilation)","Permanent Neow","Replay The Spire","StSLib"],"gold_per_floor":[115,133,24,37,50,75,75,95,95,95,124,124,45,45,45,90,90],"floor_reached":16,"playtime":753,"items_purged":[],"score":165,"play_id":"011979c5-423b-4dcd-a790-5f827de6045c","local_time":"20201222205542","is_ascension_mode":true,"campfire_choices":[{"data":"Consume","floor":7,"key":"SMITH"},{"data":"Panic Button","floor":10,"key":"SMITH"},{"data":"FIFO Queue","floor":15,"key":"SMITH"}],"circlet_count":0,"master_deck":["AscendersBane","Strike_B","Strike_B","Strike_B+1","Strike_B","Defend_B+1","Defend_B","Defend_B","Defend_B","Zap","Dualcast","Creative AI","BootSequence","Consume+1","Self Repair+1","FTL","Panic Button+1","BootSequence","FIFO Queue+1"],"relics":["Cracked Core","Simple Rune","HornCleat","Mirror","ReplayTheSpireMod:Ring of Addiction","Potion Belt","Toy Ornithopter","ReplayTheSpireMod:Ring of Challenge"],"acts_visited":["Exordium"],"potions_floor_usage":[5,6,16,16,16],"damage_taken":[{"damage":19,"enemies":"Cultist","floor":1,"turns":5},{"damage":0,"enemies":"2 Louse","floor":2,"turns":3},{"damage":0,"enemies":"Small Slimes","floor":4,"turns":4},{"damage":12,"enemies":"Looter","floor":5,"turns":3},{"damage":45,"enemies":"3 Sentries","floor":6,"turns":8},{"damage":8,"enemies":"Exordium Thugs","floor":8,"turns":5},{"damage":22,"enemies":"Gremlin Nob","floor":11,"turns":5},{"damage":60,"enemies":"Slime Boss","floor":16,"turns":7}],"seed_played":"796126906655595818","potions_obtained":[{"floor":1,"key":"Regen Potion"},{"floor":2,"key":"Strength Potion"},{"floor":6,"key":"SpeedPotion"},{"floor":12,"key":"LiquidBronze"},{"floor":12,"key":"Regen Potion"},{"floor":12,"key":"Flashbang"}],"is_trial":false,"path_per_floor":["M","M","$","M","M","E","R","M","T","R","E","?","$","?","R","B"],"character_chosen":"DEFECT","items_purchased":["Self Repair+1","AttackPotion","FIFO Queue"],"campfire_rested":0,"item_purchase_floors":[3,3,13],"current_hp_per_floor":[49,49,49,59,57,37,37,39,39,39,27,27,27,27,27,0,0],"gold":90,"neow_bonus":"ONE_RANDOM_RARE_CARD","is_daily":false,"chose_seed":false,"campfire_upgraded":3,"win_rate":0.0,"timestamp":1608699342,"path_taken":["M","?","$","M","M","E","R","?","T","R","E","?","$","?","R","BOSS"],"items_purchased_type":["Card","Potion","Card"],"build_version":"2020-12-13","purchased_purges":0,"victory":false,"max_hp_per_floor":[75,75,75,75,75,75,75,75,75,75,75,75,75,75,75,73,73],"card_choices":[{"not_picked":["Streamline","Hello World"],"picked":"BootSequence","floor":1},{"not_picked":["Rip and Tear","Recycle"],"picked":"Consume","floor":2},{"not_picked":["Go for the Eyes","Hologram"],"picked":"FTL","floor":4},{"not_picked":["Hologram","Aggregate","Barrage"],"picked":"SKIP","floor":5},{"not_picked":["Thunder Strike","Barrage","ReplayTheSpireMod:System Scan"],"picked":"SKIP","floor":6},{"not_picked":["Skim","Double Energy"],"picked":"Panic Button","floor":8},{"not_picked":["Streamline","Go for the Eyes"],"picked":"BootSequence","floor":11}],"player_experience":959035,"relics_obtained":[{"floor":6,"key":"Simple Rune"},{"floor":9,"key":"HornCleat"},{"floor":11,"key":"Mirror"},{"floor":12,"key":"ReplayTheSpireMod:Ring of Addiction"},{"floor":12,"key":"Potion Belt"},{"floor":12,"key":"Toy Ornithopter"},{"floor":12,"key":"ReplayTheSpireMod:Ring of Challenge"}],"event_choices":[{"cards_removed":["Delirium"],"damage_healed":0,"gold_gain":0,"player_choice":"Forget","damage_taken":0,"max_hp_gain":0,"max_hp_loss":0,"event_name":"Living Wall","floor":14,"gold_loss":0}],"is_beta":false,"boss_relics":[],"items_purged_floors":[],"is_endless":false,"potions_floor_spawned":[1,2,6],"killed_by":"Slime Boss","ascension_level":10}}