{"host":"3shkd9pumyjl06a1","time":1608700504,"event":{"mods":["Act Like it!","Aspiration","BaseMod","BetterRewards","Clawfect","Colored Map","Conspire","Downfall","Googly Eyes","Hallownest","HololiveMod","Hubris","Infinite Spire","Mimic Mod","Minty Spire (QoL Compilation)","Replay The Spire","Shade Mod","Shop Mod","Small Relic Pack","StSLib","The Bladedancer","The Bug Knight","The Necromancer","Wandering Minibosses"],"gold_per_floor":[112,112,42,53,53,53,68,87,87,87,118,118,128,141,141,244,244,261,280,341,383,293,293,293,305,331,346,346,346],"floor_reached":28,"playtime":1088,"items_purged":["Strike_W"],"score":398,"play_id":"4034124f-7f48-4563-b4ac-d321b2effcf7","local_time":"20201222221504","is_ascension_mode":true,"campfire_choices":[{"data":"expansioncontent:QuickStudy","floor":6,"key":"SMITH"},{"data":"Finger_Of_Death","floor":10,"key":"SMITH"},{"data":"Finger_Of_Death","floor":12,"key":"SMITH"},{"data":"Blood_Curse","floor":15,"key":"SMITH"},{"data":"Summon_Death_Knight","floor":23,"key":"SMITH"}],"circlet_count":0,"master_deck":["Negative_Energy_Arrows","Bone_Wall","expansioncontent:QuickStudy+1","Replay:Bootleg Shield Generator","Hallownest:curseDreamersLament","Finger_Of_Death+1","Finger_Of_Death+1","Necrotic_Claws","Blood_Curse+1","Summon_Death_Knight+1","Bone_Armory","Blood_Wake","Whirlwind_of_Bones","Slay_Living","Thousand_Bone_Knives","Whirlwind_of_Bones","Death_Knell","Strike_from_Beyond","Summon_Undead_Army","Bone_Armor+1","infinitespire:NeuralNetwork","Toxic_Smoke_Screen"],"relics":["Vampire_Amulet","infinitespire:Lucky Rock","StoneCalendar","Frozen Eye","Bird Faced Urn","Hallownest:TeacherSealRelic","Hallownest:DreamNailRelic","Ginger","aspiration:ChemicalBlood","Pandora\u0027s Box","Hallownest:StagBellStandRelic","hubris:TenFootPole"],"acts_visited":["Hallownest:Greenpath","Hallownest:CityofTears"],"potions_floor_usage":[8,16,16,19,21,21,25,25,27,28,28,28],"damage_taken":[{"damage":4,"enemies":"Hallownest:2_Baldur","floor":1,"turns":5},{"damage":5,"enemies":"Hallownest:2_Tiktiks_and_1_Crawlid","floor":4,"turns":7},{"damage":2,"enemies":"2_ Uuma","floor":7,"turns":5},{"damage":4,"enemies":"Hallownest:Guard_and_Warrior","floor":8,"turns":7},{"damage":7,"enemies":"Hallownest:eliteMossKnight","floor":11,"turns":7},{"damage":8,"enemies":"Hallownest:1_Baldur_1_Crawlid_1_Warrior","floor":13,"turns":6},{"damage":1,"enemies":"Hallownest:monsterFoolEater","floor":14,"turns":3},{"damage":8,"enemies":"Hallownest:BossBrokenVessel","floor":16,"turns":6},{"damage":12,"enemies":"Hallownest:2_Mistakes","floor":18,"turns":7},{"damage":15,"enemies":"Hallownest:3_Youths","floor":19,"turns":5},{"damage":4,"enemies":"Hallownest:Glutton_and_Coward","floor":21,"turns":4},{"damage":34,"enemies":"Hallownest:3_Mistakes","floor":25,"turns":6},{"damage":24,"enemies":"Hallownest:monsterShrumalOgre","floor":27,"turns":6},{"damage":66,"enemies":"Nightmare","floor":28,"turns":7}],"seed_played":"-5197113260940844870","potions_obtained":[{"floor":4,"key":"Strength Potion"},{"floor":7,"key":"Block Potion"},{"floor":8,"key":"Weak Potion"},{"floor":13,"key":"Death Potion"},{"floor":18,"key":"BlessingOfTheForge"},{"floor":19,"key":"DuplicationPotion"},{"floor":19,"key":"PowerPotion"},{"floor":20,"key":"ColorlessPotion"}],"is_trial":false,"path_per_floor":["M","?","?","M","?","R","M","M","T","R","E","R","M","M","R","B",null,"M","M","?","M","?","R","?","M","T","M","NM"],"character_chosen":"NECROMANCER","items_purchased":["infinitespire:Lucky Rock","StoneCalendar","Frozen Eye","expansioncontent:QuickStudy"],"campfire_rested":0,"item_purchase_floors":[0,0,0,0],"current_hp_per_floor":[36,36,36,39,39,39,45,49,49,49,56,56,66,67,67,69,75,71,66,66,74,74,74,55,35,35,35,0,0],"gold":346,"neow_bonus":"","is_daily":false,"chose_seed":false,"campfire_upgraded":5,"win_rate":0.0,"timestamp":1608700504,"path_taken":["M","?","?","M","?","R","?","?","T","R","E","R","M","M","R","BOSS","M","M","?","?","?","R","?","M","T","?","NM"],"items_purchased_type":["Relic","Relic","Relic","Card"],"build_version":"2020-12-22","purchased_purges":1,"victory":false,"max_hp_per_floor":[75,75,75,75,75,75,75,75,75,75,75,75,75,75,75,75,75,75,75,75,75,75,75,75,75,75,75,75,75],"card_choices":[{"not_picked":["Shackles_Of_Pain","Death_Coil","Epidemic"],"picked":"SKIP","floor":1},{"not_picked":["Epidemic","Chill_Blood","Bone_Armor"],"picked":"SKIP","floor":4},{"not_picked":["Bone_Bullets","Blood_Shield"],"picked":"Finger_Of_Death","floor":7},{"not_picked":["Bone_Bullets","Negative_Energy_Mist","Blood_Shield"],"picked":"SKIP","floor":8},{"not_picked":["Spectral_Armor","Necromantic_Selection"],"picked":"Finger_Of_Death","floor":11},{"not_picked":["Consume_Illness","Deaths_Shadow"],"picked":"Necrotic_Claws","floor":13},{"not_picked":["Epidemic","Bone_Bullets"],"picked":"Blood_Curse","floor":14},{"not_picked":["Reap_The_Weak","Skeleton_Dragon"],"picked":"Summon_Death_Knight","floor":16},{"not_picked":["Blood_for_Blood","Bone_Bullets"],"picked":"Strike_from_Beyond","floor":18},{"not_picked":["Death_March_Dance","Vampiric_Strike","Bone_Spikes"],"picked":"SKIP","floor":19},{"not_picked":["Negative_Energy_Shield","Shackles_Of_Pain"],"picked":"Summon_Undead_Army","floor":20},{"not_picked":["Bone_Spikes","Blood_Shield+1"],"picked":"Bone_Armor+1","floor":21},{"not_picked":["Replay:Fractal Strike","ReplayTheSpireMod:Haul"],"picked":"infinitespire:NeuralNetwork","floor":24},{"not_picked":["Negative_Energy_Shield","Scare","Negative_Energy_Burst"],"picked":"SKIP","floor":25},{"not_picked":["Bone_Prison","Negative_Energy_Mist+1"],"picked":"Toxic_Smoke_Screen","floor":27}],"player_experience":228162,"relics_obtained":[{"floor":9,"key":"Ginger"},{"floor":11,"key":"aspiration:ChemicalBlood"},{"floor":26,"key":"hubris:TenFootPole"}],"event_choices":[],"is_beta":false,"boss_relics":[{"not_picked":["ReplayTheSpireMod:DimensionalGlitch","Replay:Ancient Bell"],"picked":"Pandora\u0027s Box"}],"items_purged_floors":[0],"is_endless":false,"potions_floor_spawned":[4,7,8,13,18,19],"killed_by":"Nightmare","ascension_level":3}}