{"host":"6pgtslebjnyv5xmi","time":1608718303,"event":{"mods":["AchievementEnabler","BaseMod","Colored Map","Minty Spire (QoL Compilation)","Rare Cards Sparkle","StSLib","SuperFastMode","The Dragon Tamer","everything is the same but u backflip on backflip"],"gold_per_floor":[116,116,68,68,68,112,112,112,138,176,126,166,166,186,186,186,186],"floor_reached":16,"playtime":2467,"items_purged":[],"score":189,"play_id":"46d7b281-d68d-491d-a8a7-98ed468436b4","local_time":"20201223191143","is_ascension_mode":true,"campfire_choices":[{"data":"Zap","floor":8,"key":"SMITH"},{"floor":13,"key":"REST"},{"data":"Glacier","floor":15,"key":"SMITH"}],"circlet_count":0,"master_deck":["Strike_B","Strike_B","Strike_B","Defend_B","Defend_B","Defend_B","Defend_B","Zap+1","Dualcast","Glacier+1","Gash","Force Field","Recycle"],"relics":["Cracked Core","NeowsBlessing","Golden Idol","Lantern","Frozen Egg 2","Juzu Bracelet","Anchor","Mummified Hand"],"acts_visited":["Exordium"],"potions_floor_usage":[6,12,16],"damage_taken":[{"damage":0,"enemies":"2 Louse","floor":1,"turns":1},{"damage":0,"enemies":"3 Sentries","floor":6,"turns":1},{"damage":0,"enemies":"Gremlin Nob","floor":10,"turns":1},{"damage":27,"enemies":"Lagavulin","floor":12,"turns":9},{"damage":0,"enemies":"Jaw Worm","floor":14,"turns":4},{"damage":59,"enemies":"Slime Boss","floor":16,"turns":16}],"seed_played":"-3482278712275770540","potions_obtained":[{"floor":1,"key":"LiquidBronze"},{"floor":10,"key":"GamblersBrew"},{"floor":14,"key":"Dexterity Potion"}],"is_trial":false,"path_per_floor":["M","?","$","?","$","E","?","R","T","E","?","E","R","M","R","B"],"character_chosen":"DEFECT","items_purchased":["Gash"],"campfire_rested":1,"item_purchase_floors":[3],"current_hp_per_floor":[75,80,80,60,60,60,48,48,48,48,48,21,45,45,45,0,0],"gold":186,"neow_bonus":"THREE_ENEMY_KILL","is_daily":false,"chose_seed":false,"campfire_upgraded":2,"win_rate":0.0,"timestamp":1608718303,"path_taken":["M","?","$","?","$","E","?","R","T","E","?","E","R","M","R","BOSS"],"items_purchased_type":["Card"],"build_version":"2020-12-22","purchased_purges":0,"victory":false,"max_hp_per_floor":[75,80,80,80,80,80,80,80,80,80,80,80,80,80,80,80,80],"card_choices":[{"not_picked":["Go for the Eyes","Barrage"],"picked":"Glacier","floor":1},{"not_picked":["Streamline","Redo","Blizzard"],"picked":"SKIP","floor":6},{"not_picked":["Auto Shields","Force Field","Glacier"],"picked":"SKIP","floor":10},{"not_picked":["Rebound","Glacier"],"picked":"Force Field","floor":12},{"not_picked":["Sweeping Beam","Rebound"],"picked":"Recycle","floor":14}],"player_experience":402886,"relics_obtained":[{"floor":6,"key":"Lantern"},{"floor":9,"key":"Juzu Bracelet"},{"floor":10,"key":"Anchor"},{"floor":12,"key":"Mummified Hand"}],"event_choices":[{"damage_healed":0,"gold_gain":0,"player_choice":"Donut","damage_taken":0,"max_hp_gain":5,"max_hp_loss":0,"event_name":"Big Fish","floor":2,"gold_loss":0},{"damage_healed":0,"gold_gain":0,"player_choice":"Take Damage","damage_taken":20,"relics_obtained":["Golden Idol"],"max_hp_gain":0,"max_hp_loss":0,"event_name":"Golden Idol","floor":4,"gold_loss":0},{"damage_healed":0,"gold_gain":0,"player_choice":"Success","damage_taken":12,"relics_obtained":["Frozen Egg 2"],"max_hp_gain":0,"max_hp_loss":0,"event_name":"Scrap Ooze","floor":7,"gold_loss":0},{"cards_removed":["Strike_B"],"damage_healed":0,"gold_gain":0,"player_choice":"Card Removal","damage_taken":0,"max_hp_gain":0,"max_hp_loss":0,"event_name":"The Cleric","floor":11,"gold_loss":50}],"is_beta":false,"boss_relics":[],"items_purged_floors":[],"is_endless":false,"potions_floor_spawned":[1,10,14],"killed_by":"Slime Boss","ascension_level":3}}