{"host":"4kbqeuw4a1wt9r2z","time":1608754872,"event":{"mods":["Act Like it!","Aspiration","Astrologer","Bard","BaseMod","Chen","Conspire","Downfall","Duelist Mod","Gensokyo","GifTheSpireLib","Googly Eyes","Hallownest","Hermit","Hubris","Koishi","Marisa????????","Minty Spire (QoL Compilation)","Reimu??????","Replay The Spire","SOS???????","StSLib","The Bug Knight","The Construct","The Cursed","The Disciple","The Forsaken","The Gatherer","The Hierophant","The Kombatant","The Necromancer","The Runesmith","The Senshi","The Servant 0.9.4","The Wild Card"],"gold_per_floor":[109,126,143,153,168,168,197,197,197,197,214,214,240,240,240,337,337,348,598,598,13,33,33,33],"floor_reached":23,"playtime":1455,"items_purged":["theSenshi:SailorBlock"],"score":201,"play_id":"d62579e5-927c-4c0c-a85d-98f7d817466a","local_time":"20201223232112","is_ascension_mode":false,"campfire_choices":[{"data":"theSenshi:MoonPrismPowerMakeUp","floor":6,"key":"SMITH"},{"data":"theSenshi:MoonCrisisMakeUp","floor":8,"key":"SMITH"},{"data":"theSenshi:MoonCosmicPowerMakeUp","floor":10,"key":"SMITH"},{"floor":15,"key":"REST"}],"circlet_count":0,"master_deck":["theSenshi:SailorKick","theSenshi:SailorKick","theSenshi:SailorKick","theSenshi:SailorKick","theSenshi:SailorBlock","theSenshi:SailorBlock","theSenshi:SailorBlock","theSenshi:RoseThrow","theSenshi:MoonPrismPowerMakeUp+1","theSenshi:SailorUranusAssists","theSenshi:MoonCosmicPowerMakeUp+1","theSenshi:MoonPrincessHalation","theSenshi:MoonPunch","theSenshi:Sidestep","theSenshi:MoonCrisisMakeUp+1","theSenshi:SchoolBag","theSenshi:SailorStarHealerAssists","theSenshi:PlutosSolemnity","theSenshi:SailorStarMakerAssists","theSenshi:UranusStrength","theSenshi:SailorPlanetAttack"],"relics":["theSenshi:TransformationBroochRelic","NeowsBlessing","Regal Pillow","MealTicket","Durian","Gensokyo:CelestialsFlawlessClothing","Replay:Bronze Core","Replay:Towering Pillar of Hats","ClockworkSouvenir","Frozen Eye"],"acts_visited":["Gensokyo:Gensokyo","Gensokyo:Gensokyoer"],"potions_floor_usage":[13,16,22,23],"damage_taken":[{"damage":0,"enemies":"Gensokyo:2_Kodama","floor":1,"turns":1},{"damage":0,"enemies":"Gensokyo:Gryphon","floor":2,"turns":1},{"damage":0,"enemies":"Gensokyo:Python","floor":3,"turns":1},{"damage":11,"enemies":"Gensokyo:Gryphon_and_Rabbit","floor":4,"turns":7},{"damage":8,"enemies":"Gensokyo:VengefulSpirit","floor":5,"turns":4},{"damage":17,"enemies":"Gensokyo:Mamizou","floor":7,"turns":11},{"damage":15,"enemies":"Gensokyo:Python_and_Kodama","floor":11,"turns":5},{"damage":11,"enemies":"Gensokyo:Aya","floor":13,"turns":6},{"damage":20,"enemies":"Gensokyo:Yukari","floor":16,"turns":11},{"damage":30,"enemies":"Gensokyo:3_Dogs","floor":18,"turns":12},{"damage":21,"enemies":"Gensokyo:AngelMirror","floor":22,"turns":8},{"damage":72,"enemies":"Gensokyo:Koishi","floor":23,"turns":13}],"seed_played":"3569063226899227050","potions_obtained":[{"floor":3,"key":"SpeedPotion"},{"floor":5,"key":"DistilledChaos"},{"floor":13,"key":"AttackPotion"},{"floor":16,"key":"GrandPatriotsElixir:ReiMu"},{"floor":22,"key":"EssenceOfSteel"}],"is_trial":false,"path_per_floor":["M","M","M","M","M","R","E","R","T","R","M","?","E","?","R","B",null,"M","?","?","$","M","E"],"character_chosen":"THE_SENSHI","items_purchased":["Replay:Towering Pillar of Hats","ClockworkSouvenir","theSenshi:UranusStrength"],"campfire_rested":1,"item_purchase_floors":[21,21,21],"current_hp_per_floor":[75,75,75,64,56,56,39,39,39,39,24,32,29,9,48,31,80,58,58,58,73,60,0,0],"gold":33,"neow_bonus":"THREE_ENEMY_KILL","is_daily":false,"chose_seed":false,"campfire_upgraded":3,"win_rate":0.0,"timestamp":1608754872,"path_taken":["M","M","M","M","M","R","E","R","T","R","M","?","E","?","R","BOSS","M","?","?","$","M","E"],"items_purchased_type":["Relic","Relic","Card"],"build_version":"2020-12-22","purchased_purges":1,"victory":false,"max_hp_per_floor":[75,75,75,75,75,75,75,75,75,75,75,75,80,80,80,80,80,80,76,76,76,76,76,76],"card_choices":[{"not_picked":["theSenshi:MoonsReflection","theSenshi:CrisisMakeUp"],"picked":"theSenshi:SailorUranusAssists","floor":1},{"not_picked":["theSenshi:Sidestep","theSenshi:SailorMercuryAssists"],"picked":"theSenshi:MoonCosmicPowerMakeUp","floor":2},{"not_picked":["theSenshi:TuxedoSmokingBomber","theSenshi:SailorVenusAssists"],"picked":"theSenshi:MoonPrincessHalation","floor":3},{"not_picked":["theSenshi:SailorMercuryAssists","theSenshi:TuxedoSmokingBomber"],"picked":"theSenshi:MoonPunch","floor":4},{"not_picked":["theSenshi:EncouragingSpeech","theSenshi:MoonKick"],"picked":"theSenshi:Sidestep","floor":5},{"not_picked":["theSenshi:SilverMoonCrystalPowerKiss","theSenshi:LunasBite"],"picked":"theSenshi:MoonCrisisMakeUp","floor":7},{"not_picked":["theSenshi:MoonsReflection","theSenshi:MoonCosmicPowerMakeUp"],"picked":"theSenshi:SchoolBag","floor":11},{"not_picked":["theSenshi:OdangoHead","theSenshi:LateForSchool","theSenshi:MoonPower"],"picked":"SKIP","floor":13},{"not_picked":["theSenshi:WarriorOfTheMoon","theSenshi:SailorCosmosAssists"],"picked":"theSenshi:SailorStarHealerAssists","floor":16},{"not_picked":["theSenshi:SailorMarsAssists+1","theSenshi:TuxedoSmokingBomber"],"picked":"theSenshi:PlutosSolemnity","floor":18},{"not_picked":["theSenshi:MoonKick","theSenshi:EncouragingSpeech+1"],"picked":"theSenshi:SailorPlanetAttack","floor":22}],"player_experience":518617,"relics_obtained":[{"floor":7,"key":"Regal Pillow"},{"floor":9,"key":"MealTicket"},{"floor":13,"key":"Durian"}],"event_choices":[],"is_beta":false,"boss_relics":[{"not_picked":["Replay:Wanted Poster","SacredBark"],"picked":"Replay:Bronze Core"}],"items_purged_floors":[21],"is_endless":false,"potions_floor_spawned":[3,5,13,16,22],"killed_by":"Gensokyo:Koishi","ascension_level":0}}