{"host":"ged1bqtamtf4sn4x","time":1608746755,"event":{"mods":["BaseMod","Colored Map","DeckTracker","Highlight Path","Keyboard Shortcuts","Minty Spire (QoL Compilation)","Permanent Neow","Quick Restart","SuperFastMode","everything is the same but u backflip on backflip"],"gold_per_floor":[112,130,140,140,65,96,96,96,128,128,128,138,138,148,167,167,238,238,253,253,270,282,282,282,182,211,211,229,7,23,55,66,66,140,140,151,151,162,0,0,0,17,17,42,68,137,167,181,199,199,199,199,199],"floor_reached":52,"playtime":1902,"items_purged":["Writhe","Defend_R"],"score":1528,"play_id":"634a7ed2-30a4-46d6-acf5-fd0e2c3bc80f","local_time":"20201224030555","is_ascension_mode":true,"campfire_choices":[{"data":"Armaments","floor":8.0,"key":"SMITH"},{"floor":11.0,"key":"REST"},{"data":"Flex","floor":13.0,"key":"SMITH"},{"data":"Feed","floor":16.0,"key":"SMITH"},{"data":"Demon Form","floor":24.0,"key":"SMITH"},{"floor":33.0,"key":"DIG"},{"floor":41.0,"key":"DIG"},{"floor":43.0,"key":"DIG"},{"floor":50.0,"key":"DIG"}],"circlet_count":0,"master_deck":["AscendersBane","Defend_R","Defend_R","Defend_R","Bash","Armaments+1","Pommel Strike","Spot Weakness+1","Flex+1","Feed+1","Demon Form+1","Bite","Bite","Bite","Bite","Bite","Heavy Blade","Reaper","Inflame","Berserk+1","Thunderclap+1","Inflame+1","Battle Trance+1"],"relics":["Burning Blood","Bird Faced Urn","CaptainsWheel","Shuriken","Mercury Hourglass","Philosopher\u0027s Stone","Blue Candle","Shovel","Mango","Paper Frog","Frozen Egg 2","Runic Pyramid","Red Mask","Toxic Egg 2","Dream Catcher","Blood Vial","Lizard Tail","HornCleat","White Beast Statue","Boot"],"acts_visited":["Exordium","TheCity","TheBeyond"],"potions_floor_usage":[51,51],"damage_taken":[{"damage":9.0,"enemies":"Small Slimes","floor":1.0,"turns":4.0},{"damage":5.0,"enemies":"Cultist","floor":2.0,"turns":5.0},{"damage":7.0,"enemies":"Jaw Worm","floor":3.0,"turns":3.0},{"damage":39.0,"enemies":"Gremlin Nob","floor":6.0,"turns":4.0},{"damage":18.0,"enemies":"Gremlin Nob","floor":9.0,"turns":4.0},{"damage":0.0,"enemies":"Large Slime","floor":12.0,"turns":4.0},{"damage":1.0,"enemies":"Looter","floor":14.0,"turns":3.0},{"damage":8.0,"enemies":"Blue Slaver","floor":15.0,"turns":3.0},{"damage":49.0,"enemies":"Slime Boss","floor":17.0,"turns":9.0},{"damage":31.0,"enemies":"Shell Parasite","floor":19.0,"turns":5.0},{"damage":12.0,"enemies":"2 Thieves","floor":21.0,"turns":2.0},{"damage":9.0,"enemies":"3 Cultists","floor":22.0,"turns":4.0},{"damage":41.0,"enemies":"Slavers","floor":26.0,"turns":6.0},{"damage":22.0,"enemies":"Cultist and Chosen","floor":28.0,"turns":6.0},{"damage":19.0,"enemies":"Snecko","floor":30.0,"turns":5.0},{"damage":50.0,"enemies":"Gremlin Leader","floor":31.0,"turns":8.0},{"damage":29.0,"enemies":"Centurion and Healer","floor":32.0,"turns":6.0},{"damage":125.0,"enemies":"Collector","floor":34.0,"turns":8.0},{"damage":71.0,"enemies":"3 Darklings","floor":36.0,"turns":5.0},{"damage":21.0,"enemies":"Orb Walker","floor":38.0,"turns":3.0},{"damage":15.0,"enemies":"4 Shapes","floor":42.0,"turns":5.0},{"damage":74.0,"enemies":"Nemesis","floor":45.0,"turns":7.0},{"damage":116.0,"enemies":"Reptomancer","floor":47.0,"turns":5.0},{"damage":30.0,"enemies":"Sphere and 2 Shapes","floor":48.0,"turns":4.0},{"damage":11.0,"enemies":"Spire Growth","floor":49.0,"turns":3.0},{"damage":109,"enemies":"Awakened One","floor":51,"turns":7},{"damage":37,"enemies":"Time Eater","floor":52,"turns":3}],"seed_played":"7024104368568388490","potions_obtained":[{"floor":2.0,"key":"FearPotion"},{"floor":12.0,"key":"BlessingOfTheForge"},{"floor":14.0,"key":"AttackPotion"},{"floor":15.0,"key":"Explosive Potion"},{"floor":22.0,"key":"SteroidPotion"},{"floor":30.0,"key":"HeartOfIron"},{"floor":31.0,"key":"SneckoOil"},{"floor":32.0,"key":"Ancient Potion"},{"floor":42.0,"key":"BloodPotion"},{"floor":47.0,"key":"Fire Potion"},{"floor":48.0,"key":"SkillPotion"}],"is_trial":false,"path_per_floor":["M","M","M","?","$","E","E","R","E","T","R","M","R","M","M","R","B",null,"M","?","M","M","T","R","$","E","T","M","$","M","E","M","R","B",null,"M","?","M","?","$","R","M","R","T","E","T","E","M","M","R","B","B"],"character_chosen":"IRONCLAD","items_purchased":["Fruit Juice","Fruit Juice"],"campfire_rested":1,"item_purchase_floors":[29,29],"current_hp_per_floor":[65,66,65,65,65,32,32,32,20,20,42,48,48,53,54,54,15,65,42,42,46,53,53,53,53,32,46,45,55,59,56,50,50,34,78,61,61,59,59,59,59,72,72,72,28,28,34,50,60,60,15,0,0],"gold":199,"neow_bonus":"ONE_RARE_RELIC","is_daily":false,"chose_seed":false,"campfire_upgraded":4,"win_rate":0.0,"timestamp":1608746755,"path_taken":["M","M","M","?","$","E","E","R","E","T","R","M","R","?","M","R","BOSS","M","?","M","M","?","R","$","E","T","M","$","M","E","M","R","BOSS","M","?","M","?","$","R","M","R","T","E","?","E","M","?","R","BOSS","BOSS"],"items_purchased_type":["Potion","Potion"],"build_version":"2020-12-22","purchased_purges":2,"victory":false,"max_hp_per_floor":[75,75,75,75,75,75,75,75,75,75,75,75,75,75,78,78,82,82,82,57,61,61,61,61,61,65,79,79,89,89,89,93,93,93,93,93,88,88,88,88,88,92,92,92,96,96,96,100,100,100,104,104,104],"card_choices":[{"not_picked":["Dark Embrace","Sword Boomerang"],"picked":"Armaments","floor":1.0},{"not_picked":["Wild Strike","Sword Boomerang"],"picked":"Pommel Strike","floor":2.0},{"not_picked":["Exhume","Iron Wave"],"picked":"Spot Weakness","floor":3.0},{"not_picked":["Havoc","Exhume","True Grit"],"picked":"SKIP","floor":6.0},{"not_picked":["Anger","Twin Strike","Rage"],"picked":"SKIP","floor":9.0},{"not_picked":["Perfected Strike","Cleave"],"picked":"Flex","floor":12.0},{"not_picked":["Perfected Strike","Evolve"],"picked":"Feed","floor":14.0},{"not_picked":["True Grit","Clothesline","Perfected Strike"],"picked":"SKIP","floor":15.0},{"not_picked":["Exhume","Reaper"],"picked":"Demon Form","floor":17.0},{"not_picked":["Twin Strike","Headbutt","Armaments+1"],"picked":"SKIP","floor":19.0},{"not_picked":["Carnage","Blood for Blood"],"picked":"Heavy Blade","floor":21.0},{"not_picked":["True Grit","Searing Blow","Cleave"],"picked":"SKIP","floor":22.0},{"not_picked":["True Grit","Searing Blow","Cleave"],"picked":"SKIP","floor":22.0},{"not_picked":["Seeing Red","Havoc+1","Twin Strike"],"picked":"SKIP","floor":26.0},{"not_picked":["Anger","Perfected Strike"],"picked":"Reaper","floor":28.0},{"not_picked":["Anger","Havoc","Cleave+1"],"picked":"SKIP","floor":30.0},{"not_picked":["Pommel Strike","Body Slam","Dual Wield"],"picked":"SKIP","floor":31.0},{"not_picked":["Fire Breathing+1","Twin Strike"],"picked":"Inflame","floor":32.0},{"not_picked":["Exhume","Corruption+1"],"picked":"Berserk+1","floor":34.0},{"not_picked":["Clothesline","Pommel Strike","Headbutt"],"picked":"SKIP","floor":36.0},{"not_picked":["Clothesline","Pommel Strike","Headbutt"],"picked":"SKIP","floor":36.0},{"not_picked":["Clothesline","Flame Barrier"],"picked":"Thunderclap+1","floor":38.0},{"not_picked":["Cleave+1","Thunderclap","Sword Boomerang"],"picked":"SKIP","floor":42.0},{"not_picked":["Anger","Dual Wield+1"],"picked":"Inflame+1","floor":45.0},{"not_picked":["Feed","Fire Breathing+1","Entrench+1"],"picked":"SKIP","floor":47.0},{"not_picked":["Body Slam","True Grit+1"],"picked":"Battle Trance+1","floor":48.0},{"not_picked":["Cleave","Warcry+1","Feed"],"picked":"SKIP","floor":49.0}],"player_experience":386740,"relics_obtained":[{"floor":6.0,"key":"CaptainsWheel"},{"floor":9.0,"key":"Shuriken"},{"floor":10.0,"key":"Mercury Hourglass"},{"floor":23.0,"key":"Blue Candle"},{"floor":26.0,"key":"Shovel"},{"floor":27.0,"key":"Mango"},{"floor":31.0,"key":"Paper Frog"},{"floor":33.0,"key":"Frozen Egg 2"},{"floor":41.0,"key":"Toxic Egg 2"},{"floor":43.0,"key":"Dream Catcher"},{"floor":44.0,"key":"Blood Vial"},{"floor":45.0,"key":"Lizard Tail"},{"floor":46.0,"key":"HornCleat"},{"floor":47.0,"key":"White Beast Statue"},{"floor":50.0,"key":"Boot"}],"event_choices":[{"damage_healed":0.0,"max_hp_gain":0.0,"max_hp_loss":0.0,"gold_gain":0.0,"event_name":"Upgrade Shrine","player_choice":"Upgraded","floor":4.0,"gold_loss":0.0,"damage_taken":0.0,"cards_upgraded":["Spot Weakness"]},{"damage_healed":0.0,"max_hp_gain":0.0,"max_hp_loss":25.0,"gold_gain":0.0,"event_name":"Vampires","player_choice":"Became a vampire","floor":20.0,"gold_loss":0.0,"damage_taken":0.0,"cards_obtained":["Bite","Bite","Bite","Bite","Bite"]},{"damage_healed":0.0,"max_hp_gain":0.0,"max_hp_loss":5.0,"gold_gain":0.0,"event_name":"Winding Halls","player_choice":"Max HP","floor":37.0,"gold_loss":0.0,"damage_taken":0.0},{"damage_healed":0.0,"max_hp_gain":0.0,"max_hp_loss":0.0,"gold_gain":0.0,"event_name":"Tomb of Lord Red Mask","player_choice":"Paid","floor":39.0,"gold_loss":162.0,"damage_taken":0.0,"relics_obtained":["Red Mask"]}],"is_beta":false,"boss_relics":[{"not_picked":["Astrolabe","Busted Crown"],"picked":"Philosopher\u0027s Stone"},{"not_picked":["Velvet Choker","Pandora\u0027s Box"],"picked":"Runic Pyramid"}],"items_purged_floors":[5,25],"is_endless":false,"potions_floor_spawned":[2,12,14,15,22,30,31,32,42,45,47,48,49],"killed_by":"Time Eater","ascension_level":20}}