{"host":"6hzrz31j95f2y1pa","time":1608686771,"event":{"mods":["BaseMod","Colored Map","Downfall","Minty Spire (QoL Compilation)","StSLib"],"gold_per_floor":[99,113,127,145,165,181,228,262,262,281,294,327,119,153,167,167,167,167],"floor_reached":16,"playtime":635,"items_purged":["champ:Strike"],"score":220,"play_id":"e09b5d13-bc08-4e28-9858-aeb4cdbf58fc","local_time":"20201222202611","is_ascension_mode":true,"campfire_choices":[{"data":"champ:Execute","floor":1,"key":"SMITH"},{"data":"champ:RecklessLeap","floor":9,"key":"SMITH"}],"circlet_count":0,"master_deck":["champ:Strike","champ:Strike","champ:Strike","champ:Defend","champ:Defend","champ:Defend","champ:Execute+1","champ:Taunt","champ:GutPunch","champ:Encircle","champ:FaceSlap","champ:RecklessLeap+1","champ:DefensiveShout","champ:BringItOn","champ:FanOfKnives","champ:PerfectForm+1","champ:EndlessRage+1","champ:Backstep","champ:ArenaPreparation","champ:Lariat"],"relics":["champ:ChampionCrown","Centennial Puzzle","Frozen Egg 2","MealTicket","hexamod:BolsterEngine"],"acts_visited":["Exordium"],"potions_floor_usage":[16,16],"damage_taken":[{"damage":5,"enemies":"Cultist","floor":2,"turns":3},{"damage":10,"enemies":"Small Slimes","floor":3,"turns":3},{"damage":9,"enemies":"Jaw Worm","floor":4,"turns":3},{"damage":19,"enemies":"Red Slaver","floor":5,"turns":5},{"damage":10,"enemies":"3 Louse","floor":6,"turns":3},{"damage":42,"enemies":"Lagavulin","floor":8,"turns":3},{"damage":10,"enemies":"Blue Slaver","floor":10,"turns":2},{"damage":13,"enemies":"Exordium Wildlife","floor":11,"turns":2},{"damage":20,"enemies":"Gremlin Nob","floor":12,"turns":2},{"damage":20,"enemies":"downfall:FleeingMerchant","floor":13,"turns":4},{"damage":33,"enemies":"Lagavulin","floor":14,"turns":4},{"damage":31,"enemies":"Lots of Slimes","floor":15,"turns":3},{"damage":50,"enemies":"downfall:Defect","floor":16,"turns":4}],"seed_played":"4664199565897629275","potions_obtained":[{"floor":2,"key":"FearPotion"},{"floor":6,"key":"Weak Potion"},{"floor":10,"key":"SkillPotion"},{"floor":11,"key":"LiquidMemories"}],"is_trial":false,"path_per_floor":["R","M","M","M","M","M","T","E","R","M","M","E","$","E","M","B"],"character_chosen":"THE_CHAMP","items_purchased":["champ:EndlessRage+1","champ:Backstep"],"campfire_rested":0,"item_purchase_floors":[13,13],"current_hp_per_floor":[90,90,85,85,71,71,71,51,51,51,45,45,60,60,48,0,0,0],"gold":167,"neow_bonus":"REMOVE_CARD","is_daily":false,"chose_seed":false,"campfire_upgraded":2,"win_rate":0.0,"timestamp":1608686771,"path_taken":["R","M","M","M","M","M","T","E","R","M","M","E","?","E","M","BOSS"],"items_purchased_type":["Card","Card"],"build_version":"2020-12-13","purchased_purges":1,"victory":false,"max_hp_per_floor":[90,90,90,90,90,90,90,90,90,90,90,90,90,90,90,90,90,90],"card_choices":[{"not_picked":["champ:PreciseThrust","champ:GladiatorsShout"],"picked":"champ:GutPunch","floor":2},{"not_picked":["champ:GladiatorStyle","champ:Lariat"],"picked":"champ:Encircle","floor":3},{"not_picked":["champ:RapidStrikes","champ:Circumvent"],"picked":"champ:FaceSlap","floor":4},{"not_picked":["champ:HeartStrike","champ:BladeFlurry","champ:PerfectedStrike"],"picked":"SKIP","floor":5},{"not_picked":["champ:FalseCounter","champ:Riposte"],"picked":"champ:RecklessLeap","floor":6},{"not_picked":["champ:PreciseThrust","champ:ViciousMockery"],"picked":"champ:DefensiveShout","floor":8},{"not_picked":["champ:RageSigil","champ:Haymaker"],"picked":"champ:BringItOn","floor":10},{"not_picked":["champ:SwordSigil","champ:GutPunch","champ:GladiatorsShout"],"picked":"SKIP","floor":11},{"not_picked":["champ:DefensiveStyle+1","champ:CrookedStrike"],"picked":"champ:FanOfKnives","floor":12},{"not_picked":["champ:FlashCut","champ:PerfectedStrike"],"picked":"champ:PerfectForm+1","floor":13},{"not_picked":["champ:BringItOn","champ:AdrenalArmor"],"picked":"champ:ArenaPreparation","floor":14},{"not_picked":["champ:RecklessLeap","champ:PerfectedStrike"],"picked":"champ:Lariat","floor":15}],"player_experience":1230504,"relics_obtained":[{"floor":7,"key":"Centennial Puzzle"},{"floor":8,"key":"Frozen Egg 2"},{"floor":12,"key":"MealTicket"},{"floor":14,"key":"hexamod:BolsterEngine"}],"event_choices":[],"is_beta":false,"boss_relics":[],"items_purged_floors":[13],"is_endless":false,"potions_floor_spawned":[2,6,10,11,12,14],"killed_by":"downfall:Defect","ascension_level":5}}