{"host":"99ad87xtd5ypi7ii","time":1608731409,"event":{"mods":["BaseMod","Hermit","Highlight Path","Marisa????????","Minty Spire (QoL Compilation)","Robot Space Explorer","StSLib","The Bladedancer","The Construct","The Cursed","The Disciple","The Gatherer","The Hierophant","The Runesmith","The Servant 0.9.4","TheVacant"],"gold_per_floor":[111,2,2,22,22,61,61,61,61],"floor_reached":8,"playtime":323,"items_purged":[],"score":87,"play_id":"6c042153-031a-4ba7-92b6-13579bc3f377","local_time":"20201223145009","is_ascension_mode":true,"campfire_choices":[{"data":"InstantArmor","floor":7,"key":"SMITH"}],"circlet_count":0,"master_deck":["Strike_S","Strike_S","Strike_S","Strike_S","Defend_S","Defend_S","Defend_S","Defend_S","KidneyShot","Exchange","Gouge","InstantArmor+1","Collapse","Moonlight","TrueSight"],"relics":["Uniform","NeowsBlessing","Golden Idol","Runesmith:AutoHammer"],"acts_visited":["Exordium"],"potions_floor_usage":[],"damage_taken":[{"damage":0,"enemies":"Cultist","floor":1,"turns":1},{"damage":0,"enemies":"Small Slimes","floor":4,"turns":1},{"damage":0,"enemies":"Gremlin Nob","floor":6,"turns":1},{"damage":22,"enemies":"3 Sentries","floor":8,"turns":6}],"seed_played":"6287945094591600422","potions_obtained":[],"is_trial":false,"path_per_floor":["M","$","?","M","?","E","R","E"],"character_chosen":"THE_SERVANT","items_purchased":["InstantArmor","Collapse"],"campfire_rested":0,"item_purchase_floors":[2,2],"current_hp_per_floor":[65,65,70,70,53,53,53,31,31],"gold":61,"neow_bonus":"THREE_ENEMY_KILL","is_daily":false,"chose_seed":false,"campfire_upgraded":1,"win_rate":0.0,"timestamp":1608731409,"path_taken":["M","?","?","M","?","E","R","E"],"items_purchased_type":["Card","Card"],"build_version":"2020-12-22","purchased_purges":0,"victory":false,"max_hp_per_floor":[65,65,70,70,70,70,70,70,70],"card_choices":[{"not_picked":["DoubleEdge","Replace"],"picked":"Gouge","floor":1},{"not_picked":["FastForward","Potential"],"picked":"Moonlight","floor":4},{"not_picked":["BottledTime","Sabotage"],"picked":"TrueSight","floor":6}],"player_experience":829134,"relics_obtained":[{"floor":6,"key":"Runesmith:AutoHammer"}],"event_choices":[{"damage_healed":0,"gold_gain":0,"player_choice":"Donut","damage_taken":0,"max_hp_gain":5,"max_hp_loss":0,"event_name":"Big Fish","floor":3,"gold_loss":0},{"damage_healed":0,"gold_gain":0,"player_choice":"Take Damage","damage_taken":17,"relics_obtained":["Golden Idol"],"max_hp_gain":0,"max_hp_loss":0,"event_name":"Golden Idol","floor":5,"gold_loss":0}],"is_beta":false,"boss_relics":[],"items_purged_floors":[],"is_endless":false,"potions_floor_spawned":[],"killed_by":"3 Sentries","ascension_level":2}}