{"host":"baymyijz6sxaqj5s","time":1608713616,"event":{"mods":["AchievementEnabler","BaseMod","Colored Map","Colored Powertips","DeckTracker","KOR Keyword Fix","Keyboard Shortcuts","Minty Spire (QoL Compilation)","Quick Restart","StSLib","SuperFastMode"],"gold_per_floor":[109,109,125,142,156,156,64,64,64,84,84,84,104,121,121,222,222,235,235,235,235],"floor_reached":20,"playtime":665,"items_purged":[],"score":168,"play_id":"65aa73b3-0fe2-4c56-aebe-f03879324cf8","local_time":"20201223175336","is_ascension_mode":false,"campfire_choices":[{"data":"Shrug It Off","floor":6,"key":"SMITH"},{"data":"Trip","floor":8,"key":"SMITH"},{"data":"Heavy Blade","floor":12,"key":"SMITH"},{"data":"Barricade","floor":15,"key":"SMITH"}],"circlet_count":0,"master_deck":["Strike_R","Strike_R","Strike_R","Strike_R","Strike_R","Defend_R","Defend_R","Defend_R","Defend_R","Bash","Sword Boomerang+1","Twin Strike","Heavy Blade+1","Shrug It Off+1","Trip+1","Barricade+1","Armaments"],"relics":["Burning Blood","Bird Faced Urn","Prayer Wheel","SlaversCollar"],"acts_visited":["Exordium","TheCity"],"potions_floor_usage":[19],"damage_taken":[{"damage":2,"enemies":"Small Slimes","floor":1,"turns":4},{"damage":1,"enemies":"Cultist","floor":3,"turns":3},{"damage":7,"enemies":"2 Louse","floor":4,"turns":3},{"damage":13,"enemies":"Large Slime","floor":5,"turns":9},{"damage":8,"enemies":"Exordium Wildlife","floor":10,"turns":5},{"damage":0,"enemies":"2 Fungi Beasts","floor":13,"turns":3},{"damage":9,"enemies":"3 Louse","floor":14,"turns":5},{"damage":66,"enemies":"Slime Boss","floor":16,"turns":19},{"damage":45,"enemies":"Chosen","floor":18,"turns":9},{"damage":0,"enemies":"2 Thieves","floor":19,"turns":1},{"damage":63,"enemies":"Cultist and Chosen","floor":20,"turns":5}],"seed_played":"6979465017667146010","potions_obtained":[{"floor":10,"key":"CultistPotion"},{"floor":14,"key":"SmokeBomb"}],"is_trial":false,"path_per_floor":["M","?","M","M","M","R","$","R","T","M","?","R","M","M","R","B",null,"M","M","M"],"character_chosen":"IRONCLAD","items_purchased":["Trip"],"campfire_rested":0,"item_purchase_floors":[7],"current_hp_per_floor":[88,88,88,87,80,80,80,80,80,78,78,78,84,81,81,23,88,49,55,0,0],"gold":235,"neow_bonus":"TEN_PERCENT_HP_BONUS","is_daily":false,"chose_seed":false,"campfire_upgraded":4,"win_rate":0.0,"timestamp":1608713616,"path_taken":["M","?","?","M","M","R","$","R","T","M","?","R","M","?","R","BOSS","M","M","M"],"items_purchased_type":["Card"],"build_version":"2020-12-22","purchased_purges":0,"victory":false,"max_hp_per_floor":[88,88,88,88,88,88,88,88,88,88,88,88,88,88,88,88,88,88,88,88,88],"card_choices":[{"not_picked":["Warcry","Perfected Strike"],"picked":"Sword Boomerang","floor":1},{"not_picked":["Evolve","Reckless Charge"],"picked":"Twin Strike","floor":3},{"not_picked":["Rupture","Dark Embrace"],"picked":"Heavy Blade","floor":4},{"not_picked":["Pommel Strike","Battle Trance"],"picked":"Shrug It Off","floor":5},{"not_picked":["Hemokinesis","True Grit","Thunderclap"],"picked":"SKIP","floor":10},{"not_picked":["Sword Boomerang","Iron Wave","Twin Strike"],"picked":"SKIP","floor":13},{"not_picked":["Headbutt","Dual Wield","Warcry"],"picked":"SKIP","floor":13},{"not_picked":["Clothesline","Whirlwind"],"picked":"Barricade","floor":14},{"not_picked":["Rage","Uppercut"],"picked":"Armaments","floor":14},{"not_picked":["Whirlwind+1","Perfected Strike","Clash"],"picked":"SKIP","floor":18},{"not_picked":["Havoc","Pummel","Pommel Strike+1"],"picked":"SKIP","floor":18}],"player_experience":191573,"relics_obtained":[{"floor":9,"key":"Bird Faced Urn"}],"event_choices":[{"damage_healed":0,"gold_gain":0,"player_choice":"Forge","damage_taken":0,"max_hp_gain":0,"max_hp_loss":0,"event_name":"Accursed Blacksmith","floor":2,"gold_loss":0,"cards_upgraded":["Sword Boomerang"]},{"damage_healed":0,"gold_gain":0,"player_choice":"Gave Potion","damage_taken":0,"relics_obtained":["Prayer Wheel"],"max_hp_gain":0,"max_hp_loss":0,"event_name":"WeMeetAgain","floor":11,"gold_loss":0}],"is_beta":false,"boss_relics":[{"not_picked":["Runic Pyramid","Black Star"],"picked":"SlaversCollar"}],"items_purged_floors":[],"is_endless":false,"potions_floor_spawned":[10,14,19],"killed_by":"Cultist and Chosen","ascension_level":0}}