{"host":"i09pxcjttd31eh4q","time":1608721180,"event":{"mods":["AchievementEnabler","BaseMod","Colored Map","Keyboard Shortcuts","Minty Spire (QoL Compilation)","StSLib","SuperFastMode"],"gold_per_floor":[114,39,39,39,39,72,90,113,137,153,153,153,177,191,191,317,317,337,436,459,477,301,301,301],"floor_reached":23,"playtime":414,"items_purged":["Strike_B","Defend_B"],"score":218,"play_id":"f0e29746-2b13-4f36-83bd-318c0e9d0d13","local_time":"20201223195940","is_ascension_mode":false,"campfire_choices":[{"data":"Redo","floor":12.0,"key":"SMITH"},{"data":"Barrage","floor":15.0,"key":"SMITH"}],"circlet_count":0,"master_deck":["Strike_B+1","Strike_B+1","Defend_B","Defend_B","Defend_B","Zap","Dualcast","Redo+1","Cold Snap","Undo","Melter","Barrage+1","Reboot","Core Surge","Redo","Capacitor"],"relics":["Cracked Core","NeowsBlessing","Golden Idol","Whetstone","Toy Ornithopter","Black Star"],"acts_visited":["Exordium","TheCity"],"potions_floor_usage":[23],"damage_taken":[{"damage":0.0,"enemies":"Jaw Worm","floor":1.0,"turns":1.0},{"damage":0.0,"enemies":"3 Sentries","floor":6.0,"turns":1.0},{"damage":0.0,"enemies":"Small Slimes","floor":7.0,"turns":1.0},{"damage":0.0,"enemies":"2 Louse","floor":8.0,"turns":1.0},{"damage":5.0,"enemies":"Looter","floor":10.0,"turns":3.0},{"damage":0.0,"enemies":"Blue Slaver","floor":13.0,"turns":3.0},{"damage":5.0,"enemies":"3 Louse","floor":14.0,"turns":3.0},{"damage":27.0,"enemies":"Hexaghost","floor":16.0,"turns":9.0},{"damage":3.0,"enemies":"Chosen","floor":18.0,"turns":5.0},{"damage":3.0,"enemies":"Shell Parasite","floor":20.0,"turns":4.0},{"damage":26.0,"enemies":"Centurion and Healer","floor":21.0,"turns":7.0},{"damage":59,"enemies":"Gremlin Leader","floor":23,"turns":10}],"seed_played":"-1014453719707432120","potions_obtained":[{"floor":6.0,"key":"Weak Potion"},{"floor":10.0,"key":"Strength Potion"},{"floor":13.0,"key":"SkillPotion"},{"floor":21.0,"key":"GamblersBrew"}],"is_trial":false,"path_per_floor":["M","$","?","?","$","E","M","M","T","M","?","R","M","M","R","B",null,"M","?","M","M","$","E"],"character_chosen":"DEFECT","items_purchased":["Capacitor"],"campfire_rested":0,"item_purchase_floors":[22],"current_hp_per_floor":[75,75,75,57,57,57,57,57,57,52,45,45,45,40,40,18,75,72,72,72,46,46,0,0],"gold":301,"neow_bonus":"THREE_ENEMY_KILL","is_daily":false,"chose_seed":false,"campfire_upgraded":2,"win_rate":0.0,"timestamp":1608721180,"path_taken":["M","$","?","?","?","E","?","M","T","M","?","R","M","M","R","BOSS","M","?","M","M","$","E"],"items_purchased_type":["Card"],"build_version":"2020-12-22","purchased_purges":2,"victory":false,"max_hp_per_floor":[75,75,75,75,75,75,75,75,75,75,75,75,75,75,75,75,75,75,75,75,75,75,75,75],"card_choices":[{"not_picked":["Beam Cell","Skim"],"picked":"Redo","floor":1.0},{"not_picked":["Reprogram","Capacitor"],"picked":"Cold Snap","floor":6.0},{"not_picked":["Self Repair","Ball Lightning"],"picked":"Undo","floor":7.0},{"not_picked":["Auto Shields","Heatsinks","Reprogram"],"picked":"SKIP","floor":8.0},{"not_picked":["Hologram","Gash"],"picked":"Melter","floor":10.0},{"not_picked":["Sunder","Darkness"],"picked":"Barrage","floor":13.0},{"not_picked":["Turbo","Aggregate"],"picked":"Reboot","floor":14.0},{"not_picked":["Creative AI","Electrodynamics"],"picked":"Core Surge","floor":16.0},{"not_picked":["Scrape","Conserve Battery","Beam Cell"],"picked":"SKIP","floor":18.0},{"not_picked":["Go for the Eyes","Stack","Steam"],"picked":"SKIP","floor":20.0},{"not_picked":["Blizzard","Streamline+1"],"picked":"Redo","floor":21.0}],"player_experience":761413,"relics_obtained":[{"floor":6.0,"key":"Whetstone"},{"floor":9.0,"key":"Toy Ornithopter"}],"event_choices":[{"damage_healed":0.0,"max_hp_gain":0.0,"max_hp_loss":0.0,"gold_gain":0.0,"event_name":"The Cleric","player_choice":"Leave","floor":3.0,"gold_loss":0.0,"damage_taken":0.0},{"damage_healed":0.0,"max_hp_gain":0.0,"max_hp_loss":0.0,"gold_gain":0.0,"event_name":"Golden Idol","player_choice":"Take Damage","floor":4.0,"gold_loss":0.0,"damage_taken":18.0,"relics_obtained":["Golden Idol"]},{"cards_removed":["Strike_B"],"damage_healed":0.0,"max_hp_gain":0.0,"max_hp_loss":0.0,"gold_gain":0.0,"event_name":"Golden Wing","player_choice":"Card Removal","floor":11.0,"gold_loss":0.0,"damage_taken":7.0},{"damage_healed":0.0,"max_hp_gain":0.0,"max_hp_loss":0.0,"gold_gain":99.0,"event_name":"Nest","player_choice":"Stole From Cult","floor":19.0,"gold_loss":0.0,"damage_taken":0.0}],"is_beta":false,"boss_relics":[{"not_picked":["Calling Bell","Tiny House"],"picked":"Black Star"}],"items_purged_floors":[2,22],"is_endless":false,"potions_floor_spawned":[6,10,13,21],"killed_by":"Gremlin Leader","ascension_level":0}}