{"host":"5mo0809oo9tcrmpl","time":1608760513,"event":{"mods":["BaseMod","Highlight Path","Minty Spire (QoL Compilation)","Relic Stats","Slay the Relics Exporter"],"gold_per_floor":[110,110,110,127,127,127,152,165,165,185,185,204,40,50,50,129,129,147,147,157,168,187,187,187,187,187,206,206,206,206,206],"floor_reached":30,"playtime":1549,"items_purged":[],"score":564,"play_id":"13767afa-70c7-49dc-840c-e08b414c4750","local_time":"20201223155513","is_ascension_mode":true,"campfire_choices":[{"data":"Skewer","floor":6.0,"key":"SMITH"},{"floor":15.0,"key":"REST"},{"floor":23,"key":"REST"},{"data":"Neutralize","floor":25,"key":"SMITH"}],"circlet_count":0,"master_deck":["AscendersBane","Strike_G","Strike_G","Strike_G","Strike_G","Defend_G","Defend_G","Defend_G","Defend_G","Defend_G","Survivor","Neutralize+1","Skewer+1","Blade Dance","Deadly Poison","Catalyst","Terror","Caltrops","Footwork","All Out Attack+1","Unload+1","Blade Dance+1","Injury","Flying Knee+1","Cloak And Dagger","Backflip","Doubt","Regret","Wraith Form v2","Decay"],"relics":["Ring of the Snake","Tiny Chest","Pantograph","Pen Nib","Molten Egg 2","Cursed Key","InkBottle","Gambling Chip","Akabeko","White Beast Statue","Toy Ornithopter","Nloth\u0027s Gift"],"acts_visited":["Exordium","TheCity"],"potions_floor_usage":[16,22,27,30],"damage_taken":[{"damage":12.0,"enemies":"Small Slimes","floor":1.0,"turns":7.0},{"damage":0.0,"enemies":"2 Louse","floor":4.0,"turns":4.0},{"damage":20.0,"enemies":"3 Sentries","floor":7.0,"turns":9.0},{"damage":0.0,"enemies":"Jaw Worm","floor":8.0,"turns":2.0},{"damage":1.0,"enemies":"Red Slaver","floor":10.0,"turns":3.0},{"damage":2.0,"enemies":"Lots of Slimes","floor":12.0,"turns":4.0},{"damage":9.0,"enemies":"3 Louse","floor":14.0,"turns":3.0},{"damage":18,"enemies":"Slime Boss","floor":16,"turns":6},{"damage":15,"enemies":"3 Byrds","floor":18,"turns":4},{"damage":10,"enemies":"2 Thieves","floor":20,"turns":4},{"damage":13,"enemies":"Snecko","floor":21,"turns":5},{"damage":22,"enemies":"Sentry and Sphere","floor":22,"turns":6},{"damage":0,"enemies":"Centurion and Healer","floor":27,"turns":3},{"damage":46,"enemies":"Shelled Parasite and Fungi","floor":30,"turns":3}],"seed_played":"6103782742267196378","potions_obtained":[{"floor":1.0,"key":"GamblersBrew"},{"floor":4.0,"key":"FearPotion"},{"floor":7.0,"key":"Poison Potion"},{"floor":18,"key":"FearPotion"},{"floor":27,"key":"Regen Potion"}],"is_trial":false,"path_per_floor":["M","?","?","M","?","R","E","M","T","M","T","M","$","M","R","B",null,"M","T","M","M","M","R","T","R","T","M","?","?","M"],"character_chosen":"THE_SILENT","items_purchased":["Footwork","EssenceOfSteel"],"campfire_rested":2,"item_purchase_floors":[13,13],"current_hp_per_floor":[47,36,29,29,34,34,14,14,14,13,13,11,11,2,23,30,61,46,46,36,23,1,22,22,22,22,27,27,27,0,0],"gold":206,"neow_bonus":"RANDOM_COMMON_RELIC","is_daily":false,"chose_seed":false,"campfire_upgraded":2,"win_rate":0.0,"timestamp":1608760513,"path_taken":["M","?","?","M","?","R","E","M","T","M","?","?","$","M","R","BOSS","M","?","?","M","M","R","?","R","T","M","?","?","M"],"items_purchased_type":["Card","Potion"],"build_version":"2020-12-22","purchased_purges":0,"victory":false,"max_hp_per_floor":[66,66,66,66,71,71,71,71,71,71,71,71,71,71,71,71,71,71,71,71,71,71,71,71,71,71,71,71,71,71,71],"relic_stats":{"counters":[14,63],"Pantograph":25,"Gambling Chip":[13],"Tiny Chest":2,"Pen Nib":[10],"Nloth\u0027s Gift":0,"Cursed Key":3,"obtain_stats":[{"Pen Nib":7,"Cursed Key":17,"Akabeko":24,"White Beast Statue":24,"Matryoshka":11,"Pantograph":2,"Gambling Chip":19,"Tiny Chest":0,"Molten Egg 2":9,"Nloth\u0027s Gift":29,"InkBottle":19,"Toy Ornithopter":26,"Ring of the Snake":0},{"Pen Nib":3,"Cursed Key":8,"Akabeko":12,"White Beast Statue":12,"Matryoshka":5,"Pantograph":1,"Gambling Chip":9,"Tiny Chest":0,"Molten Egg 2":4,"Nloth\u0027s Gift":13,"InkBottle":9,"Toy Ornithopter":12,"Ring of the Snake":0},{"Pen Nib":20,"Cursed Key":38,"Akabeko":57,"White Beast Statue":57,"Matryoshka":25,"Pantograph":7,"Gambling Chip":42,"Tiny Chest":0,"Molten Egg 2":22,"Nloth\u0027s Gift":60,"InkBottle":42,"Toy Ornithopter":57,"Ring of the Snake":0}],"InkBottle":[10],"Toy Ornithopter":10,"Ring of the Snake":[28]},"card_choices":[{"not_picked":["Noxious Fumes","Finisher"],"picked":"Skewer","floor":1.0},{"not_picked":["Prepared","Acrobatics"],"picked":"Blade Dance","floor":4.0},{"not_picked":["Dagger Spray","Blade Dance"],"picked":"Deadly Poison","floor":7.0},{"not_picked":["Bouncing Flask","Dagger Throw"],"picked":"Catalyst","floor":8.0},{"not_picked":["Endless Agony+1","Flying Knee+1"],"picked":"Terror","floor":10.0},{"not_picked":["Poisoned Stab+1","Finisher+1"],"picked":"Caltrops","floor":12.0},{"not_picked":["Heel Hook+1","Backstab+1"],"picked":"All Out Attack+1","floor":14.0},{"not_picked":["A Thousand Cuts","Envenom"],"picked":"Unload+1","floor":16},{"not_picked":["Concentrate","Dagger Spray+1"],"picked":"Blade Dance+1","floor":18},{"not_picked":["Dagger Throw+1","Skewer+1"],"picked":"Flying Knee+1","floor":20},{"not_picked":["Dagger Spray+1","Expertise"],"picked":"Cloak And Dagger","floor":21},{"not_picked":["Bane+1","Sucker Punch+1"],"picked":"Backflip","floor":22},{"not_picked":["Dagger Spray+1","Expertise"],"picked":"Wraith Form v2","floor":27}],"player_experience":1195201,"relics_obtained":[{"floor":7.0,"key":"Pen Nib"},{"floor":9.0,"key":"Molten Egg 2"},{"floor":11.0,"key":"Matryoshka"},{"floor":19,"key":"InkBottle"},{"floor":19,"key":"Gambling Chip"},{"floor":24,"key":"Akabeko"},{"floor":24,"key":"White Beast Statue"},{"floor":26,"key":"Toy Ornithopter"}],"event_choices":[{"damage_healed":0.0,"max_hp_gain":0.0,"max_hp_loss":0.0,"gold_gain":0.0,"event_name":"Scrap Ooze","player_choice":"Success","floor":2.0,"gold_loss":0.0,"damage_taken":11.0,"relics_obtained":["Pantograph"]},{"cards_removed":["Strike_G"],"damage_healed":0.0,"max_hp_gain":0.0,"max_hp_loss":0.0,"gold_gain":0.0,"event_name":"Golden Wing","player_choice":"Card Removal","floor":3.0,"gold_loss":0.0,"damage_taken":7.0},{"damage_healed":0.0,"max_hp_gain":5.0,"max_hp_loss":0.0,"gold_gain":0.0,"event_name":"Big Fish","player_choice":"Donut","floor":5.0,"gold_loss":0.0,"damage_taken":0.0},{"damage_healed":0,"gold_gain":0,"player_choice":"Smashed Altar","damage_taken":0,"max_hp_gain":0,"max_hp_loss":0,"event_name":"Forgotten Altar","floor":28,"gold_loss":0,"cards_obtained":["Decay"]},{"damage_healed":0,"gold_gain":0,"player_choice":"Traded Relic","damage_taken":0,"relics_obtained":["Nloth\u0027s Gift"],"max_hp_gain":0,"max_hp_loss":0,"event_name":"N\u0027loth","floor":29,"relics_lost":["Matryoshka"],"gold_loss":0}],"is_beta":false,"boss_relics":[{"not_picked":["Velvet Choker","SacredBark"],"picked":"Cursed Key"}],"items_purged_floors":[],"is_endless":false,"potions_floor_spawned":[1,4,7,14,18,27],"killed_by":"Shelled Parasite and Fungi","ascension_level":20}}