{"host":"qxeepl7ydvsgmfdb","time":1608701120,"event":{"mods":["AchievementEnabler","BaseMod","Colored Powertips","Minty Spire (QoL Compilation)","Quick Restart","slay the spire mod where everything is the same but ironclad has a cowboy hat"],"gold_per_floor":[109,109,35,55,70,103,103,129,129,129,129,143,143,93,93,192,192,211,211,2,16,35,35,35,35],"floor_reached":24,"playtime":1378,"items_purged":[],"score":270,"play_id":"f882c9fe-9fad-411e-a0c5-4312f8d3985a","local_time":"20201223002520","is_ascension_mode":true,"campfire_choices":[{"floor":7,"key":"REST"},{"floor":10,"key":"REST"},{"floor":15,"key":"REST"},{"floor":23,"key":"REST"}],"circlet_count":0,"master_deck":["Strike_G","Strike_G","Strike_G","Strike_G","Defend_G","Defend_G","Defend_G","Defend_G","Defend_G","Survivor","Neutralize","Backflip","Noxious Fumes","Deadly Poison","Cloak And Dagger","Acrobatics","Footwork","Dagger Spray","Adrenaline","CurseOfTheBell","Terror","Cloak And Dagger","Deflect"],"relics":["Ring of the Snake","Tough Bandages","HornCleat","Darkstone Periapt","The Courier","Calling Bell","Boot","White Beast Statue","Pocketwatch","Pear"],"acts_visited":["Exordium","TheCity"],"potions_floor_usage":[6,6,16,21,24,24,24],"damage_taken":[{"damage":4,"enemies":"Small Slimes","floor":1,"turns":5},{"damage":4,"enemies":"Jaw Worm","floor":4,"turns":5},{"damage":5,"enemies":"2 Louse","floor":5,"turns":3},{"damage":58,"enemies":"3 Sentries","floor":6,"turns":12},{"damage":26,"enemies":"Lagavulin","floor":8,"turns":7},{"damage":6,"enemies":"2 Fungi Beasts","floor":12,"turns":5},{"damage":17,"enemies":"The Guardian","floor":16,"turns":11},{"damage":10,"enemies":"Spheric Guardian","floor":18,"turns":5},{"damage":10,"enemies":"2 Thieves","floor":21,"turns":4},{"damage":50,"enemies":"Shelled Parasite and Fungi","floor":22,"turns":8},{"damage":51,"enemies":"Book of Stabbing","floor":24,"turns":7}],"seed_played":"-5545022309615444257","potions_obtained":[{"floor":1,"key":"Regen Potion"},{"floor":5,"key":"Swift Potion"},{"floor":12,"key":"Block Potion"},{"floor":16,"key":"Strength Potion"},{"floor":18,"key":"Dexterity Potion"},{"floor":21,"key":"FearPotion"},{"floor":22,"key":"SkillPotion"}],"is_trial":false,"path_per_floor":["M","?","$","M","M","E","R","E","T","R","?","M","?","?","R","B",null,"M","?","$","M","M","R","E"],"character_chosen":"THE_SILENT","items_purchased":["Noxious Fumes","Pear"],"campfire_rested":4,"item_purchase_floors":[3,20],"current_hp_per_floor":[66,66,66,62,57,14,35,9,9,30,53,47,40,40,61,44,79,69,69,79,69,19,45,0,0],"gold":35,"neow_bonus":"REMOVE_CARD","is_daily":false,"chose_seed":false,"campfire_upgraded":0,"win_rate":0.0,"timestamp":1608701120,"path_taken":["M","?","$","M","M","E","R","E","T","R","?","M","?","?","R","BOSS","M","?","$","M","M","R","E"],"items_purchased_type":["Card","Relic"],"build_version":"2020-12-13","purchased_purges":0,"victory":false,"max_hp_per_floor":[70,70,70,70,70,70,70,70,70,70,76,76,76,73,73,73,79,79,79,89,89,89,89,89,89],"card_choices":[{"not_picked":["Outmaneuver","Acrobatics"],"picked":"Backflip","floor":1},{"not_picked":["Prepared","Terror"],"picked":"Deadly Poison","floor":4},{"not_picked":["Slice","Predator"],"picked":"Cloak And Dagger","floor":5},{"not_picked":["Skewer","Outmaneuver"],"picked":"Acrobatics","floor":6},{"not_picked":["Wraith Form v2","Flying Knee"],"picked":"Footwork","floor":8},{"not_picked":["Eviscerate","Well Laid Plans"],"picked":"Dagger Spray","floor":12},{"not_picked":["Glass Knife","Phantasmal Killer"],"picked":"Adrenaline","floor":16},{"not_picked":["Accuracy+1","Endless Agony"],"picked":"Terror","floor":18},{"not_picked":["Sucker Punch","Dagger Spray"],"picked":"Cloak And Dagger","floor":21},{"not_picked":["Sucker Punch","Escape Plan"],"picked":"Deflect","floor":22}],"player_experience":317731,"relics_obtained":[{"floor":6,"key":"HornCleat"},{"floor":8,"key":"Darkstone Periapt"},{"floor":9,"key":"The Courier"},{"floor":17,"key":"Boot"},{"floor":17,"key":"White Beast Statue"},{"floor":17,"key":"Pocketwatch"}],"event_choices":[{"damage_healed":0,"gold_gain":0,"player_choice":"Box","damage_taken":0,"relics_obtained":["Tough Bandages"],"max_hp_gain":0,"max_hp_loss":0,"event_name":"Big Fish","floor":2,"gold_loss":0,"cards_obtained":["Regret"]},{"damage_healed":17,"gold_gain":0,"player_choice":"Healed and dodged fight","damage_taken":0,"max_hp_gain":0,"max_hp_loss":0,"event_name":"Mushrooms","floor":11,"gold_loss":0,"cards_obtained":["Parasite"]},{"cards_removed":["Regret"],"damage_healed":0,"gold_gain":0,"player_choice":"Card Removal","damage_taken":7,"max_hp_gain":0,"max_hp_loss":0,"event_name":"Golden Wing","floor":13,"gold_loss":0},{"cards_removed":["Parasite"],"damage_healed":0,"gold_gain":0,"player_choice":"Card Removal","damage_taken":0,"max_hp_gain":0,"max_hp_loss":0,"event_name":"The Cleric","floor":14,"gold_loss":50},{"damage_healed":0,"gold_gain":0,"player_choice":"Ignored","damage_taken":0,"max_hp_gain":0,"max_hp_loss":0,"event_name":"Ghosts","floor":19,"gold_loss":0}],"is_beta":false,"boss_relics":[{"not_picked":["Empty Cage","Coffee Dripper"],"picked":"Calling Bell"}],"items_purged_floors":[],"is_endless":false,"potions_floor_spawned":[1,5,12,16,18,21,22],"killed_by":"Book of Stabbing","ascension_level":4}}