{"host":"btj53a7qlsawl9sy","time":1608726403,"event":{"mods":["Act Like it!","BaseMod","Better Vampires","Colored Powertips","Gensokyo","Luminous","Marisa（F雨　魔理沙）","Marked Mod","Minty Spire (QoL Compilation)","Quick Restart","Reimu（博丽灵梦）","Relic Stats","Remilia（蕾米莉亚）","Replay The Spire","Spicy Shops","StSLib","The Administrix","The Hierophant","The Servant 0.9.4","Waifu the Spire","WarShipGirlsR/战舰少女R mod","Youmu（魂魄妖梦）","Yuyuko","vexMod","【东方二次创作】八云紫mod","【遗物卡牌】REMEMod"],"gold_per_floor":[114,125,125,152,198,224,224,269,269,320,320,320,320,337,337,450,1116,1155,1181,1242,1255,1255,1255],"floor_reached":22,"playtime":1041,"items_purged":[],"score":209,"play_id":"d230b111-f110-4376-87ea-85f9c8f6563e","local_time":"20201223202643","is_ascension_mode":false,"campfire_choices":[{"data":"EscapeVelocity","floor":7,"key":"SMITH"},{"floor":13,"key":"REST"},{"floor":15,"key":"REST"}],"circlet_count":0,"master_deck":["Strike_MRS","Strike_MRS","Strike_MRS","Strike_MRS","Defend_MRS","Defend_MRS","Defend_MRS","Defend_MRS","MasterSpark","ShootingEcho","WitchOfGreed","Pain","WitchOfGreed","ShootingEcho","EscapeVelocity+1","GalacticHalo","WitchLeyline","Replay:Light Bash","Poor:ReiMu","Occultation","CollectingQuirk","Orbital+1","GalacticHalo+1","PropBag","EnergyRecoil"],"relics":["MiniHakkero","REME_ComplimentaryCards","Velvet Choker","REME_ChargedStone","WarpedTongs","HornCleat","YidongShenshe:ReiMu","vexMod:RockOfEvil","Kunai"],"acts_visited":["Exordium","TheCity"],"potions_floor_usage":[16,16,19,20,22,22],"damage_taken":[{"damage":2,"enemies":"2 Louse","floor":1,"turns":3},{"damage":1,"enemies":"Cultist","floor":2,"turns":3},{"damage":5,"enemies":"Jaw Worm","floor":4,"turns":3},{"damage":11,"enemies":"Looter","floor":5,"turns":3},{"damage":6,"enemies":"3 Louse","floor":6,"turns":3},{"damage":12,"enemies":"Large Slime","floor":8,"turns":6},{"damage":12,"enemies":"Exordium Wildlife","floor":10,"turns":4},{"damage":0,"enemies":"2 Fungi Beasts","floor":14,"turns":3},{"damage":41,"enemies":"The Guardian","floor":16,"turns":10},{"damage":5,"enemies":"Spheric Guardian","floor":18,"turns":4},{"damage":16,"enemies":"Shell Parasite","floor":19,"turns":6},{"damage":33,"enemies":"Sentry and Sphere","floor":20,"turns":7},{"damage":8,"enemies":"3 Cultists","floor":21,"turns":4},{"damage":13,"enemies":"Chosen and Byrds","floor":22,"turns":4}],"seed_played":"2242645346999011866","potions_obtained":[{"floor":2,"key":"SpeedPotion"},{"floor":5,"key":"SteroidPotion"},{"floor":8,"key":"SpeedPotion"},{"floor":18,"key":"LiquidMemories"},{"floor":18,"key":"Elixir"},{"floor":19,"key":"Energy Potion"},{"floor":21,"key":"Adrenaline Potion"}],"is_trial":false,"path_per_floor":["M","M","?","M","M","M","R","M","T","M","?","?","R","M","R","B",null,"M","M","M","M","M"],"character_chosen":"MARISA","items_purchased":[],"campfire_rested":2,"item_purchase_floors":[],"current_hp_per_floor":[73,72,72,67,56,50,50,38,38,26,26,26,48,48,70,29,75,70,54,21,13,0,0],"gold":1255,"neow_bonus":"DOUBLE_BOSS_RELIC","is_daily":false,"chose_seed":false,"campfire_upgraded":1,"win_rate":0.0,"timestamp":1608726403,"path_taken":["M","M","?","M","M","M","R","?","T","M","?","?","R","M","R","BOSS","M","M","M","M","M"],"items_purchased_type":[],"build_version":"2020-12-22","purchased_purges":0,"victory":false,"max_hp_per_floor":[75,75,75,75,75,75,75,75,75,75,75,75,75,75,75,75,75,75,75,75,75,75,75],"relic_stats":{"counters":[14,63],"Kunai":[1],"obtain_stats":[{"HornCleat":9,"Shuriken":21,"Velvet Choker":0,"REME_ChargedStone":0,"YidongShenshe:ReiMu":12,"MiniHakkero":0,"Kunai":22,"vexMod:RockOfEvil":17,"REME_ComplimentaryCards":0,"WarpedTongs":3},{"HornCleat":6,"Shuriken":13,"Velvet Choker":0,"REME_ChargedStone":0,"YidongShenshe:ReiMu":7,"MiniHakkero":0,"Kunai":14,"vexMod:RockOfEvil":9,"REME_ComplimentaryCards":0,"WarpedTongs":2},{"HornCleat":21,"Shuriken":58,"Velvet Choker":0,"REME_ChargedStone":0,"YidongShenshe:ReiMu":25,"MiniHakkero":0,"Kunai":61,"vexMod:RockOfEvil":38,"REME_ComplimentaryCards":0,"WarpedTongs":6}],"WarpedTongs":[57]},"card_choices":[{"not_picked":["DoubleSpark","SprinkleStarSeal"],"picked":"ShootingEcho","floor":1},{"not_picked":["PowerUp","OpenUniverse"],"picked":"WitchOfGreed","floor":2},{"not_picked":["PowerUp","StarlightTyphoon"],"picked":"WitchOfGreed","floor":4},{"not_picked":["MilkyWay","WitchOfGreed"],"picked":"ShootingEcho","floor":5},{"not_picked":["StarBarrage","PowerUp"],"picked":"EscapeVelocity","floor":6},{"not_picked":["UnstableBomb","DoubleSpark"],"picked":"GalacticHalo","floor":8},{"not_picked":["GrandCross","Acceleration"],"picked":"WitchLeyline","floor":10},{"not_picked":["GravityBeat","Acceleration"],"picked":"Occultation","floor":14},{"not_picked":["MaximisePower","JA"],"picked":"CollectingQuirk","floor":16},{"not_picked":["WitchOfGreed+1","NonDirectionalLaser"],"picked":"Orbital+1","floor":18},{"not_picked":["WitchLeyline","NonDirectionalLaser"],"picked":"GalacticHalo+1","floor":19},{"not_picked":["EventHorizon","WitchOfGreed+1"],"picked":"PropBag","floor":20},{"not_picked":["OrrerysSun","ChargingUp"],"picked":"EnergyRecoil","floor":21}],"player_experience":105477,"relics_obtained":[{"floor":9,"key":"HornCleat"}],"event_choices":[{"damage_healed":0,"gold_gain":0,"player_choice":"Rummage","damage_taken":0,"relics_obtained":["WarpedTongs"],"max_hp_gain":0,"max_hp_loss":0,"event_name":"Accursed Blacksmith","floor":3,"gold_loss":0,"cards_obtained":["Pain"]},{"damage_healed":0,"gold_gain":0,"player_choice":"带走神社","damage_taken":0,"relics_obtained":["YidongShenshe:ReiMu"],"max_hp_gain":0,"max_hp_loss":0,"event_name":"yidonshenshe","floor":12,"gold_loss":0,"cards_obtained":["Poor:ReiMu"]}],"is_beta":false,"boss_relics":[{"not_picked":["Runic Pyramid","Replay:Wanted Poster"],"picked":"vexMod:RockOfEvil"}],"items_purged_floors":[],"is_endless":false,"potions_floor_spawned":[2,5,8,18,21],"killed_by":"Chosen and Byrds","ascension_level":0}}