{"host":"m3herrhkesxm9ooc","time":1608727832,"event":{"mods":["BaseMod","Hermit","Minty Spire (QoL Compilation)","StSLib","The Hierophant"],"gold_per_floor":[111,261,272,272,289,324,19,31,76,94,94,26,26,26],"floor_reached":13,"playtime":332,"items_purged":[],"score":149,"play_id":"f016748e-6c19-46a3-b71c-9ae3df5e0275","local_time":"20201223215032","is_ascension_mode":true,"campfire_choices":[{"floor":11,"key":"REST"}],"circlet_count":0,"master_deck":["AscendersBane","hermit:Strike_Hermit","hermit:Strike_Hermit","hermit:Strike_Hermit","hermit:Strike_Hermit","hermit:Defend_Hermit","hermit:Defend_Hermit","hermit:Defend_Hermit","hermit:Defend_Hermit","hermit:Snapshot","hermit:Covet","hermit:WideOpen","Doubt","hermit:HighNoon","hermit:SprayPray","hermit:Shortfuse","hermit:TakeCover","hermit:Headshot","hermit:FatalDesire"],"relics":["hermit:Momento","NeowsBlessing","White Beast Statue","Lantern","HandDrill","Bag of Preparation"],"acts_visited":["Exordium"],"potions_floor_usage":[6,10],"damage_taken":[{"damage":0,"enemies":"2 Louse","floor":1,"turns":1},{"damage":0,"enemies":"Jaw Worm","floor":3,"turns":1},{"damage":0,"enemies":"Cultist","floor":5,"turns":1},{"damage":35,"enemies":"Lagavulin","floor":6,"turns":6},{"damage":21,"enemies":"Gremlin Gang","floor":8,"turns":7},{"damage":10,"enemies":"Exordium Thugs","floor":10,"turns":4},{"damage":35,"enemies":"Gremlin Nob","floor":13,"turns":3}],"seed_played":"3274434971051348745","potions_obtained":[{"floor":5,"key":"CultistPotion"},{"floor":8,"key":"hermit:BlackBile"},{"floor":10,"key":"Ancient Potion"}],"is_trial":false,"path_per_floor":["M","?","M","?","M","E","$","M","T","M","R","$","E"],"character_chosen":"HERMIT","items_purchased":["Lantern","HandDrill","hermit:FatalDesire"],"campfire_rested":1,"item_purchase_floors":[7,7,12],"current_hp_per_floor":[64,64,64,71,71,36,36,15,15,5,26,26,0,0],"gold":26,"neow_bonus":"THREE_ENEMY_KILL","is_daily":false,"chose_seed":false,"campfire_upgraded":0,"win_rate":0.0,"timestamp":1608727832,"path_taken":["M","?","M","?","M","E","$","?","T","?","R","?","E"],"items_purchased_type":["Relic","Relic","Card"],"build_version":"2020-12-22","purchased_purges":0,"victory":false,"max_hp_per_floor":[71,71,71,71,71,71,71,71,71,71,71,71,71,71],"card_choices":[{"not_picked":["hermit:LowProfile","hermit:SprayPray"],"picked":"hermit:WideOpen","floor":1},{"not_picked":["hermit:Desperado","hermit:DeadMansHand"],"picked":"hermit:HighNoon","floor":3},{"not_picked":["hermit:TakeAim","hermit:CalledShot"],"picked":"hermit:SprayPray","floor":5},{"not_picked":["hermit:FullyLoaded","hermit:Manifest"],"picked":"hermit:Shortfuse","floor":6},{"not_picked":["hermit:Gestalt","hermit:Horror"],"picked":"hermit:TakeCover","floor":8},{"not_picked":["hermit:Desperado","hermit:Midnight"],"picked":"hermit:Headshot","floor":10}],"player_experience":650643,"relics_obtained":[{"floor":6,"key":"White Beast Statue"},{"floor":9,"key":"Bag of Preparation"}],"event_choices":[{"damage_healed":0,"gold_gain":150,"player_choice":"AGREE","damage_taken":0,"max_hp_gain":0,"max_hp_loss":0,"event_name":"Liars Game","floor":2,"gold_loss":0,"cards_obtained":["Doubt"]},{"damage_healed":7,"gold_gain":0,"player_choice":"Full Heal","damage_taken":0,"max_hp_gain":0,"max_hp_loss":0,"event_name":"Wheel of Change","floor":4,"gold_loss":0}],"is_beta":false,"boss_relics":[],"items_purged_floors":[],"is_endless":false,"potions_floor_spawned":[5,8,10],"killed_by":"Gremlin Nob","ascension_level":15}}