{"host":"i0dcpa89fcfo7o2v","time":1608749716,"event":{"mods":["2.2 Compatiblity","AchievementEnabler","Alarm Clock","AlwaysNeverKeys","BaseMod","Better Altar","Better Match","Better Note","Better Sensory Stone","Better Skull","Better Third Choice","Better Vampires","BetterRewards","Block Reminder","Colored Map","Colored Powertips","Conspire","Curses Come First","Defuse TimeMaze Blight","Displayed Cursed Tome","Downfall","Energized Spire","Gold Saver","Grow up Mod","Halation","Hubris","Infinite Spire","Keyboard Shortcuts","Minty Spire (QoL Compilation)","Quick Restart","Relic Sorter","Relic Stats","Replay The Spire","Shop Mod","Spicy Shops","StSLib","SuperFastMode","Synergy Search","The Bladedancer","The Blue Laboratory","The Cursed","The Factory","The Jungle","The Necromancer","Transform Curses","Uncapped","Wandering Minibosses","everything is the same but u backflip on backflip","vexMod"],"gold_per_floor":[118,118,118,118,137,168,180,211,238,249,249,259,291,302,302,406,406,418,431,754,754,754],"floor_reached":21,"playtime":2274,"items_purged":[],"score":411,"play_id":"d3252d04-a35d-4436-9f93-376689bc40b8","local_time":"20201223195516","is_ascension_mode":true,"campfire_choices":[{"data":"champ:PerfectedStrike","floor":11.0,"key":"SMITH"},{"floor":15.0,"key":"DIG"}],"circlet_count":0,"master_deck":["TheCursedMod:Strike_TheCursed+1","TheCursedMod:Strike_TheCursed","TheCursedMod:Strike_TheCursed","TheCursedMod:Strike_TheCursed","TheCursedMod:Defend_TheCursed","TheCursedMod:Defend_TheCursed","TheCursedMod:Defend_TheCursed","TheCursedMod:Defend_TheCursed","TheCursedMod:CursedWand","TheCursedMod:CleanUpWorkshop","TheCursedMod:BloodBarrier","TheCursedMod:CursedShiv","Metamorphosis","expansioncontent:DonusPower","expansioncontent:CaCaw","TheCursedMod:CursedBlade","hubris:Wrath","champ:StanceDance","champ:GladiatorsShout+1","TheCursedMod:LuckyCharm","TheCursedMod:DemonSword","champ:PerfectedStrike+1","champ:FanOfKnives","TheCursedMod:AntiAging","TheCursedMod:RavingStaff","TheCursedMod:VoidForm","Slimebound:Icky","Neutralize","TheCursedMod:CollectTribute+1","expansioncontent:DarkVoid","infinitespire:Starlight","TheCursedMod:WearCloak","TheCursedMod:SpreadPlague+1"],"relics":["TheCursedMod:BlackMagic101","hubris:AstralHammer","halation:Jellyphish","Pantograph","hubris:DisguiseKit","Art of War","vexMod:MemoryStick","vexMod:ScavengeHelm","Pen Nib","ReplayTheSpireMod:SealedPack","TheCursedMod:Tack","hubris:TerracottaHorce"],"acts_visited":["Exordium","Exordium"],"potions_floor_usage":[16,16,21],"damage_taken":[{"damage":9.0,"enemies":"2 Louse","floor":1.0,"turns":2.0},{"damage":3.0,"enemies":"Small Slimes","floor":5.0,"turns":3.0},{"damage":8.0,"enemies":"Gremlin Nob","floor":6.0,"turns":4.0},{"damage":0.0,"enemies":"Cultist","floor":7.0,"turns":2.0},{"damage":49.0,"enemies":"Lagavulin","floor":8.0,"turns":9.0},{"damage":48.0,"enemies":"Gremlin Gang","floor":10.0,"turns":5.0},{"damage":9.0,"enemies":"Exordium Wildlife","floor":12.0,"turns":2.0},{"damage":43.0,"enemies":"Gremlin Nob","floor":13.0,"turns":5.0},{"damage":14.0,"enemies":"Red Slaver","floor":14.0,"turns":3.0},{"damage":42,"enemies":"Slime Boss","floor":16,"turns":9},{"damage":33,"enemies":"Shell Parasite","floor":18,"turns":6},{"damage":26,"enemies":"theJungle:5_Spyders","floor":19,"turns":7},{"damage":18,"enemies":"theJungle:2_Flameangoes","floor":21,"turns":2}],"seed_played":"7941018547301111700","potions_obtained":[{"floor":6.0,"key":"TheCursedMod:DregsPotion"},{"floor":7.0,"key":"Strength Potion"},{"floor":8.0,"key":"Energy Potion"},{"floor":19,"key":"blueLaboratory:SavagePotion"}],"is_trial":false,"path_per_floor":["M","?","?","?","M","E","M","E","T","M","R","M","E","M","R_BF","B",null,"M","M","?","M"],"character_chosen":"THE_CURSED","items_purchased":["TheCursedMod:BloodBarrier","TheCursedMod:CursedShiv","Metamorphosis","halation:Jellyphish"],"campfire_rested":0,"item_purchase_floors":[0,0,0,0],"current_hp_per_floor":[86,96,106,116,123,125,135,99,109,74,84,85,52,50,60,55,259,236,233,18,0,0],"gold":754,"neow_bonus":"","is_daily":false,"chose_seed":false,"campfire_upgraded":1,"win_rate":0.0,"timestamp":1608749716,"path_taken":["M","?","?","?","M","E","M","E","T","M","R","M","E","M","R_BF","BOSS","M","M","?","?"],"items_purchased_type":["Card","Card","Card","Relic"],"build_version":"2020-12-22","purchased_purges":0,"victory":false,"max_hp_per_floor":[95,105,115,125,135,145,155,165,175,185,195,205,215,227,237,249,259,269,279,289,289,289],"relic_stats":{"counters":[36,170],"Pantograph":25,"Pen Nib":[5],"Art of War":[4],"obtain_stats":[{"Replay:Accelerometer":11,"vexMod:MemoryStick":8,"Vampiric Spirits":19,"TheCursedMod:Tack":20,"Boot":9,"halation:HeavySnake":8,"hubris:TerracottaHorce":21,"Replay:Ringing Soul":41,"hubris:AstralHammer":0,"Strawberry":27,"infinitespire:Golems Mask":34,"Vampire_Amulet":0,"halation:KoshaPiece":18,"Toxic Egg 2":7,"MerchantsRug":29,"TheCursedMod:BlackMagic101":1,"hubris:MobiusCoin":14,"vexMod:ScavengeHelm":13,"hubris:SphereOfDissonance":23,"infinitespire:Beetle Shell":20,"Pen Nib":15,"ReplayTheSpireMod:SealedPack":17,"Replay:Ancient Bell":34,"infinitespire:Magic Flask":38,"halation:Jellyphish":0,"Lantern":25,"Regal Pillow":12,"Bag of Preparation":19,"Ancient Tea Set":4,"conspire:InfiniteJournal":16,"Dream Catcher":40,"Nunchaku":13,"hubris:Backtick":19,"Mummified Hand":5,"hubris:Stopwatch":17,"Pantograph":0,"Replay:Bottled Snecko":43,"hubris:DisguiseKit":3,"Lee\u0027s Waffle":29,"NeowsBlessing":0,"Replay:Towering Pillar of Hats":1,"hubris:64BitClover":3,"Quantum Egg":19,"Thread and Needle":10,"Omamori":29,"MawBank":34,"halation:SelfBoilingWater":6,"vexMod:BarristanHead":46,"Art of War":6,"infinitespire:Midas Blood":34},{"Replay:Accelerometer":4,"vexMod:MemoryStick":28,"Vampiric Spirits":8,"TheCursedMod:Tack":35,"Boot":3,"halation:HeavySnake":27,"hubris:TerracottaHorce":35,"Replay:Ringing Soul":18,"hubris:AstralHammer":23,"Strawberry":13,"infinitespire:Golems Mask":15,"Vampire_Amulet":0,"halation:KoshaPiece":33,"Toxic Egg 2":26,"MerchantsRug":13,"TheCursedMod:BlackMagic101":24,"hubris:MobiusCoin":31,"vexMod:ScavengeHelm":31,"hubris:SphereOfDissonance":11,"infinitespire:Beetle Shell":9,"Pen Nib":32,"ReplayTheSpireMod:SealedPack":33,"Replay:Ancient Bell":15,"infinitespire:Magic Flask":16,"halation:Jellyphish":23,"Lantern":12,"Regal Pillow":29,"Bag of Preparation":34,"Ancient Tea Set":1,"conspire:InfiniteJournal":32,"Dream Catcher":18,"Nunchaku":30,"hubris:Backtick":8,"Mummified Hand":24,"hubris:Stopwatch":7,"Pantograph":23,"Replay:Bottled Snecko":18,"hubris:DisguiseKit":24,"Lee\u0027s Waffle":13,"NeowsBlessing":0,"Replay:Towering Pillar of Hats":23,"hubris:64BitClover":1,"Quantum Egg":8,"Thread and Needle":28,"Omamori":13,"MawBank":15,"halation:SelfBoilingWater":25,"vexMod:BarristanHead":20,"Art of War":26,"infinitespire:Midas Blood":15},{"Replay:Accelerometer":8,"vexMod:MemoryStick":131,"Vampiric Spirits":26,"TheCursedMod:Tack":168,"Boot":3,"halation:HeavySnake":122,"hubris:TerracottaHorce":168,"Replay:Ringing Soul":81,"hubris:AstralHammer":111,"Strawberry":54,"infinitespire:Golems Mask":67,"Vampire_Amulet":0,"halation:KoshaPiece":155,"Toxic Egg 2":120,"MerchantsRug":54,"TheCursedMod:BlackMagic101":113,"hubris:MobiusCoin":143,"vexMod:ScavengeHelm":143,"hubris:SphereOfDissonance":42,"infinitespire:Beetle Shell":31,"Pen Nib":146,"ReplayTheSpireMod:SealedPack":155,"Replay:Ancient Bell":67,"infinitespire:Magic Flask":71,"halation:Jellyphish":111,"Lantern":47,"Regal Pillow":136,"Bag of Preparation":161,"Ancient Tea Set":1,"conspire:InfiniteJournal":146,"Dream Catcher":81,"Nunchaku":138,"hubris:Backtick":26,"Mummified Hand":113,"hubris:Stopwatch":21,"Pantograph":111,"Replay:Bottled Snecko":81,"hubris:DisguiseKit":113,"Lee\u0027s Waffle":54,"NeowsBlessing":0,"Replay:Towering Pillar of Hats":111,"hubris:64BitClover":1,"Quantum Egg":26,"Thread and Needle":131,"Omamori":54,"MawBank":67,"halation:SelfBoilingWater":116,"vexMod:BarristanHead":90,"Art of War":120,"infinitespire:Midas Blood":67}]},"card_choices":[{"not_picked":["TheCursedMod:VitalStrike","TheCursedMod:FuryStrike"],"picked":"TheCursedMod:CursedBlade","floor":1.0},{"not_picked":["TheCursedMod:RavingStaff","TheCursedMod:VitalStrike","TheCursedMod:SurpriseAttack"],"picked":"champ:StanceDance","floor":5.0},{"not_picked":["TheCursedMod:RapidMovement","TheCursedMod:CircleOfAmplification","TheCursedMod:CursedAmulet"],"picked":"champ:GladiatorsShout","floor":6.0},{"not_picked":["TheCursedMod:SmokeScreen","TheCursedMod:Evocation","champ:Circumvent"],"picked":"TheCursedMod:LuckyCharm","floor":7.0},{"not_picked":["TheCursedMod:FleshFromBone","TheCursedMod:RapidMovement","champ:FanOfKnives"],"picked":"TheCursedMod:DemonSword","floor":8.0},{"not_picked":["TheCursedMod:VitalStrike","TheCursedMod:Stigma","TheCursedMod:WearCloak"],"picked":"champ:PerfectedStrike","floor":10.0},{"not_picked":["TheCursedMod:SoulCrush","TheCursedMod:Torture","TheCursedMod:Stretching"],"picked":"champ:FanOfKnives","floor":12.0},{"not_picked":["TheCursedMod:AbyssShockwave","TheCursedMod:RapidMovement","champ:Backstep"],"picked":"TheCursedMod:AntiAging","floor":13.0},{"not_picked":["TheCursedMod:CircleOfAmplification","TheCursedMod:SpreadPlague","champ:SkillfulDodge"],"picked":"TheCursedMod:RavingStaff","floor":14.0},{"not_picked":["TheCursedMod:ParallelWorld","TheCursedMod:ManaCirculation","champ:HeavySlash"],"picked":"TheCursedMod:VoidForm","floor":16},{"not_picked":["TheCursedMod:CursedWand","Guardian:TwinSlam","hexamod:Float"],"picked":"Neutralize","floor":17},{"not_picked":["TheCursedMod:NeowsMight","TheCursedMod:DemonicPact","TheCursedMod:VoidForm"],"picked":"TheCursedMod:CollectTribute","floor":17},{"not_picked":["Replay:SS_fish_1","expansioncontent:DecasProtection","Specialist"],"picked":"expansioncontent:DarkVoid","floor":17},{"not_picked":["hubris:Rewind","ReplayTheSpireMod:Echoes of Time","ReplayTheSpireMod:Haul"],"picked":"infinitespire:Starlight","floor":17},{"not_picked":["TheCursedMod:FuryStrike","TheCursedMod:CursedBoomerang+1","champ:ShieldSlam"],"picked":"TheCursedMod:WearCloak","floor":18},{"not_picked":["TheCursedMod:TacticalStrike+1","TheCursedMod:SaltUponWound","champ:StanceDance"],"picked":"TheCursedMod:SpreadPlague+1","floor":19}],"player_experience":235748,"relics_obtained":[{"floor":6.0,"key":"Art of War"},{"floor":8.0,"key":"vexMod:MemoryStick"},{"floor":13.0,"key":"vexMod:ScavengeHelm"},{"floor":15.0,"key":"Pen Nib"}],"event_choices":[{"cards_removed":["TheCursedMod:Dregs"],"damage_healed":0.0,"max_hp_gain":0.0,"max_hp_loss":0.0,"gold_gain":0.0,"event_name":"Fountain of Cleansing","player_choice":"Removed Curses","floor":4.0,"gold_loss":0.0,"damage_taken":0.0},{"damage_healed":0,"gold_gain":323,"player_choice":"GO GO UP UP RE GO ","damage_taken":234,"relics_obtained":["TheCursedMod:Tack"],"max_hp_gain":0,"max_hp_loss":0,"event_name":"betterSkull:BetterSkull","floor":20,"gold_loss":0,"cards_upgraded":["TheCursedMod:CollectTribute","champ:GladiatorsShout"]}],"is_beta":false,"boss_relics":[{"not_picked":["hubris:RunicObelisk","Velvet Choker"],"picked":"ReplayTheSpireMod:SealedPack"}],"items_purged_floors":[],"is_endless":false,"potions_floor_spawned":[6,7,8,12,19],"killed_by":"theJungle:2_Flameangoes","ascension_level":4}}