{"host":"jpyc2kczef5p02oc","time":1608731236,"event":{"mods":["ATMod(阿瑾Mod)","BaseMod","Friendly Minions","Hubris","Marisa（F雨　魔理沙）","Minty Spire (QoL Compilation)","StSLib","Td1madao Mod","The Servant 0.9.4","【功能Mod】聪明的最终Boss"],"gold_per_floor":[20,20,20,20,96,96,130,130,130,130,130,145,179,205,217,229,229],"floor_reached":16,"playtime":531,"items_purged":[],"score":201,"play_id":"812033f1-5068-40f3-a145-4e53d80a7ab5","local_time":"20201223214716","is_ascension_mode":true,"campfire_choices":[{"data":"AT_FamilyPortrait","floor":6.0,"key":"SMITH"},{"data":"Bludgeon","floor":8,"key":"SMITH"},{"floor":10,"key":"REST"},{"floor":15,"key":"RECALL"}],"circlet_count":0,"master_deck":["AscendersBane","Strike_R","Strike_R","Strike_R","Strike_R","Strike_R","Defend_R","Defend_R+1","Defend_R","Defend_R","Bash","AT_FamilyPortrait+1","Bludgeon+1","Armaments+1"],"relics":["Burning Blood","AT_ATBox","hubris:Icosahedron","Torii","Blood Vial","hubris:Towel","MawBank"],"acts_visited":["Exordium"],"potions_floor_usage":[7],"damage_taken":[{"damage":0.0,"enemies":"Cultist","floor":1.0,"turns":3.0},{"damage":23,"enemies":"3 Sentries","floor":7,"turns":9},{"damage":12,"enemies":"Jaw Worm","floor":12,"turns":2},{"damage":22,"enemies":"Lagavulin","floor":13,"turns":4},{"damage":1,"enemies":"2 Louse","floor":14,"turns":2},{"damage":29,"enemies":"Hexaghost","floor":16,"turns":9}],"seed_played":"-8411425491472914954","potions_obtained":[{"floor":1.0,"key":"Strength Potion"},{"floor":12,"key":"SpeedPotion"},{"floor":14,"key":"Ancient Potion"}],"is_trial":false,"path_per_floor":["M","?","?","$","?","R","E","R","T","R","?","M","E","M","R","B"],"character_chosen":"IRONCLAD","items_purchased":[],"campfire_rested":1,"item_purchase_floors":[],"current_hp_per_floor":[74,74,51,51,51,51,34,34,34,56,56,52,38,45,45,18,18],"gold":229,"neow_bonus":"THREE_RARE_CARDS","is_daily":false,"chose_seed":false,"campfire_upgraded":2,"win_rate":0.0,"timestamp":1608731236,"path_taken":["M","?","?","$","?","R","E","R","T","R","?","M","E","M","R","BOSS"],"items_purchased_type":[],"build_version":"2020-12-22","purchased_purges":0,"victory":false,"max_hp_per_floor":[75,75,75,75,75,75,75,75,75,75,75,75,75,75,75,75,75],"card_choices":[{"not_picked":["Impervious","Reaper"],"picked":"Bludgeon","floor":0.0},{"not_picked":["Fire Breathing","AT_GerminateFire"],"picked":"Armaments","floor":1.0},{"not_picked":["Warcry","Evolve","Thunderclap"],"picked":"SKIP","floor":7},{"not_picked":["Feel No Pain","Spot Weakness","Rampage"],"picked":"SKIP","floor":12},{"not_picked":["Combust","Shockwave","Seeing Red"],"picked":"SKIP","floor":13},{"not_picked":["Impervious","Inflame","Body Slam"],"picked":"SKIP","floor":14}],"player_experience":266910,"relics_obtained":[{"floor":7,"key":"Torii"},{"floor":9,"key":"Blood Vial"},{"floor":13,"key":"MawBank"}],"event_choices":[{"damage_healed":0.0,"max_hp_gain":0.0,"max_hp_loss":0.0,"gold_gain":0.0,"event_name":"Shining Light","player_choice":"Entered Light","floor":3.0,"gold_loss":0.0,"damage_taken":23.0,"cards_upgraded":["Armaments","Defend_R"]},{"damage_healed":0.0,"max_hp_gain":0.0,"max_hp_loss":0.0,"gold_gain":76.0,"event_name":"Golden Wing","player_choice":"Gained Gold","floor":5.0,"gold_loss":0.0,"damage_taken":0.0}],"is_beta":false,"boss_relics":[],"items_purged_floors":[],"is_endless":false,"potions_floor_spawned":[1,12,14],"killed_by":"Hexaghost","ascension_level":18}}