{"host":"nnxvcju6x1qybncj","time":1608741700,"event":{"mods":["BaseMod","Displayed Cursed Tome","Downfall","Jorbs\u0027s Wanderer Trilogy","Minty Spire (QoL Compilation)","Quick Restart","StSLib","The Construct","The Cursed","The Disciple","The Hierophant","The Judge","The Necromancer","The Spell Scribe","TheFirefly"],"gold_per_floor":[99,99,73,73,73,93,93,127,127,140,46,66,66,84,96,96,96,96],"floor_reached":16,"playtime":802,"items_purged":[],"score":100,"play_id":"12bd8f31-5239-46c0-80d1-84e80c2624da","local_time":"20201223174140","is_ascension_mode":false,"campfire_choices":[{"data":"Slimebound:Split","floor":1,"key":"SMITH"},{"floor":9,"key":"REST"}],"circlet_count":0,"master_deck":["Slimebound:Strike_Slimebound","Slimebound:Strike_Slimebound","Slimebound:Tackle","Slimebound:Defend_Slimebound","Slimebound:Defend_Slimebound","Slimebound:Defend_Slimebound","Slimebound:Defend_Slimebound","Slimebound:Split+1","Slimebound:CorrosiveSpit","Slimebound:SplitAcid","Slimebound:SplitLeeching","Slimebound:Schlurp","Slimebound:LeechEnergy","Slimebound:GoopTackle","Slimebound:LeadByExample","Slimebound:SlimeSlap","Slimebound:Gluttony","Slimebound:LeadByExample","Slimebound:SpikyOuterGoop","Slimebound:Chomp","Slimebound:Schlurp","Slimebound:SplitMire"],"relics":["Slimebound:AbsorbEndCombat","downfall:HeartsMalice","StrikeDummy","Omamori"],"acts_visited":["Exordium"],"potions_floor_usage":[8,16,16,16],"damage_taken":[{"damage":0,"enemies":"2 Louse","floor":2,"turns":1},{"damage":0,"enemies":"downfall:FleeingMerchant","floor":3,"turns":1},{"damage":0,"enemies":"Cultist","floor":5,"turns":1},{"damage":18,"enemies":"Jaw Worm","floor":6,"turns":3},{"damage":41,"enemies":"Lagavulin","floor":8,"turns":4},{"damage":16,"enemies":"Gremlin Gang","floor":10,"turns":4},{"damage":17,"enemies":"downfall:FleeingMerchant","floor":11,"turns":4},{"damage":29,"enemies":"Exordium Thugs","floor":12,"turns":3},{"damage":18,"enemies":"2 Fungi Beasts","floor":14,"turns":3},{"damage":28,"enemies":"Exordium Wildlife","floor":15,"turns":5},{"damage":39,"enemies":"downfall:Silent","floor":16,"turns":2}],"seed_played":"-6880357598421952738","potions_obtained":[{"floor":6,"key":"SkillPotion"},{"floor":10,"key":"FearPotion"},{"floor":12,"key":"AttackPotion"},{"floor":14,"key":"ColorlessPotion"},{"floor":15,"key":"Strength Potion"}],"is_trial":false,"path_per_floor":["R","M","$","?","M","M","T","E","R","M","$","M","?","M","M","B"],"character_chosen":"SLIMEBOUND","items_purchased":["Slimebound:Schlurp","Slimebound:LeadByExample"],"campfire_rested":1,"item_purchase_floors":[3,11],"current_hp_per_floor":[60,60,60,60,60,60,60,37,55,47,52,45,45,47,35,0,0,0],"gold":96,"neow_bonus":"THREE_ENEMY_KILL","is_daily":false,"chose_seed":false,"campfire_upgraded":1,"win_rate":0.0,"timestamp":1608741700,"path_taken":["R","M","$","?","M","?","T","E","R","M","$","M","?","M","M","BOSS"],"items_purchased_type":["Card","Card"],"build_version":"2020-12-22","purchased_purges":0,"victory":false,"max_hp_per_floor":[60,60,60,60,60,60,60,60,60,60,60,60,60,60,60,60,60,60],"card_choices":[{"not_picked":["Slimebound:ComboTackle","Slimebound:Schlurp"],"picked":"Slimebound:SplitAcid","floor":2},{"not_picked":["Slimebound:RollThrough","Slimebound:GrowthPunch"],"picked":"Slimebound:SplitLeeching","floor":3},{"not_picked":["Slimebound:GoopSpray","Slimebound:PressTheAttack"],"picked":"Slimebound:LeechEnergy","floor":5},{"not_picked":["Slimebound:Nibble","Slimebound:Grow"],"picked":"Slimebound:GoopTackle","floor":6},{"not_picked":["Slimebound:ForwardTackle","Slimebound:PressTheAttack"],"picked":"Slimebound:LeadByExample","floor":8},{"not_picked":["Slimebound:PressTheAttack","Slimebound:Chomp"],"picked":"Slimebound:SlimeSlap","floor":10},{"not_picked":["Slimebound:Dissolve","Slimebound:Schlurp"],"picked":"Slimebound:Gluttony","floor":11},{"not_picked":["Slimebound:Schlurp","Slimebound:SplitMire"],"picked":"Slimebound:SpikyOuterGoop","floor":12},{"not_picked":["Slimebound:ForwardTackle","Slimebound:PressTheAttack"],"picked":"Slimebound:Schlurp","floor":14},{"not_picked":["Slimebound:Nibble","Slimebound:PressTheAttack"],"picked":"Slimebound:SplitMire","floor":15}],"player_experience":719185,"relics_obtained":[{"floor":7,"key":"StrikeDummy"},{"floor":8,"key":"Omamori"}],"event_choices":[{"damage_healed":0,"gold_gain":0,"player_choice":"Ignored","damage_taken":0,"max_hp_gain":0,"max_hp_loss":0,"event_name":"NoteForYourself","floor":4,"gold_loss":0},{"damage_healed":0,"gold_gain":0,"cards_transformed":["Slimebound:Strike_Slimebound"],"player_choice":"Transformed","damage_taken":0,"max_hp_gain":0,"max_hp_loss":0,"event_name":"Transmorgrifier","floor":13,"gold_loss":0,"cards_obtained":["Slimebound:Chomp"]}],"is_beta":false,"boss_relics":[],"items_purged_floors":[],"is_endless":false,"potions_floor_spawned":[6,10,12,14,15],"killed_by":"downfall:Silent","ascension_level":0}}