{"host":"91kqwblrqvon3fcz","time":1608682379,"event":{"mods":["Act Like it!","BaseMod","Elementarium","Hermit","Minty Spire (QoL Compilation)","Quick Restart","StSLib"],"gold_per_floor":[20,20,20,34,53,53,71,71,97,97,135,148,148,168,168,298,298,319,319,332,29,48,87,87,118,144,144,144,162,162,195,195,323,323,338,51,1050,1050,1073,1073,1108,1131,1131,247,270,270,143,168,168,168],"floor_reached":51,"playtime":1901,"items_purged":["Shame"],"score":912,"play_id":"1ff99f13-9942-4844-b81e-55d34fcdcd1e","local_time":"20201222161259","is_ascension_mode":true,"campfire_choices":[{"floor":6.0,"key":"REST"},{"data":"Eruption","floor":8.0,"key":"SMITH"},{"floor":13.0,"key":"REST"},{"data":"ForeignInfluence","floor":15.0,"key":"SMITH"},{"floor":28.0,"key":"REST"},{"floor":30.0,"key":"REST"},{"floor":32.0,"key":"REST"},{"floor":40.0,"key":"REST"},{"floor":49,"key":"RECALL"}],"circlet_count":0,"master_deck":["Strike_P+1","Defend_P+1","Defend_P","Defend_P","Defend_P","Eruption+1","Vigilance","Worship","Pray","Tantrum","FollowUp","Weave","ForeignInfluence+1","Brilliance","Vault","LikeWater","WindmillStrike","Vault","EmptyMind","FearNoEvil","Wallop","SandsOfTime","Adaptation","Consecrate","Halt","SpiritShield","PathToVictory+1","ConjureBlade+1","PathToVictory+1","SignatureMove","Protect","Vault","ThirdEye","Apotheosis","Alpha","Pray","Establishment","EmptyBody","DeceiveReality+1","Prostrate+1"],"relics":["PureWater","Lizard Tail","Golden Idol","Toy Ornithopter","Odd Mushroom","Snecko Eye","Bag of Marbles","DollysMirror","Omamori","Letter Opener","Whetstone","Smiling Mask","MealTicket","Astrolabe","Ice Cream","Potion Belt","Prayer Wheel","Chemical X","Ornamental Fan","Damaru"],"acts_visited":["Exordium","TheCity","TheBeyond"],"potions_floor_usage":[],"damage_taken":[{"damage":3.0,"enemies":"2 Louse","floor":1.0,"turns":2.0},{"damage":0.0,"enemies":"Small Slimes","floor":4.0,"turns":4.0},{"damage":0.0,"enemies":"Jaw Worm","floor":5.0,"turns":3.0},{"damage":2.0,"enemies":"Exordium Wildlife","floor":7.0,"turns":3.0},{"damage":20.0,"enemies":"The Mushroom Lair","floor":11.0,"turns":5.0},{"damage":9.0,"enemies":"Large Slime","floor":12.0,"turns":6.0},{"damage":0.0,"enemies":"3 Louse","floor":14.0,"turns":1.0},{"damage":0.0,"enemies":"Slime Boss","floor":16.0,"turns":3.0},{"damage":0.0,"enemies":"2 Thieves","floor":18.0,"turns":2.0},{"damage":0.0,"enemies":"Shell Parasite","floor":20.0,"turns":2.0},{"damage":4.0,"enemies":"Centurion and Healer","floor":22.0,"turns":7.0},{"damage":12.0,"enemies":"Book of Stabbing","floor":23.0,"turns":3.0},{"damage":36.0,"enemies":"Gremlin Leader","floor":25.0,"turns":5.0},{"damage":17.0,"enemies":"3 Cultists","floor":29.0,"turns":7.0},{"damage":35.0,"enemies":"Slavers","floor":31.0,"turns":6.0},{"damage":68.0,"enemies":"Champ","floor":33.0,"turns":12.0},{"damage":0.0,"enemies":"3 Darklings","floor":35.0,"turns":5.0},{"damage":27.0,"enemies":"3 Shapes","floor":39.0,"turns":8.0},{"damage":0.0,"enemies":"Giant Head","floor":41.0,"turns":7.0},{"damage":16.0,"enemies":"Maw","floor":42.0,"turns":8.0},{"damage":12,"enemies":"3 Darklings","floor":48,"turns":6},{"damage":67,"enemies":"Time Eater","floor":50,"turns":7}],"seed_played":"8585885551119370265","potions_obtained":[{"floor":1.0,"key":"AttackPotion"},{"floor":4.0,"key":"SpeedPotion"},{"floor":5.0,"key":"Energy Potion"},{"floor":11.0,"key":"FairyPotion"},{"floor":16.0,"key":"SteroidPotion"},{"floor":23.0,"key":"Energy Potion"},{"floor":29.0,"key":"Weak Potion"},{"floor":39.0,"key":"Ambrosia"},{"floor":41.0,"key":"Regen Potion"},{"floor":48,"key":"SteroidPotion"}],"is_trial":false,"path_per_floor":["M","?","?","M","M","R","M","R","T","?","?","M","R","M","R","B",null,"M","?","M","$","M","E","T","E","T","?","R","M","R","E","R","B",null,"M","$","?","?","M","R","E","M","T","$","T","?","$","M","R","B",null],"character_chosen":"WATCHER","items_purchased":["DollysMirror","EmptyMind","FearNoEvil","Ice Cream","Chemical X","Ornamental Fan","Apotheosis","Alpha","Pray","Establishment","EmptyBody"],"campfire_rested":6,"item_purchase_floors":[21,21,21,36,44,44,44,44,44,47,47],"current_hp_per_floor":[69,69,55,55,55,72,70,70,70,63,43,34,55,55,55,55,72,72,72,72,72,68,66,66,35,35,35,56,39,60,30,51,21,72,72,72,72,72,45,66,71,56,56,71,71,68,68,56,56,25],"gold":168,"neow_bonus":"ONE_RARE_RELIC","is_daily":false,"chose_seed":false,"campfire_upgraded":2,"win_rate":0.0,"timestamp":1608682379,"path_taken":["M","?","?","M","M","R","M","R","T","?","?","M","R","M","R","BOSS","M","?","M","$","M","E","?","E","T","?","R","M","R","E","R","BOSS","M","$","?","?","M","R","E","M","T","$","?","?","?","?","R","BOSS"],"items_purchased_type":["Relic","Card","Card","Relic","Relic","Relic","Card","Card","Card","Card","Card"],"build_version":"2020-12-13","purchased_purges":1,"victory":true,"max_hp_per_floor":[72,72,72,72,72,72,72,72,72,72,72,72,72,72,72,72,72,72,72,72,72,72,72,72,72,72,72,72,72,72,72,72,72,72,72,72,72,72,72,72,72,72,72,72,72,68,68,68,68,68],"card_choices":[{"not_picked":["EmptyMind","EmptyFist"],"picked":"Worship","floor":1.0},{"not_picked":["FollowUp","SandsOfTime"],"picked":"Pray","floor":4.0},{"not_picked":["FlyingSleeves","EmptyBody"],"picked":"Tantrum","floor":5.0},{"not_picked":["FearNoEvil","BowlingBash"],"picked":"FollowUp","floor":7.0},{"not_picked":["CarveReality","CrushJoints"],"picked":"Weave","floor":11.0},{"not_picked":["Perseverance","CrushJoints"],"picked":"ForeignInfluence","floor":12.0},{"not_picked":["SashWhip","Consecrate"],"picked":"Brilliance","floor":14.0},{"not_picked":["LessonLearned","Judgement"],"picked":"Vault","floor":16.0},{"not_picked":["ThirdEye","Indignation"],"picked":"LikeWater","floor":18.0},{"not_picked":["Protect+1","Evaluate"],"picked":"WindmillStrike","floor":20.0},{"not_picked":["Meditate","WaveOfTheHand"],"picked":"Wallop","floor":22.0},{"not_picked":["FollowUp","InnerPeace"],"picked":"SandsOfTime","floor":23.0},{"not_picked":["CutThroughFate","Vengeance"],"picked":"Adaptation","floor":25.0},{"not_picked":["TalkToTheHand","Collect"],"picked":"Consecrate","floor":29.0},{"not_picked":["Sanctity","SashWhip"],"picked":"Halt","floor":31.0},{"not_picked":["Omniscience","DeusExMachina"],"picked":"SpiritShield","floor":33.0},{"not_picked":["ThirdEye","WreathOfFlame+1"],"picked":"SignatureMove","floor":35.0},{"not_picked":["LikeWater","Wallop"],"picked":"Protect","floor":39.0},{"not_picked":["EmptyFist+1","CrushJoints"],"picked":"Vault","floor":41.0},{"not_picked":["BowlingBash","SashWhip"],"picked":"ThirdEye","floor":42.0},{"not_picked":["FlyingSleeves","CutThroughFate"],"picked":"DeceiveReality+1","floor":48},{"not_picked":["CrushJoints+1","TalkToTheHand"],"picked":"Prostrate+1","floor":48}],"player_experience":401240,"relics_obtained":[{"floor":9.0,"key":"Toy Ornithopter"},{"floor":11.0,"key":"Odd Mushroom"},{"floor":23.0,"key":"Omamori"},{"floor":24.0,"key":"Letter Opener"},{"floor":25.0,"key":"Whetstone"},{"floor":26.0,"key":"Smiling Mask"},{"floor":31.0,"key":"MealTicket"},{"floor":41.0,"key":"Potion Belt"},{"floor":43.0,"key":"Prayer Wheel"},{"floor":45,"key":"Damaru"}],"event_choices":[{"damage_healed":0.0,"max_hp_gain":0.0,"max_hp_loss":0.0,"gold_gain":0.0,"event_name":"Golden Idol","player_choice":"Take Wound","floor":2.0,"gold_loss":0.0,"damage_taken":0.0,"relics_obtained":["Golden Idol"],"cards_obtained":["Injury"]},{"damage_healed":0.0,"max_hp_gain":0.0,"max_hp_loss":0.0,"gold_gain":0.0,"event_name":"Shining Light","player_choice":"Entered Light","floor":3.0,"gold_loss":0.0,"damage_taken":14.0,"cards_upgraded":["Strike_P","Defend_P"]},{"cards_removed":["Injury"],"damage_healed":0.0,"max_hp_gain":0.0,"max_hp_loss":0.0,"gold_gain":0.0,"event_name":"Golden Wing","player_choice":"Card Removal","floor":10.0,"gold_loss":0.0,"damage_taken":7.0},{"damage_healed":0.0,"max_hp_gain":0.0,"max_hp_loss":0.0,"gold_gain":0.0,"event_name":"Mushrooms","player_choice":"Fought Mushrooms","floor":11.0,"gold_loss":0.0,"damage_taken":0.0},{"damage_healed":0.0,"max_hp_gain":0.0,"max_hp_loss":0.0,"gold_gain":0.0,"event_name":"Addict","player_choice":"Stole Relic","floor":19.0,"gold_loss":0.0,"damage_taken":0.0,"relics_obtained":["Bag of Marbles"],"cards_obtained":["Shame"]},{"damage_healed":0.0,"max_hp_gain":0.0,"max_hp_loss":0.0,"gold_gain":0.0,"event_name":"Vampires","player_choice":"Ignored","floor":27.0,"gold_loss":0.0,"damage_taken":0.0},{"damage_healed":0.0,"max_hp_gain":0.0,"max_hp_loss":0.0,"gold_gain":999.0,"event_name":"MindBloom","player_choice":"Gold","floor":37.0,"gold_loss":0.0,"damage_taken":0.0,"cards_obtained":["Normality","Normality"]},{"damage_healed":0.0,"max_hp_gain":0.0,"max_hp_loss":0.0,"gold_gain":0.0,"event_name":"Tomb of Lord Red Mask","player_choice":"Ignored","floor":38.0,"gold_loss":0.0,"damage_taken":0.0},{"damage_healed":0,"gold_gain":0,"player_choice":"Max HP","damage_taken":0,"max_hp_gain":0,"max_hp_loss":4,"event_name":"Winding Halls","floor":46,"gold_loss":0}],"is_beta":false,"boss_relics":[{"not_picked":["Busted Crown","Fusion Hammer"],"picked":"Snecko Eye"},{"not_picked":["SacredBark","Sozu"],"picked":"Astrolabe"}],"items_purged_floors":[44],"is_endless":false,"potions_floor_spawned":[1,4,5,11,16,22,23,29,39,41,48],"ascension_level":1}}