{"host":"imzpmvgmiwu2pn30","time":1608752019,"event":{"mods":["BaseMod","Colored Powertips","Minty Spire (QoL Compilation)","Relic Stats","StSLib"],"gold_per_floor":[132,162,192,243,303,408,408,408,408,444,480,540,540,278,278,563,563,617,656,704,704,761,761,800,325,351,387,444,120,120,153,153,447,447,504,1503,1503,1563,1563,1563,1617,1779,1779,1442,1478,1478,1508,1508,1508,1793,1793,1793],"floor_reached":51,"playtime":6356,"items_purged":["Prostrate","Brilliance","ClearTheMind"],"score":1107,"play_id":"cfef9eb8-df19-4b0c-86a4-58ffc487910f","local_time":"20201223173339","daily_mods":["Cursed Run","Time Dilation","Midas"],"is_ascension_mode":false,"campfire_choices":[{"floor":7.0,"key":"REST"},{"floor":15.0,"key":"REST"},{"floor":23.0,"key":"REST"},{"floor":32.0,"key":"REST"},{"floor":40,"key":"REST"},{"floor":46,"key":"REST"},{"floor":49,"key":"REST"}],"circlet_count":0,"master_deck":["Strike_P","Strike_P","Strike_P","Strike_P","Defend_P","Defend_P","Defend_P","Defend_P","Eruption","Vigilance","BattleHymn+1","Regret","Clumsy","Wish+1","EmptyMind+1","FearNoEvil+1","Protect+1","Injury","EmptyBody+1","Decay","Protect+1","Injury","MasterReality","CurseOfTheBell","ClearTheMind+1","Normality","Normality","ForeignInfluence+1","Writhe","Vault+1","Regret","Consecrate+1","Parasite"],"relics":["Cursed Key","Darkstone Periapt","Du-Vu Doll","Damaru","Mercury Hourglass","Toxic Egg 2","VioletLotus","Torii","White Beast Statue","Happy Flower","Membership Card","Blue Candle","Calling Bell","Orichalcum","Shuriken","Ginger","StoneCalendar","Eternal Feather","Dream Catcher","Singing Bowl","Sling"],"acts_visited":["Exordium","TheCity","TheBeyond","Exordium"],"potions_floor_usage":[45,50],"damage_taken":[{"damage":3.0,"enemies":"Jaw Worm","floor":1.0,"turns":4.0},{"damage":1.0,"enemies":"Cultist","floor":2.0,"turns":4.0},{"damage":0.0,"enemies":"2 Louse","floor":3.0,"turns":2.0},{"damage":22.0,"enemies":"Exordium Thugs","floor":4.0,"turns":7.0},{"damage":3.0,"enemies":"Red Slaver","floor":5.0,"turns":3.0},{"damage":14.0,"enemies":"Gremlin Nob","floor":6.0,"turns":4.0},{"damage":1.0,"enemies":"Blue Slaver","floor":10.0,"turns":3.0},{"damage":0.0,"enemies":"2 Fungi Beasts","floor":11.0,"turns":2.0},{"damage":1.0,"enemies":"Large Slime","floor":12.0,"turns":2.0},{"damage":0.0,"enemies":"Slime Boss","floor":16.0,"turns":3.0},{"damage":12.0,"enemies":"Chosen","floor":18.0,"turns":4.0},{"damage":0.0,"enemies":"Shell Parasite","floor":19.0,"turns":2.0},{"damage":25.0,"enemies":"Snake Plant","floor":20.0,"turns":3.0},{"damage":5.0,"enemies":"Cultist and Chosen","floor":22.0,"turns":4.0},{"damage":4.0,"enemies":"Sentry and Sphere","floor":24.0,"turns":4.0},{"damage":24.0,"enemies":"Snake Plant","floor":27.0,"turns":3.0},{"damage":7.0,"enemies":"Snecko","floor":28.0,"turns":4.0},{"damage":3.0,"enemies":"Shelled Parasite and Fungi","floor":31.0,"turns":3.0},{"damage":4.0,"enemies":"Champ","floor":33.0,"turns":8.0},{"damage":23,"enemies":"3 Shapes","floor":35,"turns":3},{"damage":12,"enemies":"Orb Walker","floor":38,"turns":3},{"damage":27,"enemies":"Maw","floor":41,"turns":5},{"damage":57,"enemies":"2 Orb Walkers","floor":42,"turns":5},{"damage":4,"enemies":"3 Darklings","floor":45,"turns":3},{"damage":11,"enemies":"Jaw Worm Horde","floor":47,"turns":3},{"damage":90,"enemies":"Awakened One","floor":50,"turns":8}],"seed_played":"8341447839374961237","potions_obtained":[{"floor":4.0,"key":"BlessingOfTheForge"},{"floor":6.0,"key":"Block Potion"},{"floor":11.0,"key":"Block Potion"},{"floor":12.0,"key":"Block Potion"},{"floor":19.0,"key":"BlessingOfTheForge"},{"floor":33.0,"key":"SpeedPotion"},{"floor":42,"key":"BlessingOfTheForge"},{"floor":45,"key":"BottledMiracle"},{"floor":47,"key":"Energy Potion"},{"floor":50,"key":"SmokeBomb"}],"is_trial":true,"path_per_floor":["M","M","M","M","M","E","R","?","T","M","M","M","?","$","R","B",null,"M","M","M","?","M","R","M","$","T","M","M","$","?","M","R","B",null,"M","?","?","M","?","R","M","?","T","$","M","R","M","?","R","B",null],"character_chosen":"WATCHER","items_purchased":["Toxic Egg 2","White Beast Statue","FairyPotion","Protect+1","Membership Card","Blue Candle","Dream Catcher","Singing Bowl","Sling"],"campfire_rested":7,"item_purchase_floors":[14,25,25,25,29,29,44,44,44],"current_hp_per_floor":[69,68,68,46,43,29,50,50,56,55,55,54,54,54,77,83,84,72,72,47,47,42,67,63,63,69,45,38,38,44,41,69,71,108,85,97,97,85,121,126,99,42,48,48,46,106,97,99,140,58,148,148],"gold":1793,"neow_bonus":"","is_daily":false,"chose_seed":false,"campfire_upgraded":0,"win_rate":0.0,"timestamp":1608752019,"path_taken":["M","?","M","?","M","E","R","?","T","?","M","M","?","$","R","BOSS","M","M","M","?","M","R","M","$","T","M","M","$","?","M","R","BOSS","M","?","?","M","?","R","M","?","T","$","M","R","M","?","R","BOSS"],"items_purchased_type":["Relic","Relic","Potion","Card","Relic","Relic","Relic","Relic","Relic"],"build_version":"2020-12-22","purchased_purges":3,"victory":false,"max_hp_per_floor":[72,72,72,72,72,72,72,72,78,78,78,78,78,78,78,84,84,84,84,84,84,84,84,84,84,90,90,90,90,96,96,96,102,108,108,120,120,120,126,126,126,126,132,132,134,136,138,140,140,148,148,148],"relic_stats":{"Darkstone Periapt":66,"Torii":25,"Happy Flower":[16],"Singing Bowl":10,"counters":[26,98],"Blue Candle":[30],"StoneCalendar":[52],"Eternal Feather":36,"Ginger":[3],"Orichalcum":[48],"Cursed Key":3,"Mercury Hourglass":[258],"Dream Catcher":2,"Shuriken":[8],"VioletLotus":[15],"obtain_stats":[{"Darkstone Periapt":0,"Torii":21,"Happy Flower":26,"Singing Bowl":44,"Blue Candle":29,"Damaru":6,"StoneCalendar":42,"Eternal Feather":43,"Ginger":34,"Orichalcum":34,"Cursed Key":0,"Sling":44,"White Beast Statue":25,"Mercury Hourglass":9,"Du-Vu Doll":0,"Calling Bell":34,"Dream Catcher":44,"Shuriken":34,"VioletLotus":17,"Membership Card":29,"Toxic Egg 2":14},{"Darkstone Periapt":0,"Torii":13,"Happy Flower":15,"Singing Bowl":23,"Blue Candle":17,"Damaru":6,"StoneCalendar":23,"Eternal Feather":23,"Ginger":19,"Orichalcum":19,"Cursed Key":0,"Sling":23,"White Beast Statue":15,"Mercury Hourglass":6,"Du-Vu Doll":0,"Calling Bell":19,"Dream Catcher":23,"Shuriken":19,"VioletLotus":10,"Membership Card":17,"Toxic Egg 2":9},{"Darkstone Periapt":0,"Torii":42,"Happy Flower":50,"Singing Bowl":84,"Blue Candle":57,"Damaru":24,"StoneCalendar":84,"Eternal Feather":84,"Ginger":68,"Orichalcum":68,"Cursed Key":0,"Sling":84,"White Beast Statue":50,"Mercury Hourglass":24,"Du-Vu Doll":0,"Calling Bell":68,"Dream Catcher":84,"Shuriken":68,"VioletLotus":34,"Membership Card":57,"Toxic Egg 2":31}]},"card_choices":[{"not_picked":["ThirdEye","SashWhip"],"picked":"Prostrate","floor":1.0},{"not_picked":["ReachHeaven","ClearTheMind","FlurryOfBlows"],"picked":"SKIP","floor":2.0},{"not_picked":["CarveReality","FearNoEvil"],"picked":"ClearTheMind","floor":3.0},{"not_picked":["Meditate","CrushJoints"],"picked":"BattleHymn","floor":4.0},{"not_picked":["BowlingBash","Study","JustLucky"],"picked":"SKIP","floor":5.0},{"not_picked":["Evaluate","FollowUp"],"picked":"Brilliance","floor":6.0},{"not_picked":["ThirdEye","Wallop"],"picked":"Protect","floor":10.0},{"not_picked":["FlyingSleeves","Tantrum","FollowUp"],"picked":"SKIP","floor":11.0},{"not_picked":["InnerPeace","EmptyBody","EmptyMind"],"picked":"SKIP","floor":12.0},{"not_picked":["DevaForm","DeusExMachina+1"],"picked":"Wish+1","floor":16.0},{"not_picked":["MentalFortress+1","Crescendo+1","JustLucky"],"picked":"SKIP","floor":18.0},{"not_picked":["Evaluate+1","CrushJoints+1"],"picked":"EmptyMind+1","floor":19.0},{"not_picked":["Nirvana","Consecrate","Crescendo+1"],"picked":"SKIP","floor":20.0},{"not_picked":["EmptyFist","CrushJoints+1","CutThroughFate"],"picked":"SKIP","floor":22.0},{"not_picked":["FlurryOfBlows+1","EmptyBody+1"],"picked":"FearNoEvil+1","floor":24.0},{"not_picked":["Crescendo+1","WaveOfTheHand+1"],"picked":"EmptyBody+1","floor":27.0},{"not_picked":["Evaluate+1","FlyingSleeves","SashWhip"],"picked":"SKIP","floor":28.0},{"not_picked":["InnerPeace+1","SignatureMove+1"],"picked":"Protect+1","floor":31.0},{"not_picked":["DeusExMachina+1","Judgement+1"],"picked":"MasterReality","floor":33.0},{"not_picked":["Halt+1","PathToVictory+1"],"picked":"ClearTheMind+1","floor":35},{"not_picked":["SashWhip","CutThroughFate"],"picked":"ForeignInfluence+1","floor":38},{"not_picked":["SashWhip","Collect+1","Indignation+1"],"picked":"SKIP","floor":41},{"not_picked":["JustLucky+1","EmptyBody+1"],"picked":"Vault+1","floor":42},{"not_picked":["CrushJoints+1","FearNoEvil+1","ClearTheMind+1"],"picked":"Singing Bowl","floor":45},{"not_picked":["Crescendo+1","Protect+1","Evaluate+1"],"picked":"Singing Bowl","floor":46},{"not_picked":["Establishment","DeceiveReality+1","SandsOfTime"],"picked":"Singing Bowl","floor":47},{"not_picked":["Mayhem","Secret Technique+1","Trip+1"],"picked":"Singing Bowl","floor":48},{"not_picked":["Halt+1","Prostrate+1"],"picked":"Consecrate+1","floor":49},{"not_picked":["MasterReality","Brilliance","Establishment"],"picked":"Singing Bowl","floor":50}],"player_experience":431370,"relics_obtained":[{"floor":6.0,"key":"Damaru"},{"floor":9.0,"key":"Mercury Hourglass"},{"floor":26.0,"key":"Happy Flower"},{"floor":34.0,"key":"Orichalcum"},{"floor":34.0,"key":"Shuriken"},{"floor":34.0,"key":"Ginger"},{"floor":42,"key":"StoneCalendar"},{"floor":43,"key":"Eternal Feather"}],"event_choices":[{"damage_healed":0.0,"max_hp_gain":0.0,"max_hp_loss":0.0,"gold_gain":0.0,"event_name":"The Woman in Blue","player_choice":"Bought 0 Potions","floor":8.0,"gold_loss":0.0,"damage_taken":0.0},{"damage_healed":0.0,"max_hp_gain":0.0,"max_hp_loss":0.0,"gold_gain":0.0,"event_name":"Living Wall","player_choice":"Grow","floor":13.0,"gold_loss":0.0,"damage_taken":0.0,"cards_upgraded":["BattleHymn"]},{"damage_healed":0.0,"max_hp_gain":0.0,"max_hp_loss":0.0,"gold_gain":0.0,"event_name":"The Mausoleum","player_choice":"Opened","floor":21.0,"gold_loss":0.0,"damage_taken":0.0,"relics_obtained":["Torii"]},{"damage_healed":0.0,"max_hp_gain":0.0,"max_hp_loss":0.0,"gold_gain":0.0,"event_name":"Forgotten Altar","player_choice":"Smashed Altar","floor":30.0,"gold_loss":0.0,"damage_taken":0.0,"cards_obtained":["Decay"]},{"damage_healed":0,"gold_gain":999,"player_choice":"Gold","damage_taken":0,"max_hp_gain":0,"max_hp_loss":0,"event_name":"MindBloom","floor":36,"gold_loss":0,"cards_obtained":["Normality","Normality"]},{"cards_removed":["Protect"],"damage_healed":0,"gold_gain":0,"player_choice":"Removed Skill","damage_taken":0,"max_hp_gain":0,"max_hp_loss":0,"event_name":"Falling","floor":37,"gold_loss":0},{"damage_healed":30,"gold_gain":0,"player_choice":"Writhe","damage_taken":0,"max_hp_gain":0,"max_hp_loss":0,"event_name":"Winding Halls","floor":39,"gold_loss":0,"cards_obtained":["Writhe"]},{"damage_healed":0,"gold_gain":0,"player_choice":"Fight","damage_taken":0,"max_hp_gain":0,"max_hp_loss":0,"event_name":"Mysterious Sphere","floor":42,"gold_loss":0},{"damage_healed":0,"gold_gain":0,"player_choice":"Memory 1","damage_taken":0,"max_hp_gain":0,"max_hp_loss":0,"event_name":"SensoryStone","floor":48,"gold_loss":0}],"is_beta":false,"boss_relics":[{"not_picked":["Pandora\u0027s Box","Coffee Dripper"],"picked":"VioletLotus"},{"not_picked":["Philosopher\u0027s Stone","SlaversCollar"],"picked":"Calling Bell"},{"not_picked":["Sozu","Fusion Hammer","Snecko Eye"]}],"items_purged_floors":[25,29,44],"is_endless":true,"potions_floor_spawned":[4,6,11,12,18,19,22,27,28,31,33,35,38,41,42,45,47,50],"ascension_level":0}}