{"host":"ywbsnexmk111etbw","time":1608697702,"event":{"mods":["Act Like it!","BaseMod","Downfall","Hubris","Infinite Spire","Marisa????????","Minty Spire (QoL Compilation)","Pale of the Ancients","Permanent Neow","Replay The Spire","StSLib","The Cursed","The Dragon Tamer","The Mystic","The Necromancer"],"gold_per_floor":[109,109,109,128,128,128,169,169,169,182,182,203,203,230,230,344,344,344,344,344,344,344,344,344,344,344],"floor_reached":25,"playtime":1227,"items_purged":[],"score":248,"play_id":"c3e7dc3e-7746-4caf-97d0-0e1e3b95fc29","local_time":"20201222232822","is_ascension_mode":false,"campfire_choices":[{"data":"mysticmod:HeavyStrike","floor":6,"key":"SMITH"},{"data":"mysticmod:ArcaneDodge","floor":8,"key":"SMITH"},{"floor":24,"key":"REST"}],"circlet_count":0,"master_deck":["mysticmod:Strike_Mystic","mysticmod:Strike_Mystic","mysticmod:Strike_Mystic+1","mysticmod:Strike_Mystic+1","mysticmod:Defend_Mystic","mysticmod:Defend_Mystic","mysticmod:Defend_Mystic","mysticmod:Defend_Mystic","mysticmod:ArcaneDodge+1","mysticmod:ShockingGrasp","mysticmod:HeavyStrike+1","mysticmod:Sideswipe","mysticmod:Alacrity","Hidden Blade","mysticmod:PowerAttack","mysticmod:Lunge","mysticmod:Snowball","mysticmod:PunishingArmor+1","infinitespire:FutureSight","mysticmod:EarthenWall+1","mysticmod:CorrosiveTouch","mysticmod:Discipline"],"relics":["NeowsBlessing","m_BookOfShivs","CeramicFish","infinitespire:Joker Card","hubris:BundleOfHerbs","Ectoplasm","hubris:HollowSoul","Matryoshka"],"acts_visited":["Exordium","TheCity"],"potions_floor_usage":[16,21,22,23],"damage_taken":[{"damage":0,"enemies":"Small Slimes","floor":1,"turns":1},{"damage":0,"enemies":"2 Louse","floor":4,"turns":1},{"damage":0,"enemies":"Lagavulin","floor":7,"turns":1},{"damage":8,"enemies":"Jaw Worm","floor":10,"turns":2},{"damage":8,"enemies":"Exordium Wildlife","floor":12,"turns":5},{"damage":0,"enemies":"Looter","floor":14,"turns":1},{"damage":48,"enemies":"Fading Forest","floor":16,"turns":11},{"damage":0,"enemies":"Shell Parasite","floor":18,"turns":2},{"damage":3,"enemies":"Spheric Guardian","floor":19,"turns":3},{"damage":12,"enemies":"Centurion and Healer","floor":21,"turns":3},{"damage":0,"enemies":"3 Cultists","floor":22,"turns":4},{"damage":37,"enemies":"Replay:Snechameleon","floor":23,"turns":5},{"damage":34,"enemies":"Gremlin Leader","floor":25,"turns":10}],"seed_played":"3434069847089012197","potions_obtained":[{"floor":4,"key":"ColorlessPotion"},{"floor":7,"key":"Elixir"},{"floor":14,"key":"Slimebound:ThreeZeroPotion"},{"floor":19,"key":"Explosive Potion"},{"floor":22,"key":"GamblersBrew"}],"is_trial":false,"path_per_floor":["M","?","?","M","?","R","E","R","T","M","$","M","?","M","R","B",null,"M","M","AVR","M","M","E","R","E"],"character_chosen":"MYSTIC_CLASS","items_purchased":[],"campfire_rested":1,"item_purchase_floors":[],"current_hp_per_floor":[77,62,62,62,62,62,62,62,62,54,54,46,43,43,43,5,77,77,74,74,62,62,25,48,14,14],"gold":344,"neow_bonus":"THREE_ENEMY_KILL","is_daily":false,"chose_seed":false,"campfire_upgraded":2,"win_rate":0.0,"timestamp":1608697702,"path_taken":["M","?","?","M","?","R","E","R","T","M","$","?","?","M","R","BOSS","M","M","AVR","M","M","E","R","E"],"items_purchased_type":[],"build_version":"2020-12-13","purchased_purges":0,"victory":false,"max_hp_per_floor":[77,77,77,77,77,77,77,77,77,77,77,77,77,77,77,77,77,77,77,77,77,77,77,77,77,77],"card_choices":[{"not_picked":["mysticmod:Probe","mysticmod:EbbAndFlow"],"picked":"mysticmod:HeavyStrike","floor":1},{"not_picked":["mysticmod:PureInstinct","mysticmod:Riposte"],"picked":"mysticmod:Sideswipe","floor":4},{"not_picked":["mysticmod:CorrosiveTouch","mysticmod:PureInstinct"],"picked":"mysticmod:Alacrity","floor":7},{"not_picked":["mysticmod:BulkUp","mysticmod:EnergizedRift","mysticmod:HeavyStrike"],"picked":"SKIP","floor":10},{"not_picked":["mysticmod:Sideswipe","mysticmod:BulkUp"],"picked":"Hidden Blade","floor":12},{"not_picked":["mysticmod:Fly","mysticmod:VorpalThrust"],"picked":"mysticmod:PowerAttack","floor":14},{"not_picked":["mysticmod:GreaterInvisibility","mysticmod:ObscuringMist"],"picked":"mysticmod:Lunge","floor":16},{"not_picked":["mysticmod:EnergizedRift","mysticmod:DiviningBlow+1"],"picked":"mysticmod:Snowball","floor":18},{"not_picked":["mysticmod:BulkUp","mysticmod:DiviningBlow"],"picked":"mysticmod:PunishingArmor+1","floor":19},{"not_picked":["mysticmod:MirrorStrike","mysticmod:PureInstinct"],"picked":"mysticmod:EarthenWall+1","floor":21},{"not_picked":["mysticmod:Alacrity","mysticmod:SuddenClarity+1"],"picked":"mysticmod:CorrosiveTouch","floor":22},{"not_picked":["mysticmod:Flourish","mysticmod:Riposte"],"picked":"mysticmod:Discipline","floor":23}],"player_experience":128888,"relics_obtained":[{"floor":7,"key":"CeramicFish"},{"floor":9,"key":"infinitespire:Joker Card"},{"floor":23,"key":"Matryoshka"}],"event_choices":[{"damage_healed":0,"gold_gain":0,"player_choice":"Entered Light","damage_taken":15,"max_hp_gain":0,"max_hp_loss":0,"event_name":"Shining Light","floor":2,"gold_loss":0,"cards_upgraded":["mysticmod:Strike_Mystic","mysticmod:Strike_Mystic"]},{"damage_healed":0,"gold_gain":0,"player_choice":"Ignored","damage_taken":0,"max_hp_gain":0,"max_hp_loss":0,"event_name":"Liars Game","floor":3,"gold_loss":0},{"damage_healed":0,"gold_gain":0,"player_choice":"Success","damage_taken":3,"relics_obtained":["hubris:BundleOfHerbs"],"max_hp_gain":0,"max_hp_loss":0,"event_name":"Scrap Ooze","floor":13,"gold_loss":0}],"is_beta":false,"boss_relics":[{"not_picked":["hubris:VirtuousBlindfold","Replay:Bronze Core"],"picked":"Ectoplasm"}],"items_purged_floors":[],"is_endless":false,"potions_floor_spawned":[4,7,14,19,22],"killed_by":"Gremlin Leader","ascension_level":0}}