{"host":"f5ezd1v29dtbwkzo","time":1608762955,"event":{"mods":["2.2 Compatiblity","BaseMod","Hermit","Minty Spire (QoL Compilation)","Rare Cards Sparkle","Replay The Spire","StSLib"],"gold_per_floor":[119,119,119,137,154,154,187,187,213,213,166,241,241,260,359,457,457,477,495,495,511,511,511,525,64,64,64,64,64,164,175,175,270,270,286,296,52,69,84,117,117,117,117],"floor_reached":42,"playtime":2122,"items_purged":[],"score":576,"play_id":"09f36e1f-aa9f-4046-bb40-28b06739fdf7","local_time":"20201224013555","is_ascension_mode":false,"campfire_choices":[{"data":"Armaments","floor":6,"key":"SMITH"},{"data":"True Grit","floor":8,"key":"SMITH"},{"data":"ReplayTheSpireMod:LeadingStrike","floor":10,"key":"SMITH"},{"floor":13,"key":"REST"},{"data":"WeaponsOverheat","floor":23,"key":"SMITH"},{"data":"Life Link","floor":27,"key":"SMITH"},{"data":"Replay:Sssssssssstrike","floor":32,"key":"SMITH"}],"circlet_count":0,"master_deck":["Strike_R","Strike_R","Strike_R","Strike_R","Defend_R","Defend_R","Defend_R","Defend_R","Wild Strike+1","Run Through","Self Repair+1","Injury","Armaments+1","ReplayTheSpireMod:LeadingStrike+1","True Grit+1","WeaponsOverheat+1","Life Link+1","Wild Strike+1","Clothesline","Thunderclap+1","Run Through+1","Reaper","Replay:Sssssssssstrike+1","Fire Breathing","Reaper","Rupture+1","Ghostly Armor+1","Replay:Parry","Havoc+1"],"relics":["Iron Core","Pen Nib","Juzu Bracelet","Ooze Armor","Centennial Puzzle","HandDrill","Replay:WaspNest","MutagenicStrength","Nilry\u0027s Codex","Mango","Replay:Bottled Eggs","Mark of Pain","MealTicket","Replay:Multitool"],"acts_visited":["Exordium","TheCity","TheBeyond"],"potions_floor_usage":[16,24,30,30,40,42,42],"damage_taken":[{"damage":7,"enemies":"Small Slimes","floor":1,"turns":3},{"damage":9,"enemies":"2 Louse","floor":4,"turns":3},{"damage":1,"enemies":"Cultist","floor":5,"turns":3},{"damage":19,"enemies":"Gremlin Nob","floor":7,"turns":4},{"damage":11,"enemies":"Exordium Thugs","floor":14,"turns":5},{"damage":30,"enemies":"The Guardian","floor":16,"turns":7},{"damage":24,"enemies":"Shell Parasite","floor":18,"turns":5},{"damage":31,"enemies":"2 Thieves","floor":19,"turns":5},{"damage":20,"enemies":"Snecko","floor":21,"turns":7},{"damage":12,"enemies":"Snake Plant","floor":24,"turns":4},{"damage":15,"enemies":"Colosseum Slavers","floor":30,"turns":2},{"damage":17,"enemies":"Colosseum Nobs","floor":30,"turns":5},{"damage":9,"enemies":"Centurion and Healer","floor":31,"turns":6},{"damage":36,"enemies":"Pondfish","floor":33,"turns":9},{"damage":20,"enemies":"Orb Walker","floor":35,"turns":3},{"damage":0,"enemies":"3 Shapes","floor":36,"turns":3},{"damage":33,"enemies":"Writhing Mass","floor":38,"turns":5},{"damage":68,"enemies":"Transient","floor":39,"turns":5},{"damage":21,"enemies":"R_Hoarder","floor":40,"turns":9},{"damage":108,"enemies":"Giant Head","floor":42,"turns":7}],"seed_played":"-415600801390744614","potions_obtained":[{"floor":7,"key":"AttackPotion"},{"floor":14,"key":"LiquidBronze"},{"floor":19,"key":"Energy Potion"},{"floor":24,"key":"Reflective Coating"},{"floor":35,"key":"FairyPotion"},{"floor":36,"key":"BlessingOfTheForge"},{"floor":38,"key":"Regen Potion"},{"floor":40,"key":"SteroidPotion"}],"is_trial":false,"path_per_floor":["M","?","?","M","M","R","E","R","T","R","$","?","R","M","R","B",null,"M","M","?","M","?","R","M","$","T","R","?","?","?","M","R","B",null,"M","M","$","M","M","E","R","E"],"character_chosen":"IRONCLAD","items_purchased":["WeaponsOverheat","Centennial Puzzle","HandDrill","Reaper","Replay:Sssssssssstrike","MealTicket","Replay:Parry"],"campfire_rested":1,"item_purchase_floors":[11,25,25,25,25,37,37],"current_hp_per_floor":[79,79,79,80,80,80,71,71,71,71,71,60,80,79,79,59,80,66,45,45,35,61,61,59,59,59,59,59,43,89,94,94,80,94,74,74,74,61,38,63,91,0,0],"gold":117,"neow_bonus":"THREE_CARDS","is_daily":false,"chose_seed":false,"campfire_upgraded":6,"win_rate":0.0,"timestamp":1608762955,"path_taken":["M","?","?","M","M","R","E","R","T","R","$","?","R","M","R","BOSS","M","M","?","M","?","R","M","$","T","R","?","?","?","M","R","BOSS","M","M","$","M","M","E","R","E"],"items_purchased_type":["Card","Relic","Relic","Card","Card","Relic","Card"],"build_version":"2020-12-22","purchased_purges":0,"victory":false,"max_hp_per_floor":[80,80,80,80,80,80,80,80,80,80,80,80,80,80,80,80,80,80,80,80,80,80,80,80,80,80,80,80,80,94,94,94,94,94,94,94,94,94,94,94,94,94,94],"card_choices":[{"not_picked":["Warcry","Thunderclap"],"picked":"Wild Strike","floor":0},{"not_picked":["Anger","Flex"],"picked":"Run Through","floor":1},{"not_picked":["Wild Strike","Body Slam"],"picked":"Armaments","floor":4},{"not_picked":["Steam Power","Wild Strike"],"picked":"ReplayTheSpireMod:LeadingStrike","floor":5},{"not_picked":["Wild Strike","Armaments"],"picked":"True Grit","floor":7},{"not_picked":["Clash","Iron Wave"],"picked":"Life Link","floor":14},{"not_picked":["Hemokinesis","Ghostly Armor"],"picked":"Wild Strike","floor":18},{"not_picked":["Rampage","Run Through","Perfected Strike"],"picked":"SKIP","floor":19},{"not_picked":["Cleave","Warcry"],"picked":"Thunderclap","floor":21},{"not_picked":["Twin Strike","Clothesline"],"picked":"Run Through+1","floor":24},{"not_picked":["Combust","Second Wind"],"picked":"Fire Breathing","floor":30},{"not_picked":["Heavy Blade+1","Offering","Armaments"],"picked":"SKIP","floor":31},{"not_picked":["Eclipse","Immolate"],"picked":"Reaper","floor":33},{"not_picked":["Evolve","Life Link"],"picked":"Rupture+1","floor":35},{"not_picked":["True Grit","Uppercut+1"],"picked":"Ghostly Armor+1","floor":36},{"not_picked":["Shrug It Off","Sword Boomerang"],"picked":"Havoc+1","floor":38},{"not_picked":["Combust","Warcry+1","Pommel Strike+1"],"picked":"SKIP","floor":39},{"not_picked":["Entrench","Searing Blow","Warcry"],"picked":"SKIP","floor":40}],"player_experience":266998,"relics_obtained":[{"floor":7,"key":"Pen Nib"},{"floor":9,"key":"Juzu Bracelet"},{"floor":26,"key":"Replay:WaspNest"},{"floor":29,"key":"Nilry\u0027s Codex"},{"floor":30,"key":"Mango"},{"floor":30,"key":"Replay:Bottled Eggs"},{"floor":40,"key":"Replay:Multitool"}],"event_choices":[{"cards_removed":["Strike_R"],"damage_healed":0,"gold_gain":0,"player_choice":"Took Card","damage_taken":0,"max_hp_gain":0,"max_hp_loss":0,"event_name":"NoteForYourself","floor":3,"gold_loss":0,"cards_obtained":["Injury"]},{"damage_healed":0,"gold_gain":75,"player_choice":"Gather Gold","damage_taken":11,"max_hp_gain":0,"max_hp_loss":0,"event_name":"World of Goop","floor":12,"gold_loss":0},{"damage_healed":0,"gold_gain":0,"cards_transformed":["Bash"],"player_choice":"Transformed","damage_taken":0,"max_hp_gain":0,"max_hp_loss":0,"event_name":"Transmorgrifier","floor":20,"gold_loss":0,"cards_obtained":["Clothesline"]},{"damage_healed":26,"gold_gain":0,"player_choice":"Heal","damage_taken":0,"max_hp_gain":0,"max_hp_loss":0,"event_name":"The Library","floor":22,"gold_loss":0},{"damage_healed":0,"gold_gain":0,"player_choice":"Inject Mutagens","damage_taken":0,"relics_obtained":["MutagenicStrength"],"max_hp_gain":0,"max_hp_loss":0,"event_name":"Drug Dealer","floor":28,"gold_loss":0},{"damage_healed":0,"gold_gain":0,"player_choice":"Obtained Book","damage_taken":16,"max_hp_gain":0,"max_hp_loss":0,"event_name":"Cursed Tome","floor":29,"gold_loss":0},{"damage_healed":0,"gold_gain":0,"player_choice":"Fight","damage_taken":0,"max_hp_gain":0,"max_hp_loss":0,"event_name":"Colosseum","floor":30,"gold_loss":0},{"damage_healed":0,"gold_gain":0,"player_choice":"Fought Nobs","damage_taken":0,"max_hp_gain":0,"max_hp_loss":0,"event_name":"Colosseum","floor":30,"gold_loss":0}],"is_beta":false,"boss_relics":[{"not_picked":["Kintsugi","Sozu"],"picked":"Ooze Armor"},{"not_picked":["Velvet Choker","Cursed Key"],"picked":"Mark of Pain"}],"items_purged_floors":[],"is_endless":false,"potions_floor_spawned":[7,14,19,24,30,35,36,38,40],"killed_by":"Giant Head","ascension_level":0}}