{"host":"nptej036rrbiurf5","time":1608684885,"event":{"mods":["BaseMod","Colored Map","Colored Powertips","DeckTracker","Minty Spire (QoL Compilation)","StSLib","SuperFastMode"],"gold_per_floor":[369,381,51,65,85,85,59,77,101,119,119,129,129,157,157,230,230,250,266,280,122,140,140,62,112,112,112,112],"floor_reached":27,"playtime":1002,"items_purged":[],"score":434,"play_id":"8928b8a2-0aad-4265-b28d-7f4b4a578d55","local_time":"20201223095445","is_ascension_mode":true,"campfire_choices":[{"data":"Entrench","floor":6.0,"key":"SMITH"},{"data":"Entrench","floor":11.0,"key":"SMITH"},{"floor":15.0,"key":"REST"}],"circlet_count":0,"master_deck":["AscendersBane","Strike_R","Strike_R","Strike_R","Defend_R","Defend_R","Defend_R","Defend_R","Bash","Entrench+1","Hemokinesis","Feel No Pain","Entrench+1","Seeing Red","Exhume","True Grit","Shrug It Off","Flame Barrier","Barricade","Corruption","Ghostly Armor","Burning Pact+1","Clash","Impervious","Evolve+1","Second Wind","Armaments","Shockwave","Dark Embrace"],"relics":["Burning Blood","TheAbacus","Happy Flower","Regal Pillow","Sozu","Orrery","Ancient Tea Set"],"acts_visited":["Exordium","TheCity"],"potions_floor_usage":[],"damage_taken":[{"damage":14.0,"enemies":"Jaw Worm","floor":1.0,"turns":3.0},{"damage":13.0,"enemies":"Small Slimes","floor":2.0,"turns":5.0},{"damage":11.0,"enemies":"Cultist","floor":4.0,"turns":4.0},{"damage":10.0,"enemies":"Exordium Wildlife","floor":5.0,"turns":3.0},{"damage":14.0,"enemies":"Exordium Thugs","floor":8.0,"turns":5.0},{"damage":7.0,"enemies":"Blue Slaver","floor":10.0,"turns":4.0},{"damage":2.0,"enemies":"Exordium Wildlife","floor":12.0,"turns":4.0},{"damage":27.0,"enemies":"Lagavulin","floor":14.0,"turns":8.0},{"damage":48.0,"enemies":"Slime Boss","floor":16.0,"turns":31.0},{"damage":28.0,"enemies":"Spheric Guardian","floor":18.0,"turns":9.0},{"damage":15.0,"enemies":"Chosen","floor":19.0,"turns":8.0},{"damage":6.0,"enemies":"Sentry and Sphere","floor":20.0,"turns":12.0},{"damage":2,"enemies":"Snecko","floor":22,"turns":9},{"damage":28,"enemies":"Slavers","floor":27,"turns":2}],"seed_played":"4026125175039449997","potions_obtained":[{"floor":1.0,"key":"Dexterity Potion"},{"floor":2.0,"key":"Fire Potion"},{"floor":10.0,"key":"AttackPotion"},{"floor":14.0,"key":"BloodPotion"}],"is_trial":false,"path_per_floor":["M","M","$","M","M","R","$","M","T","M","R","M","?","E","R","B",null,"M","M","M","$","M","?","$","?","T","E"],"character_chosen":"IRONCLAD","items_purchased":["TheAbacus","Feel No Pain","Entrench","True Grit","Orrery","Dark Embrace"],"campfire_rested":1,"item_purchase_floors":[3,3,3,7,21,24],"current_hp_per_floor":[60,53,53,48,44,44,44,36,36,35,35,39,32,11,46,17,55,33,24,24,24,28,28,28,28,28,0,0],"gold":112,"neow_bonus":"TWO_FIFTY_GOLD","is_daily":false,"chose_seed":false,"campfire_upgraded":2,"win_rate":0.0,"timestamp":1608684885,"path_taken":["M","M","$","M","M","R","$","M","T","M","R","M","?","E","R","BOSS","M","M","M","$","M","?","?","?","T","E"],"items_purchased_type":["Relic","Card","Card","Card","Relic","Card"],"build_version":"2020-12-13","purchased_purges":0,"victory":false,"max_hp_per_floor":[68,68,68,68,68,68,68,68,68,68,68,68,68,68,68,68,68,68,68,68,68,68,68,68,68,68,68,68],"card_choices":[{"not_picked":["Rupture","Perfected Strike"],"picked":"Entrench","floor":1.0},{"not_picked":["Warcry","Spot Weakness"],"picked":"Hemokinesis","floor":2.0},{"not_picked":["Heavy Blade","Twin Strike"],"picked":"Seeing Red","floor":4.0},{"not_picked":["Sword Boomerang","Anger"],"picked":"Exhume","floor":5.0},{"not_picked":["Wild Strike","Whirlwind"],"picked":"Shrug It Off","floor":8.0},{"not_picked":["Infernal Blade","Second Wind"],"picked":"Flame Barrier","floor":10.0},{"not_picked":["Clothesline","Flex","Havoc"],"picked":"SKIP","floor":12.0},{"not_picked":["Perfected Strike","Dual Wield"],"picked":"Barricade","floor":14.0},{"not_picked":["Fiend Fire","Reaper"],"picked":"Corruption","floor":16.0},{"not_picked":["Iron Wave+1","Rage"],"picked":"Ghostly Armor","floor":18.0},{"not_picked":["Thunderclap+1","Ghostly Armor"],"picked":"Burning Pact+1","floor":19.0},{"not_picked":["Anger","Heavy Blade"],"picked":"Clash","floor":20.0},{"not_picked":["Cleave","Searing Blow"],"picked":"Impervious","floor":21.0},{"not_picked":["Hemokinesis","Armaments+1"],"picked":"Evolve+1","floor":21.0},{"not_picked":["Infernal Blade+1","Thunderclap"],"picked":"Second Wind","floor":21.0},{"not_picked":["Sever Soul","Clash"],"picked":"Armaments","floor":21.0},{"not_picked":["Blood for Blood","Entrench"],"picked":"Shockwave","floor":22}],"player_experience":842573,"relics_obtained":[{"floor":9.0,"key":"Happy Flower"},{"floor":14.0,"key":"Regal Pillow"},{"floor":26,"key":"Ancient Tea Set"}],"event_choices":[{"cards_removed":["Strike_R"],"damage_healed":0.0,"max_hp_gain":0.0,"max_hp_loss":0.0,"gold_gain":0.0,"event_name":"Golden Wing","player_choice":"Card Removal","floor":13.0,"gold_loss":0.0,"damage_taken":7.0},{"cards_removed":["Strike_R"],"damage_healed":0,"gold_gain":0,"player_choice":"Purged","damage_taken":0,"max_hp_gain":0,"max_hp_loss":0,"event_name":"Purifier","floor":23,"gold_loss":0},{"damage_healed":0,"gold_gain":50,"player_choice":"Stole From Cult","damage_taken":0,"max_hp_gain":0,"max_hp_loss":0,"event_name":"Nest","floor":25,"gold_loss":0}],"is_beta":false,"boss_relics":[{"not_picked":["SacredBark","Tiny House"],"picked":"Sozu"}],"items_purged_floors":[],"is_endless":false,"potions_floor_spawned":[1,2,10,14,20,22],"killed_by":"Slavers","ascension_level":20}}