{"host":"jg07b2bexsgdacfj","time":1608746686,"event":{"mods":["AchievementEnabler","Act Like it!","Aspiration","Astrologer","Bard","BaseMod","Better Third Choice","BetterRewards","Block Reminder","Challenge The Spire","Colored Map","Conspire","Downfall","Elementarium","Energized Spire","Friendly Minions","GifTheSpireLib","Gold Saver","Halation","Hermit","Hero for Fun","Highlight Path","Hubris","Infinite Spire","Jedi Mod","Kratos Character Expansion","Mad Scientist","Menagerie","Minty Spire (QoL Compilation)","Permanent Neow","Pikachu Mod","QueenMod","Railgun Mod","Remove Card Discount Mod","Replay The Spire","Shade Mod","Shop Mod","Spicy Shops","Spikes Relics","StSLib","Stuff the Spire","Synergy Search","The Animator","The Blackbeard","The Bladedancer","The Blue Laboratory","The Dragon Tamer","The Forsaken","The Gatherer","The Hayseed","The Marked","The Necromancer","The Poker Player","The Problem Sleuth","The Servant 0.9.4","TheArtist","TheFirefly","TheHero","TheWitcher","Transform Curses","UnlockEverythingMod","vexMod"],"gold_per_floor":[109,109,126,126,137,137,137,137,163,222,237,256,256,268,268,369,369,385,401,401,401,418,431,448,464,464,464,464,489,507,527,527,631,631,653,653,670,670,724,742,758,771,797,897,912,945,448,465,465,564,564,564],"floor_reached":51,"playtime":3004,"items_purged":[],"score":572,"play_id":"0bf0c7a2-6c95-4e8b-8c4d-7ca4f17609e3","local_time":"20201223190446","is_ascension_mode":false,"metric_token":3986,"campfire_choices":[{"floor":6.0,"key":"REST"},{"floor":13.0,"key":"RECALL"},{"data":"PokerPlayerMod:Spade4","floor":15.0,"key":"SMITH"},{"floor":27.0,"key":"REST"},{"data":"PokerPlayerMod:Club2","floor":32.0,"key":"SMITH"},{"floor":49.0,"key":"REST"}],"circlet_count":5,"master_deck":["PokerPlayerMod:Diamond10+","PokerPlayerMod:Diamond10+","PokerPlayerMod:Diamond10+","PokerPlayerMod:Diamond10+","PokerPlayerMod:Diamond10+","PokerPlayerMod:Spade10+","PokerPlayerMod:Spade10+","PokerPlayerMod:Spade10+","PokerPlayerMod:Spade10+","PokerPlayerMod:Club10+","PokerPlayerMod:Club10+","PokerPlayerMod:Heart10+","PokerPlayerMod:TrumpStrike+1","PokerPlayerMod:BadJoker+1","PokerPlayerMod:Mulligan+1","PokerPlayerMod:DiamondStrike+1","infinitespire:Fortify+1","PokerPlayerMod:Heart10+","PokerPlayerMod:PoorCopy+1","PokerPlayerMod:HotShotCut+1","PokerPlayerMod:Diamond10+","PokerPlayerMod:Spade10+","PokerPlayerMod:RoyalStrike+1","PokerPlayerMod:Club10+","PokerPlayerMod:Diamond10+","PokerPlayerMod:Mulligan+1","PokerPlayerMod:FakeSymbols+1","PokerPlayerMod:Extraction+1","PokerPlayerMod:ClubsClub+1","PokerPlayerMod:Spade10+","PokerPlayerMod:MagicTrick+1","PokerPlayerMod:SecretDealer+1","PokerPlayerMod:Club10+","PokerPlayerMod:Fold+1"],"relics":["PokerPlayerMod:DeckCase","Circlet","aspiration:Nostalgia","Ring of the Snake","Potion Belt","infinitespire:Golems Mask","energizedSpire:DeadBattery","infinitespire:Lucky Rock","halation:Toothbrush","conspire:Boomerang","hubris:MysteriousPyramids","aspiration:DefectSkillbook","ZombieTooth","aspiration:Lifesprig","infinitespire:CheckeredPen","hubris:HerbalPaste","Prayer Wheel","conspire:SpecialSausage"],"acts_visited":[],"potions_floor_usage":[],"damage_taken":[{"damage":0.0,"enemies":"2 Louse","floor":1.0,"turns":1.0},{"damage":0.0,"enemies":"Cultist","floor":3.0,"turns":1.0},{"damage":2.0,"enemies":"conspire:RoseBush","floor":5.0,"turns":1.0},{"damage":0.0,"enemies":"Gremlin Nob","floor":10.0,"turns":1.0},{"damage":0.0,"enemies":"Large Slime","floor":11.0,"turns":1.0},{"damage":0.0,"enemies":"2 Fungi Beasts","floor":12.0,"turns":1.0},{"damage":0.0,"enemies":"3 Louse","floor":14.0,"turns":1.0},{"damage":11.0,"enemies":"Fading Forest","floor":16.0,"turns":11.0},{"damage":0.0,"enemies":"Chosen","floor":18.0,"turns":1.0},{"damage":8.0,"enemies":"conspire:FuzzyDice","floor":19.0,"turns":2.0},{"damage":0.0,"enemies":"Cultist and Chosen","floor":22.0,"turns":1.0},{"damage":0.0,"enemies":"Centurion and Healer","floor":23.0,"turns":2.0},{"damage":0.0,"enemies":"Snecko","floor":24.0,"turns":1.0},{"damage":0.0,"enemies":"Sentry and Sphere","floor":25.0,"turns":1.0},{"damage":0.0,"enemies":"Nightmare","floor":29.0,"turns":3.0},{"damage":0.0,"enemies":"Centurion and Healer","floor":30.0,"turns":1.0},{"damage":0.0,"enemies":"Snake Plant","floor":31.0,"turns":1.0},{"damage":3.0,"enemies":"HollowMod:NKGrimm","floor":33.0,"turns":2.0},{"damage":3.0,"enemies":"3 Shapes","floor":35.0,"turns":1.0},{"damage":0.0,"enemies":"Orb Walker","floor":37.0,"turns":2.0},{"damage":0.0,"enemies":"2 Orb Walkers","floor":39.0,"turns":2.0},{"damage":1.0,"enemies":"HollowMod:SlobberingHusk","floor":40.0,"turns":4.0},{"damage":0.0,"enemies":"Maw","floor":41.0,"turns":4.0},{"damage":10.0,"enemies":"Transient","floor":42.0,"turns":5.0},{"damage":210.0,"enemies":"Mind Bloom Boss Battle","floor":44.0,"turns":3.0},{"damage":0.0,"enemies":"Sphere and 2 Shapes","floor":45.0,"turns":1.0},{"damage":0.0,"enemies":"vexMod:BombBelcher","floor":46.0,"turns":1.0},{"damage":0.0,"enemies":"HollowMod:SlobberingHusk","floor":48.0,"turns":3.0},{"damage":43.0,"enemies":"infinitespire:MassOfShapes","floor":50.0,"turns":6.0}],"seed_played":"6587793477674215199","potions_obtained":[{"floor":1.0,"key":"Elixir"},{"floor":3.0,"key":"AttackPotion"},{"floor":10.0,"key":"AttackPotion"},{"floor":16.0,"key":"LiquidBronze"},{"floor":23.0,"key":"Venom Potion"},{"floor":24.0,"key":"SteroidPotion"},{"floor":25.0,"key":"Adrenaline Potion"},{"floor":29.0,"key":"Poison Potion"},{"floor":33.0,"key":"Milkshake"},{"floor":40.0,"key":"Milkshake"},{"floor":45.0,"key":"GamblersBrew"},{"floor":46.0,"key":"EssenceOfSteel"}],"is_trial":false,"path_per_floor":["M","?","M","?","M","R","?","?","T","?","M","M","R","M","R","B",null,"M","M","?","AVR","M","M","M","M","T","R","T","NM","M","M","R","B",null,"M","?","M","?","?","M","M","M","T","?","M","E","$","M","R","B",null],"character_chosen":"THE_POKER_PLAYER","items_purchased":["hubris:HerbalPaste","Prayer Wheel"],"campfire_rested":3,"item_purchase_floors":[47,47],"current_hp_per_floor":[72,82,92,102,110,122,132,142,152,162,172,182,192,202,212,217,232,242,244,254,264,274,284,294,304,314,332,342,352,362,372,382,389,402,409,422,432,442,455,464,474,474,484,284,298,312,322,372,545,523,565,565],"gold":564,"neow_bonus":"NOSTALGIA","is_daily":false,"chose_seed":false,"campfire_upgraded":2,"win_rate":0.0,"timestamp":1608746686,"path_taken":["M","?","?","?","?","R","?","?","T","?","M","M","R","M","R","BOSS","M","M","?","AVR","M","M","?","M","T","R","?","NM","M","M","R","BOSS","M","?","M","?","?","M","M","M","T","?","M","E","?","?","R","BOSS"],"items_purchased_type":["Relic","Relic"],"build_version":"2020-12-22","purchased_purges":0,"victory":false,"max_hp_per_floor":[72,82,92,102,112,122,132,142,152,162,172,182,192,202,212,222,232,242,252,262,272,282,292,302,312,322,332,342,352,362,372,382,392,402,412,425,435,445,455,465,475,485,495,505,515,525,535,545,555,565,565,565],"card_choices":[{"not_picked":["PokerPlayerMod:Diamond2","PokerPlayerMod:CardPrinter"],"picked":"PokerPlayerMod:DiamondStrike","floor":1.0},{"not_picked":["infinitespire:Oblivion","infinitespire:FinalStrike"],"picked":"infinitespire:Fortify","floor":2.0},{"not_picked":["PokerPlayerMod:Spade1","PokerPlayerMod:SpadeStrike"],"picked":"PokerPlayerMod:DartThrow","floor":3.0},{"not_picked":["PokerPlayerMod:Spade3","PokerPlayerMod:Configure"],"picked":"PokerPlayerMod:Heart3","floor":5.0},{"not_picked":["PokerPlayerMod:Spade4","PokerPlayerMod:Heart1"],"picked":"PokerPlayerMod:PoorCopy","floor":10.0},{"not_picked":["PokerPlayerMod:Diamond2","PokerPlayerMod:DiamondStrike"],"picked":"PokerPlayerMod:HotShotCut","floor":11.0},{"not_picked":["PokerPlayerMod:DamnStraight","PokerPlayerMod:SpadeStrike"],"picked":"PokerPlayerMod:Diamond4","floor":12.0},{"not_picked":["PokerPlayerMod:Spade1","PokerPlayerMod:Configure"],"picked":"PokerPlayerMod:Spade4","floor":14.0},{"not_picked":["PokerPlayerMod:Spade10+","PokerPlayerMod:Duplicate"],"picked":"PokerPlayerMod:RoyalStrike","floor":16.0},{"not_picked":["PokerPlayerMod:Diamond4","PokerPlayerMod:CloakAndDiamond"],"picked":"PokerPlayerMod:Club6","floor":18.0},{"not_picked":["PokerPlayerMod:Configure","PokerPlayerMod:HotShotCut"],"picked":"PokerPlayerMod:Diamond3","floor":19.0},{"not_picked":["PokerPlayerMod:Club1","PokerPlayerMod:Diamond10+"],"picked":"PokerPlayerMod:Extraction","floor":22.0},{"not_picked":["PokerPlayerMod:Spade4","PokerPlayerMod:Diamond2"],"picked":"PokerPlayerMod:ClubsClub+1","floor":23.0},{"not_picked":["PokerPlayerMod:Diamond1","PokerPlayerMod:CardBurn"],"picked":"PokerPlayerMod:Spade1","floor":24.0},{"not_picked":["PokerPlayerMod:Diamond4","PokerPlayerMod:CardBurn+1"],"picked":"PokerPlayerMod:MagicTrick","floor":25.0},{"not_picked":["PokerPlayerMod:Diamond3","PokerPlayerMod:Sharpen+1"],"picked":"PokerPlayerMod:SecretDealer","floor":29.0},{"not_picked":["PokerPlayerMod:Diamond3","PokerPlayerMod:DiamondStrike","PokerPlayerMod:MagicTrick+1"],"picked":"SKIP","floor":30.0},{"not_picked":["PokerPlayerMod:Spade2","PokerPlayerMod:SecondChance"],"picked":"PokerPlayerMod:Club2","floor":31.0},{"not_picked":["PokerPlayerMod:Club5","PokerPlayerMod:Club3","PokerPlayerMod:SpadeStrike"],"picked":"PokerPlayerMod:Fold","floor":35.0},{"not_picked":["PokerPlayerMod:Diamond5","PokerPlayerMod:Diamond2","Cold Snap+1","ReplayGash"],"picked":"SKIP","floor":37.0},{"not_picked":["PokerPlayerMod:Diamond2","PokerPlayerMod:Heart1","ReplayTheSpireMod:Omega Cannon","Steam"],"picked":"SKIP","floor":40.0},{"not_picked":["PokerPlayerMod:Spade4","PokerPlayerMod:Spade5","Coolheaded","PokerPlayerMod:HeartStrike"],"picked":"SKIP","floor":41.0},{"not_picked":["PokerPlayerMod:Diamond4","PokerPlayerMod:Spade2","PokerPlayerMod:Fold+1","PokerPlayerMod:Extraction"],"picked":"SKIP","floor":42.0},{"not_picked":["PokerPlayerMod:Heart2","PokerPlayerMod:Diamond5","Scrape","ReplayTheSpireMod:Reroute Power"],"picked":"SKIP","floor":45.0},{"not_picked":["PokerPlayerMod:Spade6","PokerPlayerMod:Diamond8","Sweeping Beam","Core Surge"],"picked":"SKIP","floor":46.0},{"not_picked":["PokerPlayerMod:Diamond3","PokerPlayerMod:Diamond6","Rebound+1","Gash"],"picked":"SKIP","floor":48.0},{"not_picked":["PokerPlayerMod:Heart3","PokerPlayerMod:Spade1","Meteor Strike","Turbo"],"picked":"SKIP","floor":48.0}],"player_experience":341278,"relics_obtained":[{"floor":9.0,"key":"Potion Belt"},{"floor":26.0,"key":"halation:Toothbrush"},{"floor":28.0,"key":"conspire:Boomerang"},{"floor":29.0,"key":"hubris:MysteriousPyramids"},{"floor":39.0,"key":"ZombieTooth"},{"floor":43.0,"key":"aspiration:Lifesprig"},{"floor":44.0,"key":"Archangels Feather"},{"floor":46.0,"key":"infinitespire:CheckeredPen"}],"event_choices":[{"damage_healed":0.0,"max_hp_gain":0.0,"max_hp_loss":0.0,"gold_gain":0.0,"event_name":"Shining Light","player_choice":"Ignored","floor":8.0,"gold_loss":0.0,"damage_taken":0.0},{"damage_healed":0.0,"max_hp_gain":0.0,"max_hp_loss":0.0,"gold_gain":0.0,"event_name":"Dead Adventurer","player_choice":"Searched \u00272\u0027 times","floor":10.0,"gold_loss":0.0,"damage_taken":0.0,"relics_obtained":["infinitespire:Golems Mask"]},{"damage_healed":0.0,"max_hp_gain":0.0,"max_hp_loss":0.0,"gold_gain":0.0,"event_name":"Match and Keep!","player_choice":"3 cards matched","floor":20.0,"gold_loss":0.0,"damage_taken":0.0,"cards_obtained":["Pain","PokerPlayerMod:Mulligan","PokerPlayerMod:FakeSymbols"]},{"cards_removed":["PokerPlayerMod:DartThrow"],"damage_healed":0.0,"max_hp_gain":0.0,"max_hp_loss":0.0,"gold_gain":0.0,"event_name":"Falling","player_choice":"Removed Attack","floor":36.0,"gold_loss":0.0,"damage_taken":0.0},{"damage_healed":0.0,"max_hp_gain":0.0,"max_hp_loss":0.0,"gold_gain":0.0,"event_name":"Tomb of Lord Red Mask","player_choice":"Ignored","floor":38.0,"gold_loss":0.0,"damage_taken":0.0},{"damage_healed":0.0,"max_hp_gain":0.0,"max_hp_loss":0.0,"gold_gain":0.0,"event_name":"Mysterious Sphere","player_choice":"Fight","floor":39.0,"gold_loss":0.0,"damage_taken":0.0},{"damage_healed":0.0,"max_hp_gain":0.0,"max_hp_loss":0.0,"gold_gain":0.0,"event_name":"MindBloom","player_choice":"Fight","floor":44.0,"gold_loss":0.0,"damage_taken":0.0}],"is_beta":false,"boss_relics":[{"not_picked":["infinitespire:Cupcake","halation:PlatinumPhoenix","halation:ForbiddenBikini"]},{"not_picked":["beaked:SacredDeck","PokerPlayerMod:AceCard"],"picked":"aspiration:DefectSkillbook"},{"not_picked":["conspire:RunicOctahedron","Orrery"],"picked":"conspire:SpecialSausage"}],"items_purged_floors":[],"is_endless":false,"potions_floor_spawned":[1,3,10,16,23,24,25,29,33,37,40,45,46],"ascension_level":0}}