{"host":"f08kpr20kj92d76t","time":1608720485,"event":{"mods":["AchievementEnabler","BaseMod","Colored Map","Colored Powertips","Downfall","Googly Eyes","Minty Spire (QoL Compilation)","Relic Stats","StSLib"],"gold_per_floor":[99,118,118,134,151,251,274,374,299,299,314,314,324,349,368,466,466,391,491,501,701,383,416,443,443,458,486,505,522,522,551,566,666,666,966,980,1000,1015,849,849,849,849],"floor_reached":40,"playtime":3529,"items_purged":[],"score":573,"play_id":"8622591e-547a-4de7-9561-200da455a4b9","local_time":"20201223044805","is_ascension_mode":true,"campfire_choices":[{"floor":1,"key":"RECALL"},{"floor":9,"key":"REST"},{"data":"champ:IgnorePain","floor":12,"key":"SMITH"},{"data":"champ:VampiricStrike","floor":18,"key":"SMITH"},{"data":"champ:Improvising","floor":25,"key":"SMITH"},{"data":"champ:IronFortress","floor":30,"key":"SMITH"},{"data":"champ:IgnorePain","floor":35,"key":"SMITH"}],"circlet_count":0,"master_deck":["champ:Strike","champ:Strike","champ:Strike+1","champ:Defend","champ:Defend","champ:Defend","champ:Execute","champ:Taunt","champ:DancingMaster+1","champ:ShieldSigil","champ:AdrenalArmor","champ:IgnorePain+1","champ:StanceDance","champ:EnchantSword","champ:StanceDance","champ:GutPunch+1","champ:IronFortress","champ:BerserkerStyle","champ:VampiricStrike+1","CurseOfTheBell","champ:Duel+1","champ:Balance+1","champ:Improvising+1","champ:StanceDance","champ:FanOfKnives","champ:IronFortress+1","champ:IgnorePain+1","champ:Improvising","champ:AdrenalArmor+1"],"relics":["champ:ChampionCrown","Shuriken","Oddly Smooth Stone","downfall:HeartBlessingRed","Whetstone","Calling Bell","Orichalcum","Gremlin Horn","Ginger","downfall:HeartBlessingGreen","downfall:GremlinWheel","Happy Flower","Tiny Chest","Lantern","hexamod:BolsterEngine","Nunchaku","Philosopher\u0027s Stone","Bag of Marbles"],"acts_visited":["Exordium","TheCity","TheBeyond"],"potions_floor_usage":[6,6,6,6,6,11,13,14,26,27,27,28,29,29,32,38],"damage_taken":[{"damage":5,"enemies":"Small Slimes","floor":2,"turns":3},{"damage":21,"enemies":"Jaw Worm","floor":4,"turns":4},{"damage":5,"enemies":"2 Louse","floor":5,"turns":3},{"damage":58,"enemies":"downfall:Heads","floor":6,"turns":7},{"damage":28,"enemies":"Exordium Thugs","floor":11,"turns":8},{"damage":40,"enemies":"Gremlin Gang","floor":13,"turns":8},{"damage":36,"enemies":"Lagavulin","floor":14,"turns":7},{"damage":14,"enemies":"2 Fungi Beasts","floor":15,"turns":2},{"damage":92,"enemies":"downfall:Silent","floor":16,"turns":9},{"damage":25,"enemies":"downfall:Silent","floor":19,"turns":5},{"damage":32,"enemies":"3 Byrds","floor":20,"turns":7},{"damage":31,"enemies":"downfall:FleeingMerchant","floor":22,"turns":4},{"damage":59,"enemies":"Gremlin Leader","floor":23,"turns":8},{"damage":42,"enemies":"Chosen and Byrds","floor":26,"turns":6},{"damage":28,"enemies":"Slavers","floor":27,"turns":5},{"damage":21,"enemies":"Snake Plant","floor":28,"turns":4},{"damage":14,"enemies":"Sentry and Sphere","floor":29,"turns":2},{"damage":52,"enemies":"Gremlin Leader","floor":31,"turns":5},{"damage":25,"enemies":"Shelled Parasite and Fungi","floor":32,"turns":5},{"damage":113,"enemies":"downfall:Ironclad","floor":33,"turns":9},{"damage":10,"enemies":"3 Shapes","floor":36,"turns":5},{"damage":39,"enemies":"Orb Walker","floor":37,"turns":3},{"damage":74,"enemies":"Jaw Worm Horde","floor":38,"turns":6},{"damage":42,"enemies":"downfall:FleeingMerchant","floor":39,"turns":4},{"damage":53,"enemies":"Reptomancer","floor":40,"turns":2}],"seed_played":"8248838045461991452","potions_obtained":[{"floor":4,"key":"EntropicBrew"},{"floor":5,"key":"FearPotion"},{"floor":10,"key":"Regen Potion"},{"floor":10,"key":"Block Potion"},{"floor":10,"key":"Strength Potion"},{"floor":14,"key":"SteroidPotion"},{"floor":23,"key":"Block Potion"},{"floor":26,"key":"EntropicBrew"},{"floor":31,"key":"DuplicationPotion"},{"floor":36,"key":"EssenceOfSteel"}],"is_trial":false,"path_per_floor":["R","M","?","M","M","?","T","?","R","?","M","R","M","E","M","B",null,"R","?","M","?","$","E","T","R","M","E","M","M","R","E","M","B",null,"R","M","M","M","$","E"],"character_chosen":"THE_CHAMP","items_purchased":["Happy Flower","champ:Improvising","Bag of Marbles"],"campfire_rested":1,"item_purchase_floors":[22,22,39],"current_hp_per_floor":[90,90,78,71,71,49,49,49,76,76,65,65,65,65,56,27,90,90,90,90,90,90,90,90,90,90,84,82,90,90,90,90,68,90,90,90,79,47,47,0,0,0],"gold":849,"neow_bonus":"ONE_RANDOM_RARE_CARD","is_daily":false,"chose_seed":false,"campfire_upgraded":5,"win_rate":0.0,"timestamp":1608720485,"path_taken":["R","M","?","M","M","?","T","?","R","?","M","R","M","E","M","BOSS","R","?","?","?","$","E","T","R","M","E","?","M","R","E","M","BOSS","R","M","M","M","$","E"],"items_purchased_type":["Relic","Card","Relic"],"build_version":"2020-12-22","purchased_purges":0,"victory":false,"max_hp_per_floor":[90,90,90,90,90,90,90,90,90,90,90,90,90,90,90,90,90,90,90,90,90,90,90,90,90,90,90,90,90,90,90,90,90,90,90,90,90,90,90,90,90,90],"relic_stats":{"Nunchaku":[5],"Gremlin Horn":[25,25],"Happy Flower":[21],"counters":[25,131],"Shuriken":[20],"Tiny Chest":0,"Whetstone":["champ:GutPunch","champ:Strike"],"Ginger":[10],"Orichalcum":[90],"obtain_stats":[{"Lantern":24,"downfall:HeartBlessingRed":9,"Gremlin Horn":17,"Happy Flower":22,"Oddly Smooth Stone":7,"champ:ChampionCrown":0,"downfall:HeartBlessingGreen":18,"Whetstone":14,"Ginger":17,"Orichalcum":17,"Calling Bell":17,"Nunchaku":31,"downfall:GremlinWheel":19,"Shuriken":3,"Tiny Chest":23,"Philosopher\u0027s Stone":34,"Bag of Marbles":39,"hexamod:BolsterEngine":27},{"Lantern":13,"downfall:HeartBlessingRed":4,"Gremlin Horn":9,"Happy Flower":12,"Oddly Smooth Stone":4,"champ:ChampionCrown":0,"downfall:HeartBlessingGreen":9,"Whetstone":7,"Ginger":9,"Orichalcum":9,"Calling Bell":9,"Nunchaku":18,"downfall:GremlinWheel":10,"Shuriken":1,"Tiny Chest":13,"Philosopher\u0027s Stone":20,"Bag of Marbles":24,"hexamod:BolsterEngine":15},{"Lantern":75,"downfall:HeartBlessingRed":17,"Gremlin Horn":51,"Happy Flower":67,"Oddly Smooth Stone":17,"champ:ChampionCrown":0,"downfall:HeartBlessingGreen":51,"Whetstone":40,"Ginger":51,"Orichalcum":51,"Calling Bell":51,"Nunchaku":97,"downfall:GremlinWheel":56,"Shuriken":3,"Tiny Chest":75,"Philosopher\u0027s Stone":111,"Bag of Marbles":129,"hexamod:BolsterEngine":86}]},"card_choices":[{"not_picked":["champ:Encircle","champ:FanOfKnives"],"picked":"champ:ShieldSigil","floor":2},{"not_picked":["champ:BladeFlurry","champ:FanOfKnives"],"picked":"champ:AdrenalArmor","floor":4},{"not_picked":["champ:Haymaker","champ:StanceDance"],"picked":"champ:IgnorePain","floor":5},{"not_picked":["champ:BladeFlurry","champ:Encircle"],"picked":"champ:StanceDance","floor":6},{"not_picked":["champ:Backstep","champ:DefensiveShout"],"picked":"champ:StanceDance","floor":11},{"not_picked":["champ:DefensiveShout","champ:Encircle"],"picked":"champ:GutPunch","floor":13},{"not_picked":["champ:Circumvent","champ:PerfectedStrike"],"picked":"champ:IronFortress","floor":14},{"not_picked":["champ:SkillfulDodge","champ:RecklessLeap"],"picked":"champ:BerserkerStyle","floor":15},{"not_picked":["champ:EnchantShield","champ:ShieldSlam"],"picked":"champ:VampiricStrike","floor":16},{"not_picked":["champ:BladeFlurry","champ:BerserkersShout"],"picked":"champ:Duel+1","floor":20},{"not_picked":["champ:GladiatorsShout","champ:Control"],"picked":"champ:Balance+1","floor":22},{"not_picked":["champ:SkillfulDodge","champ:BerserkersShout","champ:Circumvent"],"picked":"SKIP","floor":23},{"not_picked":["champ:GladiatorStyle","champ:Circumvent"],"picked":"champ:StanceDance","floor":26},{"not_picked":["champ:EnchantCrown","champ:BladeFlurry"],"picked":"champ:FanOfKnives","floor":27},{"not_picked":["champ:Backstep+1","champ:FlashCut+1","champ:CrookedStrike"],"picked":"SKIP","floor":28},{"not_picked":["champ:BladeFlurry","champ:RageSigil+1"],"picked":"champ:IronFortress","floor":29},{"not_picked":["champ:HeartStrike","champ:StanceDance"],"picked":"champ:IgnorePain","floor":31},{"not_picked":["champ:BladeFlurry","champ:FocusedDefense","champ:GladiatorsShout"],"picked":"SKIP","floor":32},{"not_picked":["champ:MurderStrike","champ:LastStand"],"picked":"champ:Improvising","floor":33},{"not_picked":["champ:DefensiveShout+1","champ:FlashCut+1","champ:Encircle"],"picked":"SKIP","floor":36},{"not_picked":["champ:GladiatorsShout","champ:Haymaker+1"],"picked":"champ:AdrenalArmor+1","floor":37},{"not_picked":["champ:ShieldSigil","champ:FlashCut","champ:CrookedStrike"],"picked":"SKIP","floor":38},{"not_picked":["champ:BladeFlurry","champ:Backstep","champ:Shatter+1"],"picked":"SKIP","floor":39}],"player_experience":513816,"relics_obtained":[{"floor":7,"key":"Oddly Smooth Stone"},{"floor":14,"key":"Whetstone"},{"floor":17,"key":"Orichalcum"},{"floor":17,"key":"Gremlin Horn"},{"floor":17,"key":"Ginger"},{"floor":19,"key":"downfall:GremlinWheel"},{"floor":23,"key":"Tiny Chest"},{"floor":24,"key":"Lantern"},{"floor":27,"key":"hexamod:BolsterEngine"},{"floor":31,"key":"Nunchaku"}],"event_choices":[{"damage_healed":0,"gold_gain":0,"player_choice":"Success","damage_taken":12,"relics_obtained":["Shuriken"],"max_hp_gain":0,"max_hp_loss":0,"event_name":"Scrap Ooze","floor":3,"gold_loss":0},{"damage_healed":0,"gold_gain":0,"player_choice":"Got Potions","damage_taken":0,"max_hp_gain":0,"max_hp_loss":0,"event_name":"Lab","floor":10,"gold_loss":0},{"damage_healed":0,"gold_gain":300,"player_choice":"Gold","damage_taken":0,"max_hp_gain":0,"max_hp_loss":0,"event_name":"Wheel of Change","floor":35,"gold_loss":0}],"is_beta":false,"boss_relics":[{"not_picked":["Pandora\u0027s Box","Velvet Choker"],"picked":"Calling Bell"},{"not_picked":["Astrolabe","Sozu"],"picked":"Philosopher\u0027s Stone"}],"items_purged_floors":[],"is_endless":false,"potions_floor_spawned":[4,5,14,23,26,27,31,36],"killed_by":"Reptomancer","ascension_level":2}}