{"host":"kiauivt48syq9iz6","time":1608705394,"event":{"mods":["BaseMod","Conspire","Downfall","Hermit","Minty Spire (QoL Compilation)","Replay The Spire","SIMod","StSLib","The Animator","The Construct","The Cursed","The Runesmith","The Servant 0.9.4"],"gold_per_floor":[110,40,40,40,53,63,63,63,76,26,26,37,37,37,37,58,58,58,58],"floor_reached":18,"playtime":585,"items_purged":[],"score":102,"play_id":"b304791a-7293-4cf5-9157-6d7ab575c8d2","local_time":"20201222233634","is_ascension_mode":false,"campfire_choices":[{"data":"hermit:Determination","floor":8,"key":"SMITH"},{"floor":14,"key":"REST"},{"floor":17,"key":"REST"}],"circlet_count":0,"master_deck":["hermit:Strike_Hermit","hermit:Strike_Hermit","hermit:Strike_Hermit","hermit:Defend_Hermit","hermit:Defend_Hermit","hermit:Defend_Hermit","hermit:Defend_Hermit","hermit:Snapshot","hermit:Covet","hermit:PistolWhip","hermit:Brawl","hermit:FullyLoaded","hermit:WideOpen","hermit:Determination+1","Parasite","hermit:TakeAim","conspire:SpireCoStock","hermit:DeadOrAlive","hermit:TrackingShot"],"relics":["hermit:Momento","Darkstone Periapt"],"acts_visited":["Exordium"],"potions_floor_usage":[12,12,18,18],"damage_taken":[{"damage":1,"enemies":"Jaw Worm","floor":1,"turns":3},{"damage":5,"enemies":"Small Slimes","floor":5,"turns":4},{"damage":10,"enemies":"Cultist","floor":6,"turns":4},{"damage":11,"enemies":"Blue Slaver","floor":9,"turns":4},{"damage":0,"enemies":"Exordium Wildlife","floor":12,"turns":2},{"damage":22,"enemies":"Large Slime","floor":16,"turns":6},{"damage":88,"enemies":"Fading Forest","floor":18,"turns":9}],"seed_played":"-8873946915076689523","potions_obtained":[{"floor":1,"key":"GamblersBrew"},{"floor":6,"key":"Adrenaline Potion"},{"floor":9,"key":"Fire Potion"},{"floor":16,"key":"Flashbang"}],"is_trial":false,"path_per_floor":["M","$","PTL","PTL","M","M","?","R","M","?","T","M","$","R","?","M","R","B"],"character_chosen":"HERMIT","items_purchased":["hermit:FullyLoaded"],"campfire_rested":2,"item_purchase_floors":[2],"current_hp_per_floor":[74,74,74,74,69,59,75,75,64,64,64,64,64,75,75,53,75,0,0],"gold":58,"neow_bonus":"RANDOM_EVENT","is_daily":false,"chose_seed":false,"campfire_upgraded":1,"win_rate":0.0,"timestamp":1608705394,"path_taken":["M","$","PTL","PTL","M","M","?","R","M","?","T","?","?","R","?","M","R","BOSS"],"items_purchased_type":["Card"],"build_version":"2020-12-22","purchased_purges":0,"victory":false,"max_hp_per_floor":[75,75,75,75,75,75,75,75,75,75,75,75,75,75,75,75,75,75,75],"card_choices":[{"not_picked":["hermit:Quickdraw","hermit:GoldenBullet"],"picked":"hermit:Brawl","floor":1},{"not_picked":["hermit:Malice","hermit:FullyLoaded"],"picked":"hermit:WideOpen","floor":5},{"not_picked":["hermit:Roulette","hermit:Adapt"],"picked":"hermit:Determination","floor":6},{"not_picked":["hermit:Snipe","hermit:Feint"],"picked":"hermit:TakeAim","floor":9},{"not_picked":["hermit:Misfire","hermit:TrackingShot"],"picked":"hermit:DeadOrAlive","floor":12},{"not_picked":["hermit:LuckOfTheDraw","hermit:BigShot"],"picked":"hermit:TrackingShot","floor":16}],"player_experience":2488,"relics_obtained":[{"floor":11,"key":"Darkstone Periapt"}],"event_choices":[{"damage_healed":0,"gold_gain":0,"cards_transformed":["hermit:Strike_Hermit"],"player_choice":"Change","damage_taken":0,"max_hp_gain":0,"max_hp_loss":0,"event_name":"Living Wall","floor":0,"gold_loss":0,"cards_obtained":["hermit:PistolWhip"]},{"damage_healed":18,"gold_gain":0,"player_choice":"Healed and dodged fight","damage_taken":0,"max_hp_gain":0,"max_hp_loss":0,"event_name":"Mushrooms","floor":7,"gold_loss":0,"cards_obtained":["Parasite"]},{"damage_healed":0,"gold_gain":0,"player_choice":"Invest 1","damage_taken":0,"max_hp_gain":0,"max_hp_loss":0,"event_name":"conspire:Investor","floor":10,"gold_loss":0},{"damage_healed":0,"gold_gain":0,"player_choice":"Disagree","damage_taken":0,"max_hp_gain":0,"max_hp_loss":0,"event_name":"conspire:LoneGhost","floor":15,"gold_loss":0}],"is_beta":false,"boss_relics":[],"items_purged_floors":[],"is_endless":false,"potions_floor_spawned":[1,6,9,16],"killed_by":"Fading Forest","ascension_level":0}}