{"host":"uflv0e3ja7hvnij7","time":1608682476,"event":{"mods":["BaseMod","Conspire","Hubris","Minty Spire (QoL Compilation)","Replay The Spire","StSLib","The Bug Knight"],"gold_per_floor":[114,114,129,175,190,224,224,98,98,98,108,58,71,91,91,225,225,207,147,110,110],"floor_reached":20,"playtime":1204,"items_purged":["Defend_R"],"score":200,"play_id":"0291b88f-ee7c-4ae9-a981-1d71ca216f46","local_time":"20201222191436","is_ascension_mode":true,"campfire_choices":[{"data":"Wild Strike","floor":7,"key":"SMITH"},{"data":"Cleave","floor":10,"key":"SMITH"},{"data":"conspire:SpireCoStock","floor":15,"key":"SMITH"}],"circlet_count":0,"master_deck":["Strike_R","Strike_R","Strike_R","Strike_R","Strike_R","Defend_R","Defend_R","Defend_R","Bash","Defy Death","Cleave+1","Wild Strike+1","Headbutt","hubris:SharpeningStone","ReplayTheSpireMod:Stacked","ReplayTheSpireMod:Stacked","Intimidate","conspire:SpireCoStock+1","Metallicize","Immolate","Exhume","Burning Pact","Havoc+1"],"relics":["Burning Blood","ReplayFunnel","Red Skull","hubris:HollowSoul"],"acts_visited":["Exordium","TheCity"],"potions_floor_usage":[6,16,16],"damage_taken":[{"damage":2,"enemies":"conspire:RoseBush","floor":1,"turns":4},{"damage":6,"enemies":"2 Louse","floor":3,"turns":3},{"damage":28,"enemies":"conspire:MimicChest","floor":4,"turns":10},{"damage":4,"enemies":"Jaw Worm","floor":5,"turns":3},{"damage":43,"enemies":"Replay:BlueRogue","floor":6,"turns":4},{"damage":2,"enemies":"conspire:2 RoseBushes","floor":11,"turns":2},{"damage":0,"enemies":"Exordium Thugs","floor":13,"turns":2},{"damage":0,"enemies":"Exordium Wildlife","floor":14,"turns":3},{"damage":43,"enemies":"The Guardian","floor":16,"turns":12},{"damage":30,"enemies":"2 Thieves","floor":18,"turns":4}],"seed_played":"2705705950571449144","potions_obtained":[{"floor":1,"key":"Toxic Potion"},{"floor":6,"key":"SkillPotion"},{"floor":11,"key":"LiquidMemories"},{"floor":13,"key":"Venom Potion"},{"floor":18,"key":"SkillPotion"}],"is_trial":false,"path_per_floor":["M","$","M","?","M","E","R","$","T","R","M","?","M","M","R","B",null,"M","?","$"],"character_chosen":"IRONCLAD","items_purchased":["ReplayTheSpireMod:Stacked","Havoc+1"],"campfire_rested":0,"item_purchase_floors":[8,20],"current_hp_per_floor":[88,88,88,66,68,31,31,31,31,31,35,35,41,47,47,10,88,64,64,64,64],"gold":110,"neow_bonus":"TEN_PERCENT_HP_BONUS","is_daily":false,"chose_seed":false,"campfire_upgraded":3,"win_rate":0.0,"timestamp":1608682476,"path_taken":["M","$","M","?","M","E","R","$","T","R","M","?","M","M","R","BOSS","M","?","$"],"items_purchased_type":["Card","Card"],"build_version":"2020-12-13","purchased_purges":1,"victory":false,"max_hp_per_floor":[88,88,88,88,88,88,88,88,88,88,88,88,88,88,88,88,88,88,88,88,88],"card_choices":[{"not_picked":["Blood for Blood","Twin Strike"],"picked":"Defy Death","floor":1},{"not_picked":["Clothesline","hubris:CleavingFinish"],"picked":"Cleave","floor":3},{"not_picked":["True Grit","Cleave"],"picked":"Wild Strike","floor":4},{"not_picked":["Rage","Rampage"],"picked":"Headbutt","floor":5},{"not_picked":["Perfected Strike","Twin Strike"],"picked":"hubris:SharpeningStone","floor":6},{"not_picked":["Rage","ReplayTheSpireMod:Limb From Limb"],"picked":"Intimidate","floor":11},{"not_picked":["Cleave","Iron Wave"],"picked":"Metallicize","floor":13},{"not_picked":["Rupture","Heavy Blade"],"picked":"Immolate","floor":14},{"not_picked":["Immolate","Double Tap"],"picked":"Exhume","floor":16},{"not_picked":["Flex+1","Dropkick"],"picked":"Burning Pact","floor":18}],"player_experience":280282,"relics_obtained":[{"floor":4,"key":"ReplayFunnel"},{"floor":6,"key":"Red Skull"}],"event_choices":[{"damage_healed":0,"gold_gain":0,"player_choice":"Invest 1","damage_taken":0,"max_hp_gain":0,"max_hp_loss":0,"event_name":"conspire:Investor","floor":12,"gold_loss":0}],"is_beta":false,"boss_relics":[{"not_picked":["Snecko Eye","Kintsugi"],"picked":"hubris:HollowSoul"}],"items_purged_floors":[8],"is_endless":false,"potions_floor_spawned":[1,6,11,13,18],"ascension_level":3}}