{"host":"sdjng9zhqonqi3uc","time":1608749631,"event":{"mods":["2.2 Compatiblity","AchievementEnabler","BaseMod","BetterRewards","Colored Powertips","Hero for Fun","Minty Spire (QoL Compilation)","StSLib","Td1madao Mod","The Animator","The Cursed","The Servant 0.9.4"],"gold_per_floor":[123,198,215,390,390,390,423,423,474,89,112,137,137,137,137,237,237,250,250,275,100,116,116,131,131,131,131,166,166,196,228,240,351,363,385,407,419,28,43,70,70,85,136,136,182,182,4,14,14,14],"floor_reached":51,"playtime":4557,"items_purged":["Regret","animator:Strike","animator:Tatsumaki+1","animator:Strike_Overlord"],"score":761,"play_id":"c02d7dd3-2907-41ee-a68b-a1782cde1625","local_time":"20201223195351","is_ascension_mode":false,"campfire_choices":[{"floor":13,"key":"REST"},{"floor":15,"key":"REST"},{"data":"animator:Ainz","floor":23,"key":"SMITH"},{"data":"animator:Bozes","floor":25,"key":"SMITH"},{"data":"animator:Demiurge","floor":27,"key":"SMITH"},{"floor":32,"key":"REST"},{"data":"animator:Eve","floor":41,"key":"SMITH"},{"floor":49,"key":"REST"}],"circlet_count":0,"master_deck":["animator:Defend_Overlord","animator:Cocytus","animator:Demiurge+1","animator:Caster","animator:Eve+1","animator:Elsword","animator:Nanami+1","animator:Shichika","animator:MetalKnight","animator:PandorasActor","animator:Bozes+1","animator:Ainz+1","animator:Mitsurugi","animator:Yoichi","animator:Elsword","animator:Kyubey","animator:Guren","animator:KyokoSakura+1","animator:YuiTsuruno+1","animator:YuiTsuruno+1","animator:Sebas","animator:Darkness","animator:Boros+1","animator:EmiyaShirou","animator:Saber","animator:Archer"],"relics":["animator:LivingPicture","animator:TheMissingPiece","animator:PurgingStone","Smiling Mask","White Beast Statue","Anchor","Question Card","Thread and Needle","Mark of Pain","animator:CerealBox","animator:OldCoffin","The Courier","MawBank","Astrolabe","PreservedInsect","Blood Vial","Juzu Bracelet","Blue Candle","MealTicket","Red Skull"],"acts_visited":["Exordium","TheCity","TheBeyond"],"potions_floor_usage":[14,14,20,24,24,24,28,30,31,35,45,45,48,50],"damage_taken":[{"damage":11,"enemies":"2 Louse","floor":1,"turns":5},{"damage":0,"enemies":"Small Slimes","floor":3,"turns":3},{"damage":14,"enemies":"Lagavulin","floor":7,"turns":6},{"damage":1,"enemies":"Cultist","floor":11,"turns":4},{"damage":14,"enemies":"Gremlin Nob","floor":12,"turns":5},{"damage":28,"enemies":"Lagavulin","floor":14,"turns":6},{"damage":8,"enemies":"Slime Boss","floor":16,"turns":12},{"damage":11,"enemies":"2 Thieves","floor":18,"turns":5},{"damage":1,"enemies":"Shell Parasite","floor":20,"turns":5},{"damage":3,"enemies":"Centurion and Healer","floor":22,"turns":11},{"damage":5,"enemies":"3 Cultists","floor":24,"turns":5},{"damage":16,"enemies":"Book of Stabbing","floor":28,"turns":6},{"damage":50,"enemies":"Slavers","floor":30,"turns":8},{"damage":16,"enemies":"Snake Plant","floor":31,"turns":4},{"damage":43,"enemies":"Champ","floor":33,"turns":11},{"damage":22,"enemies":"3 Darklings","floor":35,"turns":4},{"damage":0,"enemies":"Orb Walker","floor":36,"turns":4},{"damage":0,"enemies":"Jaw Worm Horde","floor":39,"turns":3},{"damage":0,"enemies":"Reptomancer","floor":40,"turns":6},{"damage":22,"enemies":"3 Darklings","floor":42,"turns":5},{"damage":30,"enemies":"Giant Head","floor":45,"turns":7},{"damage":26,"enemies":"Maw","floor":48,"turns":6},{"damage":71,"enemies":"Awakened One","floor":50,"turns":7}],"seed_played":"4419978308843504960","potions_obtained":[{"floor":11,"key":"SmokeBomb"},{"floor":12,"key":"LiquidBronze"},{"floor":16,"key":"Block Potion"},{"floor":18,"key":"Regen Potion"},{"floor":20,"key":"Fire Potion"},{"floor":22,"key":"SkillPotion"},{"floor":24,"key":"DuplicationPotion"},{"floor":28,"key":"Regen Potion"},{"floor":30,"key":"AttackPotion"},{"floor":31,"key":"BlessingOfTheForge"},{"floor":33,"key":"Swift Potion"},{"floor":35,"key":"SteroidPotion"},{"floor":36,"key":"SmokeBomb"},{"floor":39,"key":"DistilledChaos"},{"floor":40,"key":"Block Potion"},{"floor":42,"key":"animator:GrowthPotion"},{"floor":45,"key":"AttackPotion"},{"floor":48,"key":"FairyPotion"}],"is_trial":false,"path_per_floor":["M","?","M","?","?","?","E","?","T","$","M","E","R","E","R","B",null,"M","?","M","$","M","R","M","R","T","R","E","?","E","M","R","B",null,"M","M","?","$","M","E","R","M","T","?","E","?","$","M","R","B",null],"character_chosen":"THE_ANIMATOR","items_purchased":["Question Card","animator:MetalKnight","animator:CerealBox","PreservedInsect","Blood Vial","Juzu Bracelet","animator:Saber"],"campfire_rested":4,"item_purchase_floors":[10,10,21,38,38,38,47],"current_hp_per_floor":[55,44,44,44,44,37,23,23,23,23,22,9,29,1,21,13,67,56,77,76,76,73,73,77,77,77,77,61,61,26,10,33,10,77,55,55,55,55,58,60,60,40,40,40,12,12,27,6,29,4],"gold":14,"neow_bonus":"TRANSFORM_TWO_CARDS","is_daily":false,"chose_seed":false,"campfire_upgraded":4,"win_rate":0.0,"timestamp":1608749631,"path_taken":["M","?","M","?","?","?","E","?","T","$","M","E","R","E","R","BOSS","M","?","M","$","?","R","M","R","T","R","E","?","E","M","R","BOSS","M","?","?","?","M","E","R","M","T","?","E","?","$","M","R","BOSS"],"items_purchased_type":["Relic","Card","Relic","Relic","Relic","Relic","Card"],"build_version":"2020-12-22","purchased_purges":4,"victory":true,"max_hp_per_floor":[66,66,66,66,66,66,66,66,66,66,66,67,67,67,67,67,67,67,77,77,77,77,77,77,77,77,77,77,77,77,77,77,77,77,77,77,77,77,78,78,78,78,78,78,78,78,78,79,79,79],"card_choices":[{"not_picked":["animator:Yoichi","animator:YunYun"],"picked":"animator:Elsword","floor":1},{"not_picked":["animator:Arpeggio","animator:Laby"],"picked":"animator:Nanami","floor":3},{"not_picked":["animator:Tyuule","animator:YaoHaDucy"],"picked":"animator:Shichika","floor":7},{"not_picked":["animator:Demiurge","animator:Entoma","animator:Evileye"],"picked":"animator:PandorasActor","floor":11},{"not_picked":["animator:Sonic","animator:Shichika","animator:Caster"],"picked":"animator:Shalltear","floor":12},{"not_picked":["animator:Biyorigo","animator:Guren","animator:Wiz"],"picked":"animator:Saitama","floor":16},{"not_picked":["animator:OrikoMikuni","animator:PandorasActor+1","animator:Sebas"],"picked":"animator:Bozes","floor":18},{"not_picked":["animator:Shalltear","animator:Demiurge","animator:PandorasActor"],"picked":"animator:Ainz","floor":20},{"not_picked":["animator:Shichika","animator:Sebas","animator:NarberalGamma"],"picked":"animator:Mitsurugi","floor":22},{"not_picked":["animator:RinTohsaka+1","animator:Cocytus","animator:NarberalGamma"],"picked":"animator:Yoichi","floor":24},{"not_picked":["animator:Mitsurugi","animator:Rena","animator:Shichika","animator:Shalltear+1"],"picked":"SKIP","floor":28},{"not_picked":["animator:Lu","animator:Rena","animator:Ciel"],"picked":"animator:Elsword","floor":30},{"not_picked":["animator:Shinoa","animator:Geryuganshoop","animator:Add"],"picked":"animator:Kyubey","floor":31},{"not_picked":["animator:Eris","animator:Saitama","animator:Hans"],"picked":"animator:Guren","floor":33},{"not_picked":["animator:OrikoMikuni+1","animator:Berserker+1","animator:Verdia"],"picked":"animator:YuiTsuruno+1","floor":35},{"not_picked":["animator:Aqua+1","animator:Kazuma","animator:Entoma","animator:Ciel+1"],"picked":"SKIP","floor":36},{"not_picked":["animator:Cocytus","animator:Shalltear","animator:PandorasActor"],"picked":"animator:Sebas","floor":39},{"not_picked":["animator:Berserker","animator:Mitsurugi+1","animator:Kazuma"],"picked":"animator:Darkness","floor":40},{"not_picked":["animator:Aisha","animator:Evileye","animator:Chung+1","animator:Kazuma"],"picked":"SKIP","floor":42},{"not_picked":["animator:Kazuma+1","animator:NarberalGamma+1","animator:Shichika"],"picked":"animator:EmiyaShirou","floor":45},{"not_picked":["animator:Rider","animator:Lancer","animator:SakuraMatou"],"picked":"animator:Archer","floor":48}],"player_experience":239042,"relics_obtained":[{"floor":7,"key":"Smiling Mask"},{"floor":9,"key":"Anchor"},{"floor":12,"key":"Thread and Needle"},{"floor":26,"key":"animator:OldCoffin"},{"floor":28,"key":"The Courier"},{"floor":30,"key":"MawBank"},{"floor":40,"key":"Blue Candle"},{"floor":43,"key":"MealTicket"},{"floor":45,"key":"Red Skull"}],"event_choices":[{"damage_healed":0,"gold_gain":75,"player_choice":"Gather Gold","damage_taken":11,"max_hp_gain":0,"max_hp_loss":0,"event_name":"World of Goop","floor":2,"gold_loss":0},{"damage_healed":0,"gold_gain":175,"player_choice":"AGREE","damage_taken":0,"max_hp_gain":0,"max_hp_loss":0,"event_name":"Liars Game","floor":4,"gold_loss":0,"cards_obtained":["Doubt"]},{"cards_removed":["animator:Curse_Greed"],"damage_healed":0,"gold_gain":0,"player_choice":"Forget","damage_taken":0,"max_hp_gain":0,"max_hp_loss":0,"event_name":"Living Wall","floor":5,"gold_loss":0},{"cards_removed":["Doubt"],"damage_healed":0,"gold_gain":0,"player_choice":"Card Removal","damage_taken":7,"max_hp_gain":0,"max_hp_loss":0,"event_name":"Golden Wing","floor":6,"gold_loss":0},{"damage_healed":0,"gold_gain":0,"player_choice":"Box","damage_taken":0,"relics_obtained":["White Beast Statue"],"max_hp_gain":0,"max_hp_loss":0,"event_name":"Big Fish","floor":8,"gold_loss":0,"cards_obtained":["Regret"]},{"cards_removed":["animator:Saitama"],"damage_healed":11,"gold_gain":0,"player_choice":"Offered Rare","damage_taken":0,"max_hp_gain":10,"max_hp_loss":0,"event_name":"Bonfire Elementals","floor":19,"gold_loss":0},{"damage_healed":0,"gold_gain":0,"player_choice":"Upgraded","damage_taken":0,"max_hp_gain":0,"max_hp_loss":0,"event_name":"Upgrade Shrine","floor":29,"gold_loss":0,"cards_upgraded":["animator:Nanami"]},{"cards_removed":["animator:Shalltear"],"damage_healed":0,"gold_gain":0,"player_choice":"Removed Attack","damage_taken":0,"max_hp_gain":0,"max_hp_loss":0,"event_name":"Falling","floor":37,"gold_loss":0},{"damage_healed":0,"gold_gain":0,"player_choice":"1 cards matched","damage_taken":0,"max_hp_gain":0,"max_hp_loss":0,"event_name":"Match and Keep!","floor":44,"gold_loss":0,"cards_obtained":["animator:Boros"]},{"damage_healed":0,"gold_gain":0,"player_choice":"Upgraded","damage_taken":0,"max_hp_gain":0,"max_hp_loss":0,"event_name":"Upgrade Shrine","floor":46,"gold_loss":0,"cards_upgraded":["animator:Boros"]}],"is_beta":false,"boss_relics":[{"not_picked":["Runic Dome","SacredBark"],"picked":"Mark of Pain"},{"not_picked":["Cursed Key","Philosopher\u0027s Stone"],"picked":"Astrolabe"}],"items_purged_floors":[10,21,38,47],"is_endless":false,"potions_floor_spawned":[11,12,14,16,18,20,22,24,28,30,31,33,35,36,39,40,42,45,48],"ascension_level":0}}