{"host":"6gickdzyi2e936w7","time":1608688269,"event":{"mods":["Ascension Reborn","BaseMod","BetterRewards","Downfall","Minty Spire (QoL Compilation)","Random Character Button","Replay The Spire","StSLib","Synergy Search"],"gold_per_floor":[111,111,111,111,124,144,179,254,277,277,79,94,113,65,65,162,162,181,191,191,191],"floor_reached":20,"playtime":854,"items_purged":["Strike_P","Strike_P"],"score":199,"play_id":"3d53e05c-c5d2-4ce6-a23e-f0ad2566e213","local_time":"20201222205109","is_ascension_mode":true,"campfire_choices":[{"floor":10,"key":"REST"},{"data":"PathToVictory","floor":15,"key":"SMITH"}],"circlet_count":0,"master_deck":["Strike_P","Defend_P","Defend_P","Defend_P","Defend_P","Eruption","Vigilance","PathToVictory+1","Ragnarok","PathToVictory","Halt","Consecrate","Prostrate","PathToVictory","Devotion","MentalFortress","PathToVictory"],"relics":["PureWater","Medical Kit","Simple Rune","FossilizedHelix","Ancient Tea Set","BargainBundle","Sozu"],"acts_visited":["Exordium","TheCity"],"potions_floor_usage":[20],"damage_taken":[{"damage":1,"enemies":"Jaw Worm","floor":1,"turns":3},{"damage":0,"enemies":"Small Slimes","floor":5,"turns":2},{"damage":0,"enemies":"Cultist","floor":6,"turns":4},{"damage":18,"enemies":"Lagavulin","floor":7,"turns":5},{"damage":0,"enemies":"2 Fungi Beasts","floor":12,"turns":3},{"damage":0,"enemies":"Exordium Wildlife","floor":13,"turns":3},{"damage":13,"enemies":"The Guardian","floor":16,"turns":7},{"damage":0,"enemies":"Chosen","floor":18,"turns":3},{"damage":20,"enemies":"2 Thieves","floor":19,"turns":4},{"damage":56,"enemies":"Masked Bandits","floor":20,"turns":3}],"seed_played":"2171868940016440414","potions_obtained":[{"floor":6,"key":"LiquidBronze"},{"floor":13,"key":"SteroidPotion"}],"is_trial":false,"path_per_floor":["M","?","?","?","M","M","E","?","T","R","$","M","M","$","R","B",null,"M","M","?"],"character_chosen":"WATCHER","items_purchased":["PathToVictory","Medical Kit","BargainBundle","CultistPotion","PathToVictory"],"campfire_rested":1,"item_purchase_floors":[0,0,11,11,14],"current_hp_per_floor":[71,71,59,59,59,59,41,30,30,51,51,51,51,51,51,38,72,72,52,0,0],"gold":191,"neow_bonus":"","is_daily":false,"chose_seed":false,"campfire_upgraded":1,"win_rate":0.0,"timestamp":1608688269,"path_taken":["M","?","?","?","M","?","E","?","T","R","?","M","M","$","R","BOSS","M","?","?"],"items_purchased_type":["Card","Relic","Relic","Potion","Card"],"build_version":"2020-12-13","purchased_purges":2,"victory":false,"max_hp_per_floor":[72,72,72,72,72,72,72,72,72,72,72,72,72,72,72,72,72,72,72,72,72],"card_choices":[{"not_picked":["Replay:BluntJabs","Halt","EmptyBody"],"picked":"SKIP","floor":1},{"not_picked":["ClearTheMind","FlyingSleeves","SashWhip"],"picked":"SKIP","floor":5},{"not_picked":["ClearTheMind","Sanctity"],"picked":"PathToVictory","floor":6},{"not_picked":["ClearTheMind","EmptyBody"],"picked":"Halt","floor":7},{"not_picked":["Scrawl","Replay:Anticipation"],"picked":"Consecrate","floor":12},{"not_picked":["Meditate","FollowUp"],"picked":"Prostrate","floor":13},{"not_picked":["Scrawl","Judgement"],"picked":"Devotion","floor":16},{"not_picked":["FollowUp+1","WheelKick"],"picked":"MentalFortress","floor":18},{"not_picked":["Adaptation","SignatureMove"],"picked":"PathToVictory","floor":19}],"player_experience":124230,"relics_obtained":[{"floor":7,"key":"FossilizedHelix"},{"floor":9,"key":"Ancient Tea Set"}],"event_choices":[{"damage_healed":0,"gold_gain":0,"player_choice":"Leave","damage_taken":0,"max_hp_gain":0,"max_hp_loss":0,"event_name":"The Cleric","floor":2,"gold_loss":0},{"damage_healed":0,"gold_gain":0,"player_choice":"Success","damage_taken":12,"relics_obtained":["Simple Rune"],"max_hp_gain":0,"max_hp_loss":0,"event_name":"Scrap Ooze","floor":3,"gold_loss":0},{"damage_healed":0,"gold_gain":0,"cards_transformed":["Strike_P"],"player_choice":"Transformed","damage_taken":0,"max_hp_gain":0,"max_hp_loss":0,"event_name":"Transmorgrifier","floor":4,"gold_loss":0,"cards_obtained":["Ragnarok"]},{"damage_healed":0,"gold_gain":75,"player_choice":"Gather Gold","damage_taken":11,"max_hp_gain":0,"max_hp_loss":0,"event_name":"World of Goop","floor":8,"gold_loss":0},{"damage_healed":0,"gold_gain":0,"player_choice":"Fought Bandits","damage_taken":0,"max_hp_gain":0,"max_hp_loss":0,"event_name":"Masked Bandits","floor":20,"gold_loss":0}],"is_beta":false,"boss_relics":[{"not_picked":["Astrolabe","Coffee Dripper"],"picked":"Sozu"}],"items_purged_floors":[0,11],"is_endless":false,"potions_floor_spawned":[6,13,16,18],"killed_by":"Masked Bandits","ascension_level":0}}