{"host":"uuxww4b5od0o4ivw","time":1608712564,"event":{"mods":["BaseMod","Downfall","Minty Spire (QoL Compilation)","StSLib"],"gold_per_floor":[99,110,122,142,142,46,46,46,56,56,69,69,82,82,98,98,98],"floor_reached":16,"playtime":835,"items_purged":[],"score":119,"play_id":"1585bdcf-5c71-4170-9375-4e77b39ee6c3","local_time":"20201222223604","is_ascension_mode":false,"campfire_choices":[{"floor":1,"key":"RECALL"},{"floor":8,"key":"REST"},{"floor":10,"key":"REST"}],"circlet_count":0,"master_deck":["sneckomod:Strike","sneckomod:Strike","sneckomod:Strike","sneckomod:Defend","sneckomod:Defend","sneckomod:Defend","sneckomod:TailWhip","sneckomod:SnekBite","sneckomod:Unknown","sneckomod:Unknown","sneckomod:UnknownX","sneckomod:UnknownVulnerable","sneckomod:UnknownStrike","sneckomod:SoulDraw","sneckomod:UnknownRareAttack","sneckomod:Unknown0Cost","sneckomod:Unknown2Cost","sneckomod:UnknownBlock","sneckomod:UnknownCommonSkill","sneckomod:Unknown1Cost"],"relics":["sneckomod:SneckoSoul","downfall:BrokenWingStatue"],"acts_visited":["Exordium"],"potions_floor_usage":[],"damage_taken":[{"damage":16,"enemies":"Cultist","floor":2,"turns":6},{"damage":8,"enemies":"Small Slimes","floor":3,"turns":3},{"damage":14,"enemies":"Jaw Worm","floor":4,"turns":3},{"damage":0,"enemies":"downfall:FleeingMerchant","floor":6,"turns":4},{"damage":22,"enemies":"Large Slime","floor":9,"turns":7},{"damage":0,"enemies":"2 Fungi Beasts","floor":11,"turns":4},{"damage":6,"enemies":"Exordium Thugs","floor":13,"turns":3},{"damage":52,"enemies":"Large Slime","floor":15,"turns":9},{"damage":45,"enemies":"downfall:Watcher","floor":16,"turns":9}],"seed_played":"-7354916217167505622","potions_obtained":[{"floor":3,"key":"SteroidPotion"},{"floor":9,"key":"FairyPotion"},{"floor":11,"key":"AttackPotion"}],"is_trial":false,"path_per_floor":["R","M","M","M","?","$","T","R","M","R","M","?","M","?","M","B"],"character_chosen":"THE_SNECKO","items_purchased":["sneckomod:Unknown0Cost"],"campfire_rested":2,"item_purchase_floors":[6],"current_hp_per_floor":[99,84,77,67,68,73,73,104,83,105,106,106,101,101,50,5,5],"gold":98,"neow_bonus":"TEN_PERCENT_HP_BONUS","is_daily":false,"chose_seed":false,"campfire_upgraded":0,"win_rate":0.0,"timestamp":1608712564,"path_taken":["R","M","M","M","?","?","T","R","M","R","M","?","M","?","M","BOSS"],"items_purchased_type":["Card"],"build_version":"2020-12-22","purchased_purges":0,"victory":false,"max_hp_per_floor":[99,100,101,102,103,104,104,104,105,105,106,106,107,107,108,108,108],"card_choices":[{"not_picked":["sneckomod:DiceCrush","sneckomod:SoulRoll"],"picked":"sneckomod:UnknownX","floor":2},{"not_picked":["sneckomod:UnknownUncommonPower","sneckomod:SlitherStrike"],"picked":"sneckomod:UnknownVulnerable","floor":3},{"not_picked":["sneckomod:UnknownClassPURPLE","sneckomod:IronFang"],"picked":"sneckomod:UnknownStrike","floor":4},{"not_picked":["sneckomod:SoulRoll","sneckomod:UnknownBlock","sneckomod:SoulDraw"],"picked":"SKIP","floor":6},{"not_picked":["sneckomod:UnknownClassPURPLE","sneckomod:ImprovisedGuard"],"picked":"sneckomod:Unknown2Cost","floor":9},{"not_picked":["sneckomod:QuickMove","sneckomod:UnknownVulnerable"],"picked":"sneckomod:UnknownBlock","floor":11},{"not_picked":["sneckomod:DiceBlock","sneckomod:UnknownClassRED"],"picked":"sneckomod:UnknownCommonSkill","floor":13},{"not_picked":["sneckomod:QuickMove","sneckomod:UnknownStrike"],"picked":"sneckomod:Unknown1Cost","floor":15}],"player_experience":55157,"relics_obtained":[],"event_choices":[],"is_beta":false,"boss_relics":[],"items_purged_floors":[],"is_endless":false,"potions_floor_spawned":[3,9,11,15],"killed_by":"downfall:Watcher","ascension_level":0}}