{"host":"i09pxcjttd31eh4q","time":1608722282,"event":{"mods":["AchievementEnabler","BaseMod","Colored Map","Keyboard Shortcuts","Minty Spire (QoL Compilation)","StSLib","SuperFastMode"],"gold_per_floor":[111,126,76,76,1,1,1,1,55,65,65,75,75,75,75,177,177,188,188,188,188,202,202,222,241,241,141,156,31,31,41,41,141,141,155,174,190,190,203,203,203],"floor_reached":40,"playtime":1050,"items_purged":["Strike_B","Defend_B","Strike_B"],"score":378,"play_id":"d98311c4-f1ae-4214-aab8-fb057986ef79","local_time":"20201223201802","is_ascension_mode":false,"campfire_choices":[{"data":"Apotheosis","floor":6.0,"key":"SMITH"},{"data":"Undo","floor":8.0,"key":"SMITH"},{"floor":13.0,"key":"REST"},{"data":"Capacitor","floor":15.0,"key":"SMITH"},{"floor":23.0,"key":"REST"},{"data":"Coolheaded","floor":30.0,"key":"SMITH"},{"floor":32.0,"key":"REST"}],"circlet_count":0,"master_deck":["Defend_B","Defend_B","Zap+1","Dualcast+1","Apotheosis+1","Undo+1","Capacitor+1","Chaos+1","Meteor Strike","Glacier","Redo","Coolheaded+1","Barrage","Coolheaded"],"relics":["Cracked Core","Boot","StrikeDummy","Philosopher\u0027s Stone","Oddly Smooth Stone","Runic Dome"],"acts_visited":["Exordium","TheCity","TheBeyond"],"potions_floor_usage":[],"damage_taken":[{"damage":1.0,"enemies":"2 Louse","floor":1.0,"turns":3.0},{"damage":7.0,"enemies":"Small Slimes","floor":2.0,"turns":3.0},{"damage":0.0,"enemies":"Jaw Worm","floor":10.0,"turns":3.0},{"damage":0.0,"enemies":"2 Fungi Beasts","floor":12.0,"turns":3.0},{"damage":16.0,"enemies":"The Guardian","floor":16.0,"turns":10.0},{"damage":6.0,"enemies":"Spheric Guardian","floor":18.0,"turns":5.0},{"damage":0.0,"enemies":"Chosen","floor":22.0,"turns":7.0},{"damage":15.0,"enemies":"3 Cultists","floor":24.0,"turns":6.0},{"damage":6.0,"enemies":"Shelled Parasite and Fungi","floor":25.0,"turns":8.0},{"damage":12.0,"enemies":"Snake Plant","floor":28.0,"turns":3.0},{"damage":17.0,"enemies":"Cultist and Chosen","floor":31.0,"turns":7.0},{"damage":34.0,"enemies":"Automaton","floor":33.0,"turns":15.0},{"damage":0,"enemies":"Orb Walker","floor":35,"turns":7},{"damage":41,"enemies":"3 Darklings","floor":36,"turns":7},{"damage":0,"enemies":"Transient","floor":37,"turns":5},{"damage":26,"enemies":"Jaw Worm Horde","floor":39,"turns":5},{"damage":30,"enemies":"Nemesis","floor":40,"turns":7}],"seed_played":"-1371283776788506079","potions_obtained":[{"floor":1.0,"key":"FearPotion"},{"floor":2.0,"key":"PotionOfCapacity"},{"floor":25.0,"key":"Fire Potion"},{"floor":36,"key":"PowerPotion"},{"floor":39,"key":"PotionOfCapacity"}],"is_trial":false,"path_per_floor":["M","M","?","?","$","R","?","R","T","M","?","M","R","?","R","B",null,"M","?","?","?","M","R","M","M","T","$","M","$","R","M","R","B",null,"M","M","M","?","M","E"],"character_chosen":"DEFECT","items_purchased":[],"campfire_rested":3,"item_purchase_floors":[],"current_hp_per_floor":[53,46,46,39,39,39,24,24,24,24,12,12,34,34,34,18,75,69,69,55,55,55,79,64,58,58,58,46,46,46,29,53,19,80,80,39,39,39,13,0,0],"gold":203,"neow_bonus":"RANDOM_COLORLESS_2","is_daily":false,"chose_seed":false,"campfire_upgraded":4,"win_rate":0.0,"timestamp":1608722282,"path_taken":["M","M","?","?","$","R","?","R","T","M","?","M","R","?","R","BOSS","M","?","?","?","M","R","M","?","T","$","M","$","R","M","R","BOSS","M","M","M","?","M","E"],"items_purchased_type":[],"build_version":"2020-12-22","purchased_purges":3,"victory":false,"max_hp_per_floor":[75,75,75,75,75,75,75,75,75,75,75,75,75,75,75,75,75,75,75,80,80,80,80,80,80,80,80,80,80,80,80,80,80,80,80,80,80,80,80,80,80],"card_choices":[{"not_picked":["Thinking Ahead","Chrysalis"],"picked":"Apotheosis","floor":0.0},{"not_picked":["Heatsinks","Beam Cell","Steam"],"picked":"SKIP","floor":1.0},{"not_picked":["Steam","Stack"],"picked":"Undo","floor":2.0},{"not_picked":["Compile Driver","Streamline"],"picked":"Capacitor","floor":10.0},{"not_picked":["Sweeping Beam","Self Repair"],"picked":"Chaos","floor":12.0},{"not_picked":["Hyperbeam","Rainbow"],"picked":"Meteor Strike","floor":16.0},{"not_picked":["Static Discharge+1","Hologram+1"],"picked":"Glacier","floor":18.0},{"not_picked":["Skim","Rip and Tear","Ball Lightning"],"picked":"SKIP","floor":22.0},{"not_picked":["Hologram","Compile Driver"],"picked":"Redo","floor":24.0},{"not_picked":["Blizzard","Cold Snap"],"picked":"Coolheaded","floor":25.0},{"not_picked":["Cold Snap","Loop","Glacier+1"],"picked":"SKIP","floor":28.0},{"not_picked":["Conserve Battery+1","Steam","Rebound+1"],"picked":"SKIP","floor":31.0},{"not_picked":["Hologram+1","Static Discharge+1"],"picked":"Barrage","floor":35},{"not_picked":["Go for the Eyes","Undo+1"],"picked":"Coolheaded","floor":36},{"not_picked":["Leap+1","Stack+1","Cold Snap+1"],"picked":"SKIP","floor":37},{"not_picked":["Scrape+1","Turbo","Ball Lightning"],"picked":"SKIP","floor":39}],"player_experience":761827,"relics_obtained":[{"floor":9.0,"key":"Boot"},{"floor":26.0,"key":"Oddly Smooth Stone"}],"event_choices":[{"cards_removed":["Strike_B"],"damage_healed":0.0,"max_hp_gain":0.0,"max_hp_loss":0.0,"gold_gain":0.0,"event_name":"The Cleric","player_choice":"Card Removal","floor":3.0,"gold_loss":50.0,"damage_taken":0.0},{"cards_removed":["Defend_B"],"damage_healed":0.0,"max_hp_gain":0.0,"max_hp_loss":0.0,"gold_gain":0.0,"event_name":"Golden Wing","player_choice":"Card Removal","floor":4.0,"gold_loss":0.0,"damage_taken":7.0},{"damage_healed":0.0,"max_hp_gain":0.0,"max_hp_loss":0.0,"gold_gain":0.0,"event_name":"Shining Light","player_choice":"Entered Light","floor":7.0,"gold_loss":0.0,"damage_taken":15.0,"cards_upgraded":["Zap","Dualcast"]},{"damage_healed":0.0,"max_hp_gain":0.0,"max_hp_loss":0.0,"gold_gain":0.0,"event_name":"Scrap Ooze","player_choice":"Success","floor":11.0,"gold_loss":0.0,"damage_taken":12.0,"relics_obtained":["StrikeDummy"]},{"damage_healed":0.0,"max_hp_gain":0.0,"max_hp_loss":0.0,"gold_gain":0.0,"event_name":"Liars Game","player_choice":"Ignored","floor":14.0,"gold_loss":0.0,"damage_taken":0.0},{"cards_removed":["Strike_B"],"damage_healed":0.0,"max_hp_gain":0.0,"max_hp_loss":0.0,"gold_gain":0.0,"event_name":"Back to Basics","player_choice":"Elegance","floor":19.0,"gold_loss":0.0,"damage_taken":0.0},{"damage_healed":0.0,"max_hp_gain":5.0,"max_hp_loss":0.0,"gold_gain":0.0,"event_name":"Forgotten Altar","player_choice":"Shed Blood","floor":20.0,"gold_loss":0.0,"damage_taken":19.0},{"damage_healed":0.0,"max_hp_gain":0.0,"max_hp_loss":0.0,"gold_gain":0.0,"event_name":"Upgrade Shrine","player_choice":"Upgraded","floor":21.0,"gold_loss":0.0,"damage_taken":0.0,"cards_upgraded":["Chaos"]},{"damage_healed":0,"gold_gain":0,"player_choice":"Ignored","damage_taken":0,"max_hp_gain":0,"max_hp_loss":0,"event_name":"Tomb of Lord Red Mask","floor":38,"gold_loss":0}],"is_beta":false,"boss_relics":[{"not_picked":["Black Star","Tiny House"],"picked":"Philosopher\u0027s Stone"},{"not_picked":["Snecko Eye","Calling Bell"],"picked":"Runic Dome"}],"items_purged_floors":[5,27,29],"is_endless":false,"potions_floor_spawned":[1,2,25,28,31,36,39],"killed_by":"Nemesis","ascension_level":0}}