{"host":"k6v1xkuzrj71f4ss","time":1608693409,"event":{"mods":["Act Like it!","BaseMod","Bestiary","Better Altar","Better Third Choice","BetterRewards","Block Reminder","Colored Map","Colored Powertips","Curses Come First","Hubris","Minty Spire (QoL Compilation)","Quick Restart","Relic Stats","Remove Card Discount Mod","Spicy Shops","StSLib","óô»ðÖ¸ÄÏ"],"gold_per_floor":[119,4422,4422,4434,4451,4484,4512,4512,4557,4557,4190,4224,4224,4256,4256,4352,4352,4363,4363,4389,4415,4365,4400,4434,4462,4462,4462,4462,4494,4494,4521,4521,4618,4618,4628,4646,4659,4659,4066,4091,4117,4117,4166,4166,4199,4229,4254,4289,4289,4289],"floor_reached":51,"playtime":6224,"items_purged":["Strike_R","Strike_R","Defend_R","Strike_R","Defend_R","Regret","Strike_R","Strike_R","Defend_R"],"score":1465,"play_id":"21515d91-6cac-4cba-a4ae-fe983d69ecc0","local_time":"20201223111649","daily_mods":["Green Cards","Heirloom","Flight","DeadlyEvents"],"is_ascension_mode":true,"campfire_choices":[{"data":"Dual Wield","floor":8.0,"key":"SMITH"},{"floor":15.0,"key":"REST"},{"data":"Dramatic Entrance","floor":27.0,"key":"SMITH"},{"data":"Venomology","floor":28.0,"key":"SMITH"},{"data":"Iron Wave","floor":30.0,"key":"SMITH"},{"data":"Dash","floor":32.0,"key":"SMITH"},{"data":"Burst","floor":42.0,"key":"SMITH"},{"data":"Heavy Blade","floor":44.0,"key":"SMITH"},{"data":"Envenom","floor":49.0,"key":"SMITH"}],"circlet_count":0,"master_deck":["Defend_R","Bash","Iron Wave+1","Slice","Dual Wield+1","Flex","Iron Wave","Blood for Blood","Blur","Heavy Blade+1","Finisher","Venomology+1","Heavy Blade+1","Dramatic Entrance+1","Terror+1","Slice","Power Through","Slice","Thunderclap","Carnage","Dash+1","Burst+1","Outmaneuver+1","Pommel Strike+1","hubris:Counter+1","Riddle With Holes+1","Envenom+1","Anger+1"],"relics":["Burning Blood","Ice Cream","Strawberry","Frozen Eye","Mummified Hand","Dream Catcher","Centennial Puzzle","Lantern","hubris:ChampionShield","Blood Vial","Sling","Bag of Preparation","hubris:Metronome","Incense Burner","SlaversCollar","Mercury Hourglass","hubris:MysteriousPyramids","hubris:ToyBattleship","Red Skull","Oddly Smooth Stone","hubris:Potato","Smiling Mask","hubris:DeckOfHolding","Coffee Dripper","Molten Egg 2","hubris:Spice","Pen Nib","hubris:SphereOfDissonance","Gambling Chip","hubris:64BitClover"],"acts_visited":["Exordium","TheCity","TheBeyond"],"potions_floor_usage":[50,50,50,50,50],"damage_taken":[{"damage":7.0,"enemies":"Small Slimes","floor":1.0,"turns":3.0},{"damage":0.0,"enemies":"2 Louse","floor":4.0,"turns":2.0},{"damage":0.0,"enemies":"Cultist","floor":5.0,"turns":3.0},{"damage":45.0,"enemies":"3 Sentries","floor":6.0,"turns":10.0},{"damage":10.0,"enemies":"Lagavulin","floor":7.0,"turns":4.0},{"damage":10.0,"enemies":"Gremlin Nob","floor":12.0,"turns":3.0},{"damage":16.0,"enemies":"3 Sentries","floor":14.0,"turns":5.0},{"damage":28.0,"enemies":"Hexaghost","floor":16.0,"turns":7.0},{"damage":14.0,"enemies":"Shell Parasite","floor":18.0,"turns":2.0},{"damage":0.0,"enemies":"Book of Stabbing","floor":20.0,"turns":2.0},{"damage":0.0,"enemies":"Slavers","floor":21.0,"turns":1.0},{"damage":11.0,"enemies":"Book of Stabbing","floor":23.0,"turns":2.0},{"damage":0.0,"enemies":"Slavers","floor":24.0,"turns":2.0},{"damage":0.0,"enemies":"Book of Stabbing","floor":25.0,"turns":1.0},{"damage":0.0,"enemies":"Slavers","floor":29.0,"turns":1.0},{"damage":2.0,"enemies":"Book of Stabbing","floor":31.0,"turns":2.0},{"damage":38.0,"enemies":"Automaton","floor":33.0,"turns":8.0},{"damage":0.0,"enemies":"3 Shapes","floor":35.0,"turns":1.0},{"damage":0.0,"enemies":"Orb Walker","floor":36.0,"turns":2.0},{"damage":1.0,"enemies":"Transient","floor":37.0,"turns":5.0},{"damage":13.0,"enemies":"Giant Head","floor":40.0,"turns":4.0},{"damage":7.0,"enemies":"Nemesis","floor":41.0,"turns":3.0},{"damage":0.0,"enemies":"Reptomancer","floor":45.0,"turns":1.0},{"damage":0.0,"enemies":"Nemesis","floor":46.0,"turns":1.0},{"damage":0.0,"enemies":"Giant Head","floor":47.0,"turns":2.0},{"damage":0.0,"enemies":"Reptomancer","floor":48.0,"turns":1.0},{"damage":4,"enemies":"Donu and Deca","floor":50,"turns":2}],"seed_played":"-2893560822927085187","potions_obtained":[{"floor":5.0,"key":"DuplicationPotion"},{"floor":6.0,"key":"SpeedPotion"},{"floor":12.0,"key":"AttackPotion"},{"floor":18.0,"key":"Explosive Potion"},{"floor":20.0,"key":"LiquidMemories"},{"floor":25.0,"key":"Dexterity Potion"},{"floor":31.0,"key":"Block Potion"}],"is_trial":true,"path_per_floor":["M","$","?","M","M","E","E","R","T","?","$","E","?","E","R","B",null,"M","?","E","E","?","E","E","E","T","R","R","E","R","E","R","B",null,"M","M","M","?","$","E","E","R","T","R","E","E","E","E","R","B",null],"character_chosen":"IRONCLAD","items_purchased":["Slice","Dagger Throw","Strawberry","Frozen Eye","Mummified Hand","Blood Vial","Regen Potion","Sling","Molten Egg 2","hubris:Spice","Pommel Strike+1"],"campfire_rested":1,"item_purchase_floors":[2,2,2,2,2,11,11,11,39,39,39],"current_hp_per_floor":[79,86,86,87,87,48,44,44,44,32,32,39,39,31,57,37,87,79,79,87,87,87,82,87,87,87,87,87,87,87,87,87,55,87,87,87,87,87,95,103,102,102,95,95,87,87,87,87,87,87],"gold":4289,"neow_bonus":"","is_daily":false,"chose_seed":false,"campfire_upgraded":8,"win_rate":0.0,"timestamp":1608693409,"path_taken":["M","$","?","M","M","E","E","R","T","?","$","E","?","E","R","BOSS","M","?","?","?","?","E","E","E","T","R","R","E","R","E","R","BOSS","M","?","M","?","?","E","E","R","T","R","E","?","E","E","R","BOSS"],"items_purchased_type":["Card","Card","Relic","Relic","Relic","Relic","Potion","Relic","Relic","Relic","Card"],"build_version":"2020-12-13","purchased_purges":9,"victory":true,"max_hp_per_floor":[80,87,87,87,87,87,87,87,87,87,87,87,87,87,87,87,87,87,87,87,87,87,87,87,87,87,87,87,87,87,87,87,87,87,87,87,87,87,95,103,103,103,95,95,87,87,87,87,87,87],"relic_stats":{"Blood Vial":10,"Dream Catcher":1,"Centennial Puzzle":[33],"counters":[27,79],"Mummified Hand":[1],"Gambling Chip":[2],"Pen Nib":[3],"Bag of Preparation":[42],"Smiling Mask":-192,"obtain_stats":[{"Ice Cream":0,"Lantern":9,"hubris:Metronome":13,"Bag of Preparation":12,"Incense Burner":14,"hubris:MysteriousPyramids":21,"Sling":11,"Smiling Mask":29,"Burning Blood":0,"Blood Vial":11,"Frozen Eye":2,"Dream Catcher":6,"Centennial Puzzle":7,"Mummified Hand":2,"Strawberry":2,"Gambling Chip":47,"hubris:DeckOfHolding":31,"hubris:ChampionShield":10,"Red Skull":24,"hubris:64BitClover":48,"Oddly Smooth Stone":25,"hubris:SphereOfDissonance":46,"Pen Nib":41,"Mercury Hourglass":20,"SlaversCollar":17,"hubris:Spice":39,"Molten Egg 2":39,"hubris:ToyBattleship":23,"Coffee Dripper":34,"hubris:Potato":26},{"Ice Cream":0,"Lantern":5,"hubris:Metronome":6,"Bag of Preparation":6,"Incense Burner":7,"hubris:MysteriousPyramids":11,"Sling":5,"Smiling Mask":15,"Burning Blood":0,"Blood Vial":5,"Frozen Eye":1,"Dream Catcher":4,"Centennial Puzzle":5,"Mummified Hand":1,"Strawberry":1,"Gambling Chip":25,"hubris:DeckOfHolding":16,"hubris:ChampionShield":5,"Red Skull":13,"hubris:64BitClover":26,"Oddly Smooth Stone":14,"hubris:SphereOfDissonance":24,"Pen Nib":22,"Mercury Hourglass":10,"SlaversCollar":8,"hubris:Spice":20,"Molten Egg 2":20,"hubris:ToyBattleship":12,"Coffee Dripper":17,"hubris:Potato":14},{"Ice Cream":0,"Lantern":22,"hubris:Metronome":25,"Bag of Preparation":25,"Incense Burner":30,"hubris:MysteriousPyramids":42,"Sling":22,"Smiling Mask":47,"Burning Blood":0,"Blood Vial":22,"Frozen Eye":3,"Dream Catcher":18,"Centennial Puzzle":22,"Mummified Hand":3,"Strawberry":3,"Gambling Chip":76,"hubris:DeckOfHolding":49,"hubris:ChampionShield":22,"Red Skull":45,"hubris:64BitClover":77,"Oddly Smooth Stone":46,"hubris:SphereOfDissonance":74,"Pen Nib":72,"Mercury Hourglass":41,"SlaversCollar":37,"hubris:Spice":65,"Molten Egg 2":65,"hubris:ToyBattleship":43,"Coffee Dripper":57,"hubris:Potato":46}],"Burning Blood":81,"Mercury Hourglass":[163]},"card_choices":[{"not_picked":["PiercingWail","Quick Slash"],"picked":"Iron Wave","floor":1.0},{"not_picked":["Quick Slash","Bane"],"picked":"Dual Wield","floor":4.0},{"not_picked":["Corpse Explosion","Deadly Poison"],"picked":"Flex","floor":5.0},{"not_picked":["Blade Dance","Dodge and Roll"],"picked":"Iron Wave","floor":6.0},{"not_picked":["Setup","hubris:TrickCloak"],"picked":"Blood for Blood","floor":7.0},{"not_picked":["Thunderclap","Calculated Gamble"],"picked":"Blur","floor":12.0},{"not_picked":["Reckless Charge","Quick Slash"],"picked":"Heavy Blade","floor":14.0},{"not_picked":["Clothesline","True Grit"],"picked":"Finisher","floor":15.0},{"not_picked":["Fiend Fire","Die Die Die"],"picked":"Venomology","floor":16.0},{"not_picked":["Riddle With Holes","PiercingWail"],"picked":"Heavy Blade+1","floor":18.0},{"not_picked":["Quick Slash+1","Body Slam"],"picked":"Terror+1","floor":20.0},{"not_picked":["Heavy Blade","Dodge and Roll"],"picked":"Slice","floor":21.0},{"not_picked":["Thunderclap","Poisoned Stab"],"picked":"Power Through","floor":23.0},{"not_picked":["Flechettes","Battle Trance"],"picked":"Slice","floor":24.0},{"not_picked":["Heel Hook","Rampage"],"picked":"Thunderclap","floor":25.0},{"not_picked":["hubris:ReadiedAction","Anger"],"picked":"Carnage","floor":29.0},{"not_picked":["Offering","Deadly Poison"],"picked":"Dash","floor":31.0},{"not_picked":["Unload","Bludgeon"],"picked":"Burst","floor":33.0},{"not_picked":["Outmaneuver","Wild Strike","Headbutt"],"picked":"SKIP","floor":35.0},{"not_picked":["Finisher","Perfected Strike+1"],"picked":"Outmaneuver+1","floor":36.0},{"not_picked":["Deflect+1","Cleave+1","Clothesline"],"picked":"SKIP","floor":37.0},{"not_picked":["Quick Slash+1","Cloak And Dagger"],"picked":"hubris:Counter+1","floor":40.0},{"not_picked":["Corruption","Havoc+1","Poisoned Stab+1"],"picked":"SKIP","floor":41.0},{"not_picked":["PiercingWail+1","Tactician"],"picked":"Riddle With Holes+1","floor":45.0},{"not_picked":["Perfected Strike+1","Prepared+1"],"picked":"Envenom","floor":46.0},{"not_picked":["Body Slam+1","Masterful Stab+1","Caltrops+1"],"picked":"SKIP","floor":47.0},{"not_picked":["hubris:SpiceAddiction","Outmaneuver+1"],"picked":"Anger+1","floor":48.0}],"player_experience":205043,"relics_obtained":[{"floor":6.0,"key":"Dream Catcher"},{"floor":7.0,"key":"Centennial Puzzle"},{"floor":9.0,"key":"Lantern"},{"floor":12.0,"key":"Bag of Preparation"},{"floor":14.0,"key":"Incense Burner"},{"floor":20.0,"key":"Mercury Hourglass"},{"floor":21.0,"key":"hubris:MysteriousPyramids"},{"floor":23.0,"key":"hubris:ToyBattleship"},{"floor":24.0,"key":"Red Skull"},{"floor":25.0,"key":"Oddly Smooth Stone"},{"floor":26.0,"key":"hubris:Potato"},{"floor":29.0,"key":"Smiling Mask"},{"floor":31.0,"key":"hubris:DeckOfHolding"},{"floor":40.0,"key":"hubris:Spice"},{"floor":41.0,"key":"Pen Nib"},{"floor":43.0,"key":"hubris:Spice"},{"floor":45.0,"key":"hubris:Spice"},{"floor":46.0,"key":"hubris:SphereOfDissonance"},{"floor":47.0,"key":"Gambling Chip"},{"floor":48.0,"key":"hubris:64BitClover"}],"event_choices":[{"damage_healed":0.0,"max_hp_gain":0.0,"max_hp_loss":0.0,"gold_gain":0.0,"event_name":"The Cleric","player_choice":"Leave","floor":3.0,"gold_loss":0.0,"damage_taken":0.0},{"damage_healed":0.0,"max_hp_gain":0.0,"max_hp_loss":0.0,"gold_gain":0.0,"event_name":"betterThird:BetterScrap","player_choice":"Relic ","floor":10.0,"gold_loss":0.0,"damage_taken":12.0,"cards_obtained":["CarveReality"]},{"damage_healed":0.0,"max_hp_gain":0.0,"max_hp_loss":0.0,"gold_gain":0.0,"event_name":"Big Fish","player_choice":"Box","floor":13.0,"gold_loss":0.0,"damage_taken":0.0,"relics_obtained":["hubris:Metronome"],"cards_obtained":["Regret"]},{"damage_healed":0.0,"max_hp_gain":0.0,"max_hp_loss":0.0,"gold_gain":0.0,"event_name":"Match and Keep!","player_choice":"1 cards matched","floor":19.0,"gold_loss":0.0,"damage_taken":0.0,"cards_obtained":["Dramatic Entrance"]},{"damage_healed":0.0,"max_hp_gain":0.0,"max_hp_loss":0.0,"gold_gain":0.0,"event_name":"The Joust","player_choice":"Bet on Murderer","floor":22.0,"gold_loss":50.0,"damage_taken":0.0},{"cards_removed":["Dagger Throw"],"damage_healed":0.0,"max_hp_gain":0.0,"max_hp_loss":0.0,"gold_gain":0.0,"event_name":"Falling","player_choice":"Removed Attack","floor":38.0,"gold_loss":0.0,"damage_taken":0.0}],"is_beta":false,"boss_relics":[{"not_picked":["Sozu","hubris:BlackHole"],"picked":"SlaversCollar"},{"not_picked":["Black Blood","Empty Cage"],"picked":"Coffee Dripper"}],"items_purged_floors":[2,2,2,2,2,39,39,39,39],"is_endless":false,"potions_floor_spawned":[5,6,12,18,20,24,25,31,36,40,45,47,48],"ascension_level":4}}