{"host":"474oh00kq6ni8dn3","time":1608726849,"event":{"mods":["AchievementEnabler","Aspiration","BaseMod","Colored Map","Colored Powertips","Conspire","Custom Start","Downfall","Googly Eyes","Hubris","Infinite Spire","Minty Spire (QoL Compilation)","Permanent Neow","Quick Restart","Replay The Spire","Shop Mod","StSLib","The Construct","The Jungle"],"gold_per_floor":[99,115,115,131,70,80,103,130,149,159,187,187,222,19,32,128,128,128,142,142,199,258,258,258,311,367,395,452,178,178,231,284,429,429,429,489,56,75,75,75,75,135,135,194,245,245,264,276,294,294],"floor_reached":51,"playtime":4238,"items_purged":["Slimebound:Tackle","Slimebound:Defend_Slimebound"],"score":789,"play_id":"baa371f7-d535-4b79-b133-0b392ff460cb","local_time":"20201223123409","is_ascension_mode":false,"campfire_choices":[{"data":"Slimebound:CorrosiveSpit","floor":1,"key":"SMITH"},{"data":"Slimebound:SlimeBrawl","floor":12,"key":"SMITH"},{"data":"Slimebound:Strike_Slimebound","floor":18,"key":"PURGE"},{"data":"Slimebound:SlimeBarrage","floor":23,"key":"SMITH"},{"data":"Slimebound:SlimeBarrage","floor":30,"key":"SMITH"},{"data":"Slimebound:MinionMaster","floor":35,"key":"SMITH"},{"data":"Slimebound:OozeBath","floor":40,"key":"SMITH"},{"data":"Slimebound:SamplingLick","floor":43,"key":"SMITH"},{"data":"Slimebound:SamplingLick","floor":46,"key":"SMITH"}],"circlet_count":0,"master_deck":["Slimebound:Strike_Slimebound","Slimebound:Strike_Slimebound","Slimebound:Defend_Slimebound","Slimebound:Defend_Slimebound","Slimebound:Defend_Slimebound","Slimebound:Split+1","Slimebound:CorrosiveSpit+1","Slimebound:SplitBruiser","Slimebound:SplitMire","Slimebound:SamplingLick+1","Slimebound:SplitMire","Slimebound:LeechingTouch","Slimebound:Repurpose","Slimebound:GoopSpray","Slimebound:SlimeBrawl+1","Slimebound:SlimeBarrage+1","Slimebound:SlimeSpikes","Slimebound:MegaLick+1","Slimebound:SlimeBarrage+1","Slimebound:SlimeSpikes","Slimebound:LeechEnergy","Slimebound:OozeBath","Slimebound:SlimeSpikes+1","Slimebound:LeechingTouch","Slimebound:SamplingLick+1","Slimebound:SplitMire","Slimebound:LeechingTouch","Slimebound:SplitMire","Slimebound:LeechEnergy","Slimebound:SamplingLick+1","Slimebound:SamplingLick","Slimebound:LeechingTouch+1","Slimebound:MinionMaster+1","Parasite","hubris:Lust","infinitespire:Pacifist","Slimebound:LevelUp+1","Slimebound:RejuvenatingLick+1","Slimebound:OozeBath+1","Slimebound:SlimeSpikes","Slimebound:SlimeSpikes+1","Slimebound:SamplingLick+1","Slimebound:SlimeBrawl"],"relics":["Slimebound:AbsorbEndCombat","Bird Faced Urn","Dream Catcher","Replay:Wax Seal","Snack Pack","infinitespire:PuzzleCube","hubris:Backtick","hubris:CrystalStatue","downfall:KnowingSkull","conspire:InfiniteJournal","Centennial Puzzle","infinitespire:Beetle Shell","Replay:Ancient Bell","Replay:Baseball","aspiration:FrozenJewel","hubris:Potato","Pondfish Scales","infinitespire:Satchel","Pantograph"],"acts_visited":["Exordium","TheCity","TheBeyond"],"potions_floor_usage":[11,25,33,50,50,50,50,50],"damage_taken":[{"damage":6,"enemies":"2 Louse","floor":2,"turns":3},{"damage":16,"enemies":"Cultist","floor":4,"turns":3},{"damage":21,"enemies":"downfall:FleeingMerchant","floor":5,"turns":4},{"damage":8,"enemies":"Small Slimes","floor":6,"turns":3},{"damage":20,"enemies":"Gremlin Gang","floor":9,"turns":4},{"damage":25,"enemies":"2 Fungi Beasts","floor":10,"turns":3},{"damage":11,"enemies":"Gremlin Nob","floor":11,"turns":3},{"damage":24,"enemies":"Lagavulin","floor":13,"turns":4},{"damage":17,"enemies":"downfall:FleeingMerchant","floor":14,"turns":4},{"damage":20,"enemies":"Large Slime","floor":15,"turns":4},{"damage":46,"enemies":"downfall:Watcher","floor":16,"turns":8},{"damage":20,"enemies":"conspire:FuzzyDice","floor":19,"turns":6},{"damage":22,"enemies":"Shell Parasite","floor":21,"turns":3},{"damage":11,"enemies":"Chosen and Byrds","floor":22,"turns":4},{"damage":19,"enemies":"Sentry and Sphere","floor":25,"turns":3},{"damage":34,"enemies":"Centurion and Healer","floor":26,"turns":5},{"damage":47,"enemies":"Book of Stabbing","floor":27,"turns":6},{"damage":26,"enemies":"conspire:HollyBat","floor":28,"turns":7},{"damage":19,"enemies":"downfall:FleeingMerchant","floor":29,"turns":4},{"damage":35,"enemies":"3 Cultists","floor":31,"turns":3},{"damage":23,"enemies":"Centurion and Healer","floor":32,"turns":3},{"damage":31,"enemies":"downfall:Defect","floor":33,"turns":6},{"damage":0,"enemies":"3 Shapes","floor":36,"turns":4},{"damage":23,"enemies":"downfall:FleeingMerchant","floor":37,"turns":4},{"damage":4,"enemies":"3 Darklings","floor":38,"turns":5},{"damage":5,"enemies":"Maw","floor":42,"turns":6},{"damage":25,"enemies":"Writhing Mass","floor":44,"turns":7},{"damage":1,"enemies":"3 Darklings","floor":45,"turns":5},{"damage":22,"enemies":"Transient","floor":47,"turns":5},{"damage":0,"enemies":"Maw","floor":48,"turns":5},{"damage":2,"enemies":"4 Shapes","floor":49,"turns":6},{"damage":2,"enemies":"downfall:Silent","floor":50,"turns":9}],"seed_played":"-7275864115971372445","potions_obtained":[{"floor":6,"key":"FearPotion"},{"floor":10,"key":"Slimebound:SlimedPotion"},{"floor":15,"key":"Dexterity Potion"},{"floor":16,"key":"DistilledChaos"},{"floor":25,"key":"BlessingOfTheForge"},{"floor":28,"key":"EntropicBrew"},{"floor":32,"key":"hexamod:EctoCoolerPotion"},{"floor":33,"key":"Strength Potion"},{"floor":44,"key":"Death Potion"}],"is_trial":false,"path_per_floor":["R","M","?","M","$","M","T","T","M","M","E","R","E","$","M","B",null,"R_BF","M","?","M","M","R","T","M","M","E","M","$","R","M","M","B",null,"R","M","$","M","AVR","R","T","M","R","M","M","R","M","M","M","B",null],"character_chosen":"SLIMEBOUND","items_purchased":["Slimebound:SplitMire","Slimebound:MegaLick+1","Slimebound:SlimeBarrage","Slimebound:SlimeSpikes","Slimebound:LeechEnergy","infinitespire:Beetle Shell","Slimebound:SamplingLick","Slimebound:OozeBath","Pondfish Scales"],"campfire_rested":0,"item_purchase_floors":[5,14,14,14,29,29,29,37,37],"current_hp_per_floor":[42,48,48,48,59,60,60,60,60,55,60,60,56,60,60,52,60,60,60,54,60,60,60,60,60,60,44,52,60,60,52,60,60,60,60,60,57,60,60,60,60,60,60,49,60,60,60,60,60,60],"gold":294,"neow_bonus":"ONE_RARE_RELIC","is_daily":false,"chose_seed":false,"campfire_upgraded":8,"win_rate":0.0,"timestamp":1608726849,"path_taken":["R","M","?","?","$","M","T","?","?","M","E","R","E","$","M","BOSS","R_BF","M","?","M","M","R","T","M","M","E","M","$","R","M","M","BOSS","R","M","$","M","AVR","R","T","M","R","?","M","R","?","M","M","BOSS"],"items_purchased_type":["Card","Card","Card","Card","Card","Relic","Card","Card","Relic"],"build_version":"2020-12-22","purchased_purges":2,"victory":true,"max_hp_per_floor":[60,60,60,60,60,60,60,60,60,60,60,60,60,60,60,60,60,60,60,60,60,60,60,60,60,60,60,60,60,60,60,60,60,60,60,60,60,60,60,60,60,60,60,60,60,60,60,60,60,60],"card_choices":[{"not_picked":["Slimebound:SplitAcid","Slimebound:Schlurp"],"picked":"Slimebound:SplitBruiser","floor":2},{"not_picked":["Slimebound:SplitBruiser","Slimebound:Schlurp"],"picked":"Slimebound:SplitMire","floor":4},{"not_picked":["Slimebound:PrepareCrush","Slimebound:Nibble"],"picked":"Slimebound:SamplingLick","floor":5},{"not_picked":["Slimebound:ViciousTackle","Slimebound:GrowthPunch"],"picked":"Slimebound:LeechingTouch","floor":6},{"not_picked":["Slimebound:PressTheAttack","Slimebound:ViciousTackle"],"picked":"Slimebound:Repurpose","floor":9},{"not_picked":["Slimebound:Chomp","Slimebound:MegaLick"],"picked":"Slimebound:GoopSpray","floor":10},{"not_picked":["Slimebound:SplitAcid","Slimebound:RollThrough"],"picked":"Slimebound:SlimeBrawl","floor":11},{"not_picked":["Slimebound:DouseInSlime","Slimebound:PressTheAttack"],"picked":"Slimebound:SlimeBarrage","floor":13},{"not_picked":["Slimebound:RejuvenatingLick","Slimebound:RollThrough"],"picked":"Slimebound:SlimeSpikes","floor":14},{"not_picked":["Slimebound:Grow","Slimebound:SplitMire"],"picked":"Slimebound:LeechEnergy","floor":15},{"not_picked":["Slimebound:LeechLife","Slimebound:OneTwoCombo"],"picked":"Slimebound:OozeBath","floor":16},{"not_picked":["Slimebound:Repurpose","Slimebound:ItLooksTasty+1"],"picked":"Slimebound:SlimeSpikes+1","floor":19},{"not_picked":["Slimebound:LeechEnergy+1","Slimebound:GrowthPunch"],"picked":"Slimebound:LeechingTouch","floor":21},{"not_picked":["Slimebound:GoopSpray","Slimebound:ViciousTackle+1","Slimebound:BestDefense"],"picked":"SKIP","floor":22},{"not_picked":["Slimebound:ItLooksTasty","Slimebound:SplitBruiser+1"],"picked":"Slimebound:SamplingLick+1","floor":25},{"not_picked":["Slimebound:SamplingLick","Slimebound:Replication+1","Slimebound:DisruptingSlam"],"picked":"SKIP","floor":26},{"not_picked":["Slimebound:Prepare+1","Slimebound:WasteNot"],"picked":"Slimebound:SplitMire","floor":27},{"not_picked":["Slimebound:Schlurp","Slimebound:GrowthPunch"],"picked":"Slimebound:LeechingTouch","floor":28},{"not_picked":["Slimebound:SplitLeeching","Slimebound:SplitBruiser+1"],"picked":"Slimebound:SplitMire","floor":29},{"not_picked":["Slimebound:Chomp+1","Slimebound:SamplingLick","Slimebound:SplitBruiser+1"],"picked":"SKIP","floor":31},{"not_picked":["Slimebound:Chomp+1","Slimebound:SplitBruiser+1"],"picked":"Slimebound:SamplingLick","floor":31},{"not_picked":["Slimebound:DisruptingSlam","Slimebound:SamplingLick+1"],"picked":"Slimebound:LeechingTouch+1","floor":32},{"not_picked":["Slimebound:Teamwork","Slimebound:WasteNot"],"picked":"Slimebound:MinionMaster","floor":33},{"not_picked":["ReplayTheSpireMod:Restless Dread","conspire:Blindness"],"picked":"Parasite","floor":34},{"not_picked":["hexamod:Haunted","ReplayTheSpireMod:Doomed"],"picked":"hubris:Lust","floor":34},{"not_picked":["ReplayTheSpireMod:Faulty Equipment","ReplayTheSpireMod:Splinters"],"picked":"infinitespire:Pacifist","floor":34},{"not_picked":["Slimebound:ComboTackle","Slimebound:Schlurp"],"picked":"Slimebound:LevelUp+1","floor":36},{"not_picked":["Slimebound:PressTheAttack","Slimebound:ViciousTackle"],"picked":"Slimebound:RejuvenatingLick+1","floor":37},{"not_picked":["Slimebound:GoopSpray+1","Slimebound:DouseInSlime","Slimebound:LeechEnergy"],"picked":"SKIP","floor":38},{"not_picked":["Slimebound:SplitBruiser","Slimebound:BestDefense"],"picked":"Slimebound:SlimeSpikes","floor":42},{"not_picked":["Slimebound:Dissolve","Slimebound:GrowthPunch"],"picked":"Slimebound:SlimeSpikes+1","floor":44},{"not_picked":["Slimebound:GoopSpray+1","Slimebound:SplitMire"],"picked":"Slimebound:SamplingLick+1","floor":45},{"not_picked":["Slimebound:FinishingTackle+1","Slimebound:SplitBruiser"],"picked":"Slimebound:SlimeBrawl","floor":47},{"not_picked":["Slimebound:SamplingLick","Slimebound:SplitLeeching","Slimebound:LivingWall+1"],"picked":"SKIP","floor":48},{"not_picked":["Slimebound:ComboTackle+1","Slimebound:SamplingLick","Slimebound:RollThrough"],"picked":"SKIP","floor":49}],"player_experience":19879,"relics_obtained":[{"floor":7,"key":"Dream Catcher"},{"floor":8,"key":"Replay:Wax Seal"},{"floor":11,"key":"Snack Pack"},{"floor":13,"key":"infinitespire:PuzzleCube"},{"floor":24,"key":"conspire:InfiniteJournal"},{"floor":27,"key":"Centennial Puzzle"},{"floor":41,"key":"Pantograph"}],"event_choices":[{"damage_healed":0,"gold_gain":0,"player_choice":"Upgraded","damage_taken":0,"max_hp_gain":0,"max_hp_loss":0,"event_name":"Upgrade Shrine","floor":3,"gold_loss":0,"cards_upgraded":["Slimebound:Split"]}],"is_beta":false,"boss_relics":[{"not_picked":["ReplayTheSpireMod:DimensionalGlitch","Slimebound:AbsorbEndCombatUpgraded"],"picked":"hubris:Backtick"},{"not_picked":["aspiration:DefectSkillbook","Empty Cage"],"picked":"Replay:Ancient Bell"},{"not_picked":["Blue Doll","Orichalcum"],"picked":"Replay:Baseball"},{"not_picked":["Mercury Hourglass","conspire:Flyswatter"],"picked":"aspiration:FrozenJewel"},{"not_picked":["Gambling Chip","hubris:AstralHammer"],"picked":"hubris:Potato"}],"items_purged_floors":[29,39],"is_endless":false,"potions_floor_spawned":[6,10,15,16,25,28,32,33,38,44,48,49],"ascension_level":0}}