{"host":"28p8ce41sjwa6lzf","time":1608737858,"event":{"mods":["BaseMod","Colored Map","Colored Powertips","Highlight Path","Minty Spire (QoL Compilation)","Permanent Neow","Quick Restart","Random Character Button","Rare Cards Sparkle","Relic Stats","StSLib","Unceasing Turn Reminder"],"gold_per_floor":[118,135,135,410,420,420,455,18,18,28,28,28,28],"floor_reached":12,"playtime":495,"items_purged":["Regret"],"score":156,"play_id":"9e427e93-f756-4d59-b458-1e8ffa411778","local_time":"20201223093738","is_ascension_mode":true,"campfire_choices":[{"data":"Beam Cell","floor":6.0,"key":"SMITH"}],"circlet_count":0,"master_deck":["AscendersBane","Strike_B","Strike_B","Strike_B","Strike_B","Defend_B","Defend_B","Defend_B","Defend_B","Zap","Dualcast","Sweeping Beam","Beam Cell+1","Ball Lightning","Hologram","Panacea","Self Repair"],"relics":["Cracked Core","Thread and Needle","Emotion Chip","ClockworkSouvenir","Turnip","Golden Idol"],"acts_visited":["Exordium"],"potions_floor_usage":[],"damage_taken":[{"damage":0.0,"enemies":"Jaw Worm","floor":1.0,"turns":4.0},{"damage":0.0,"enemies":"2 Louse","floor":2.0,"turns":2.0},{"damage":3.0,"enemies":"Cultist","floor":5.0,"turns":3.0},{"damage":40.0,"enemies":"Lagavulin","floor":7.0,"turns":6.0},{"damage":11,"enemies":"Exordium Wildlife","floor":10,"turns":5},{"damage":22,"enemies":"3 Sentries","floor":12,"turns":5}],"seed_played":"3933165253756766935","potions_obtained":[{"floor":5.0,"key":"Strength Potion"},{"floor":7.0,"key":"GamblersBrew"}],"is_trial":false,"path_per_floor":["M","M","?","?","M","R","E","$","T","M","?","E"],"character_chosen":"DEFECT","items_purchased":["ClockworkSouvenir","Panacea","Self Repair"],"campfire_rested":0,"item_purchase_floors":[8,8,8],"current_hp_per_floor":[64,64,64,64,61,61,21,21,21,17,17,0,0],"gold":28,"neow_bonus":"ONE_RARE_RELIC","is_daily":false,"chose_seed":false,"campfire_upgraded":1,"win_rate":0.0,"timestamp":1608737858,"path_taken":["M","M","?","?","?","R","E","$","T","M","?","E"],"items_purchased_type":["Relic","Card","Card"],"build_version":"2020-12-22","purchased_purges":1,"victory":false,"max_hp_per_floor":[71,71,71,71,71,71,71,71,71,71,64,64,64],"relic_stats":{"Emotion Chip":[7,7,0,0,0],"counters":[6,25],"Golden Idol":0,"Turnip":[0],"obtain_stats":[{"Emotion Chip":7,"Golden Idol":11,"Thread and Needle":0,"Turnip":9,"Cracked Core":0,"ClockworkSouvenir":8},{"Emotion Chip":4,"Golden Idol":5,"Thread and Needle":0,"Turnip":4,"Cracked Core":0,"ClockworkSouvenir":4},{"Emotion Chip":15,"Golden Idol":20,"Thread and Needle":0,"Turnip":15,"Cracked Core":0,"ClockworkSouvenir":15}]},"card_choices":[{"not_picked":["Stack","Static Discharge"],"picked":"Sweeping Beam","floor":1.0},{"not_picked":["Rebound","Leap"],"picked":"Beam Cell","floor":2.0},{"not_picked":["Meteor Strike","Leap"],"picked":"Ball Lightning","floor":5.0},{"not_picked":["Rebound","Turbo"],"picked":"Hologram","floor":7.0},{"not_picked":["Static Discharge","Sweeping Beam","Chaos"],"picked":"SKIP","floor":10}],"player_experience":1022879,"relics_obtained":[{"floor":7.0,"key":"Emotion Chip"},{"floor":9.0,"key":"Turnip"}],"event_choices":[{"cards_removed":["Normality"],"damage_healed":0.0,"max_hp_gain":0.0,"max_hp_loss":0.0,"gold_gain":0.0,"event_name":"Living Wall","player_choice":"Forget","floor":3.0,"gold_loss":0.0,"damage_taken":0.0},{"damage_healed":0.0,"max_hp_gain":0.0,"max_hp_loss":0.0,"gold_gain":275.0,"event_name":"Golden Shrine","player_choice":"Desecrate","floor":4.0,"gold_loss":0.0,"damage_taken":0.0,"cards_obtained":["Regret"]},{"damage_healed":0,"gold_gain":0,"player_choice":"Lose Max HP","damage_taken":0,"relics_obtained":["Golden Idol"],"max_hp_gain":0,"max_hp_loss":7,"event_name":"Golden Idol","floor":11,"gold_loss":0}],"is_beta":false,"boss_relics":[],"items_purged_floors":[8],"is_endless":false,"potions_floor_spawned":[5,7],"killed_by":"3 Sentries","ascension_level":20}}