{"host":"Melcetto","time":1608695825,"event":{"mods":["AlwaysNeverKeys","BaseMod","Better Vampires","Colored Map","Colored Powertips","DeckTracker","Emptier Cage","Minty Spire (QoL Compilation)","Permanent Neow","Quick Restart","Random Character Button","Rare Cards Sparkle","Relic Sorter","Relic Stats","StSLib","Transform Curses"],"gold_per_floor":[117,117,141,166,2,2,38,38,38,38,81,102,133,151,151,244,244,263,8,24,24,24,67,67,105,105,143,159,177,9,43,43,139,139,159,184,21,34,34,74,88,119,143,182,182,182,226,251,251,251,251,251,251,29,62,62],"floor_reached":57,"playtime":6492,"items_purged":["Strike_R"],"score":3632,"play_id":"f1dbb7f7-a85e-469d-b2b2-4351cf60f843","local_time":"20201222225705","is_ascension_mode":true,"campfire_choices":[{"data":"Bash","floor":6,"key":"SMITH"},{"data":"Clothesline","floor":8,"key":"SMITH"},{"data":"Defend_R","floor":15,"key":"SMITH"},{"floor":32,"key":"REST"},{"floor":49,"key":"REST"},{"floor":53,"key":"REST"}],"circlet_count":0,"master_deck":["AscendersBane","Strike_R","Strike_R","Strike_R","Strike_R+1","Defend_R+1","Defend_R","Defend_R","Defend_R","Bash+1","Clothesline+1","Reaper","Spot Weakness+1","Havoc+1","Offering+1","True Grit+1","Power Through+1","Battle Trance+1","Barricade","Burning Pact+1","Shockwave+1","Ghostly Armor+1","Double Tap+1","Body Slam","True Grit+1","Impervious+1","Offering+1","Flame Barrier+1","Fiend Fire","Feel No Pain","Dark Shackles+1","Intimidate+1"],"relics":["Burning Blood","Art of War","Centennial Puzzle","Vajra","Golden Idol","Toxic Egg 2","Strawberry","Lizard Tail","Tiny Chest","Fusion Hammer","Membership Card","Nunchaku","Nilry\u0027s Codex","HornCleat","Shuriken","Omamori","The Courier","Eternal Feather","Bag of Preparation","Bottled Tornado","Potion Belt","Philosopher\u0027s Stone","Self Forming Clay","WarpedTongs","Juzu Bracelet","Darkstone Periapt","Pocketwatch","Bag of Marbles","Anchor","Oddly Smooth Stone","Bottled Flame"],"acts_visited":["Exordium","TheCity","TheBeyond","TheEnding"],"potions_floor_usage":[11,16,56,56,56,56,56,56],"damage_taken":[{"damage":6,"enemies":"Jaw Worm","floor":1,"turns":4},{"damage":0,"enemies":"2 Louse","floor":3,"turns":2},{"damage":1,"enemies":"Cultist","floor":4,"turns":4},{"damage":55,"enemies":"3 Sentries","floor":7,"turns":12},{"damage":20,"enemies":"Lagavulin","floor":11,"turns":5},{"damage":12,"enemies":"Looter","floor":12,"turns":3},{"damage":6,"enemies":"Gremlin Nob","floor":13,"turns":3},{"damage":8,"enemies":"3 Louse","floor":14,"turns":3},{"damage":32,"enemies":"Hexaghost","floor":16,"turns":9},{"damage":18,"enemies":"Shell Parasite","floor":18,"turns":3},{"damage":34,"enemies":"2 Thieves","floor":20,"turns":5},{"damage":32,"enemies":"Gremlin Leader","floor":23,"turns":6},{"damage":6,"enemies":"Book of Stabbing","floor":25,"turns":4},{"damage":16,"enemies":"Gremlin Leader","floor":27,"turns":5},{"damage":6,"enemies":"Snake Plant","floor":28,"turns":4},{"damage":6,"enemies":"3 Cultists","floor":29,"turns":4},{"damage":22,"enemies":"Book of Stabbing","floor":31,"turns":4},{"damage":14,"enemies":"Champ","floor":33,"turns":13},{"damage":6,"enemies":"3 Darklings","floor":35,"turns":3},{"damage":6,"enemies":"3 Shapes","floor":36,"turns":4},{"damage":6,"enemies":"3 Darklings","floor":38,"turns":3},{"damage":6,"enemies":"Nemesis","floor":40,"turns":7},{"damage":6,"enemies":"Spire Growth","floor":41,"turns":4},{"damage":6,"enemies":"Reptomancer","floor":42,"turns":6},{"damage":6,"enemies":"Nemesis","floor":44,"turns":9},{"damage":12,"enemies":"Giant Head","floor":47,"turns":7},{"damage":6,"enemies":"Awakened One","floor":50,"turns":13},{"damage":12,"enemies":"Donu and Deca","floor":51,"turns":9},{"damage":6,"enemies":"Shield and Spear","floor":55,"turns":7},{"damage":12,"enemies":"The Heart","floor":56,"turns":8}],"seed_played":"7865767896298259687","potions_obtained":[{"floor":1,"key":"LiquidMemories"},{"floor":7,"key":"Dexterity Potion"},{"floor":12,"key":"ElixirPotion"},{"floor":13,"key":"Strength Potion"},{"floor":14,"key":"SteroidPotion"},{"floor":18,"key":"Energy Potion"},{"floor":29,"key":"EntropicBrew"},{"floor":31,"key":"Ancient Potion"},{"floor":33,"key":"LiquidMemories"}],"is_trial":false,"path_per_floor":["M","?","M","M","$","R","E","R","T","?","E","M","E","M","R","B",null,"M","$","M","?","?","E","T","E","T","E","M","M","$","E","R","B",null,"M","M","$","M","?","E","M","E","T","E","?","?","E","T","R","B","B",null,"R","$","E","B",null],"character_chosen":"IRONCLAD","items_purchased":["Reaper","Membership Card","Nunchaku","Bag of Preparation","Bottled Tornado","Self Forming Clay","Body Slam","Anchor","Oddly Smooth Stone","Feel No Pain","Dark Shackles+1","HeartOfIron"],"campfire_rested":3,"item_purchase_floors":[5,19,19,30,30,37,37,54,54,54,54,54],"current_hp_per_floor":[68,68,68,68,68,68,29,29,36,36,27,30,30,33,33,23,62,63,63,45,24,24,11,11,16,16,33,38,53,53,58,75,75,75,75,75,75,75,75,75,75,75,75,75,75,75,75,75,75,75,75,75,75,75,75,75],"gold":62,"neow_bonus":"RANDOM_COMMON_RELIC","is_daily":false,"chose_seed":false,"campfire_upgraded":3,"win_rate":0.0,"timestamp":1608695825,"path_taken":["M","?","M","M","$","R","E","R","T","?","E","M","E","M","R","BOSS","M","?","M","?","?","E","?","E","T","E","M","M","$","E","R","BOSS","M","M","$","M","?","E","M","E","T","E","?","?","E","?","R","BOSS","BOSS","R","$","E","BOSS"],"items_purchased_type":["Card","Relic","Relic","Relic","Relic","Relic","Card","Relic","Relic","Card","Card","Potion"],"build_version":"2020-12-18","purchased_purges":1,"victory":true,"max_hp_per_floor":[75,68,68,68,68,68,68,68,75,75,75,75,75,75,75,75,75,75,75,75,75,75,75,75,75,75,75,75,75,75,75,75,75,75,75,75,75,75,75,75,75,75,75,75,75,75,75,75,75,75,75,75,75,75,75,75],"relic_stats":{"Darkstone Periapt":0,"counters":[30,173],"Golden Idol":234,"Self Forming Clay":[39],"Eternal Feather":12,"Bag of Preparation":[28],"Juzu Bracelet":1,"Burning Blood":121,"WarpedTongs":[57],"Centennial Puzzle":[15],"Lizard Tail":0,"Nunchaku":[21],"Shuriken":[23],"Tiny Chest":2,"Art of War":[18],"obtain_stats":[{"Darkstone Periapt":42,"Nilry\u0027s Codex":21,"Vajra":0,"Bag of Preparation":30,"Juzu Bracelet":40,"Bottled Tornado":30,"Burning Blood":0,"Lizard Tail":11,"Nunchaku":19,"Centennial Puzzle":44,"HornCleat":23,"Strawberry":9,"Tiny Chest":13,"Philosopher\u0027s Stone":34,"Fusion Hammer":17,"Toxic Egg 2":7,"Potion Belt":31,"Golden Idol":2,"Self Forming Clay":37,"Oddly Smooth Stone":54,"Eternal Feather":27,"The Courier":26,"Omamori":25,"WarpedTongs":39,"Anchor":54,"Bottled Flame":55,"Shuriken":24,"Art of War":43,"Bag of Marbles":48,"Membership Card":19,"Pocketwatch":47},{"Darkstone Periapt":24,"Nilry\u0027s Codex":11,"Vajra":0,"Bag of Preparation":16,"Juzu Bracelet":22,"Bottled Tornado":16,"Burning Blood":0,"Lizard Tail":5,"Nunchaku":10,"Centennial Puzzle":25,"HornCleat":12,"Strawberry":4,"Tiny Chest":7,"Philosopher\u0027s Stone":18,"Fusion Hammer":9,"Toxic Egg 2":4,"Potion Belt":17,"Golden Idol":1,"Self Forming Clay":20,"Oddly Smooth Stone":28,"Eternal Feather":14,"The Courier":13,"Omamori":13,"WarpedTongs":21,"Anchor":28,"Bottled Flame":29,"Shuriken":12,"Art of War":24,"Bag of Marbles":26,"Membership Card":10,"Pocketwatch":26},{"Darkstone Periapt":120,"Nilry\u0027s Codex":53,"Vajra":0,"Bag of Preparation":76,"Juzu Bracelet":110,"Bottled Tornado":76,"Burning Blood":0,"Lizard Tail":27,"Nunchaku":48,"Centennial Puzzle":129,"HornCleat":59,"Strawberry":22,"Tiny Chest":33,"Philosopher\u0027s Stone":93,"Fusion Hammer":45,"Toxic Egg 2":22,"Potion Belt":80,"Golden Idol":4,"Self Forming Clay":100,"Oddly Smooth Stone":158,"Eternal Feather":68,"The Courier":63,"Omamori":63,"WarpedTongs":103,"Anchor":158,"Bottled Flame":165,"Shuriken":59,"Art of War":120,"Bag of Marbles":136,"Membership Card":48,"Pocketwatch":136}],"Pocketwatch":[33]},"card_choices":[{"not_picked":["Cleave","Warcry"],"picked":"Clothesline","floor":1},{"not_picked":["Warcry","Cleave","Iron Wave"],"picked":"SKIP","floor":3},{"not_picked":["Thunderclap","Headbutt","Dark Embrace"],"picked":"SKIP","floor":4},{"not_picked":["Immolate","True Grit+1"],"picked":"Spot Weakness+1","floor":7},{"not_picked":["Cleave","Clothesline","Sever Soul"],"picked":"SKIP","floor":11},{"not_picked":["Juggernaut","Headbutt"],"picked":"Havoc+1","floor":12},{"not_picked":["Havoc+1","Cleave","Thunderclap"],"picked":"SKIP","floor":13},{"not_picked":["Sever Soul","Infernal Blade+1","Cleave"],"picked":"SKIP","floor":14},{"not_picked":["Reaper","Exhume+1"],"picked":"Offering+1","floor":16},{"not_picked":["Sword Boomerang","Cleave+1","Clothesline"],"picked":"SKIP","floor":18},{"not_picked":["Body Slam","Seeing Red+1"],"picked":"True Grit+1","floor":20},{"not_picked":["Disarm+1","Perfected Strike"],"picked":"Battle Trance+1","floor":23},{"not_picked":["Twin Strike","Anger"],"picked":"Barricade","floor":25},{"not_picked":["Searing Blow","Heavy Blade"],"picked":"Twin Strike+1","floor":27},{"not_picked":["Perfected Strike","Infernal Blade+1"],"picked":"Burning Pact+1","floor":28},{"not_picked":["Havoc+1","Brutality"],"picked":"Shockwave+1","floor":29},{"not_picked":["Twin Strike","Anger"],"picked":"Ghostly Armor+1","floor":31},{"not_picked":["Brutality","Berserk"],"picked":"Double Tap+1","floor":33},{"not_picked":["Rupture+1","Sword Boomerang","Twin Strike"],"picked":"SKIP","floor":35},{"not_picked":["Anger","Perfected Strike+1","Havoc+1"],"picked":"SKIP","floor":36},{"not_picked":["Warcry+1","Twin Strike+1"],"picked":"True Grit+1","floor":38},{"not_picked":["Rage+1","Inflame"],"picked":"Impervious+1","floor":40},{"not_picked":["Rage+1","Uppercut","Pommel Strike"],"picked":"SKIP","floor":41},{"not_picked":["Infernal Blade+1","Armaments+1"],"picked":"Offering+1","floor":42},{"not_picked":["Twin Strike","Fire Breathing"],"picked":"Flame Barrier+1","floor":44},{"not_picked":["Spot Weakness+1","Iron Wave"],"picked":"Fiend Fire","floor":47},{"not_picked":["Twin Strike","Spot Weakness+1"],"picked":"Intimidate+1","floor":55}],"player_experience":18701242,"relics_obtained":[{"floor":7,"key":"Toxic Egg 2"},{"floor":9,"key":"Strawberry"},{"floor":11,"key":"Lizard Tail"},{"floor":13,"key":"Tiny Chest"},{"floor":21,"key":"Nilry\u0027s Codex"},{"floor":23,"key":"HornCleat"},{"floor":24,"key":"Shuriken"},{"floor":25,"key":"Omamori"},{"floor":26,"key":"The Courier"},{"floor":27,"key":"Eternal Feather"},{"floor":31,"key":"Potion Belt"},{"floor":40,"key":"Juzu Bracelet"},{"floor":42,"key":"Darkstone Periapt"},{"floor":43,"key":"Art of War"},{"floor":44,"key":"Centennial Puzzle"},{"floor":47,"key":"Pocketwatch"},{"floor":48,"key":"Bag of Marbles"},{"floor":55,"key":"Bottled Flame"}],"event_choices":[{"damage_healed":0,"gold_gain":0,"player_choice":"Lose Max HP","damage_taken":0,"relics_obtained":["Golden Idol"],"max_hp_gain":0,"max_hp_loss":7,"event_name":"Golden Idol","floor":2,"gold_loss":0},{"damage_healed":0,"gold_gain":0,"player_choice":"Upgraded","damage_taken":0,"max_hp_gain":0,"max_hp_loss":0,"event_name":"Upgrade Shrine","floor":10,"gold_loss":0,"cards_upgraded":["Strike_R"]},{"damage_healed":0,"gold_gain":0,"player_choice":"Obtained Book","damage_taken":21,"max_hp_gain":0,"max_hp_loss":0,"event_name":"Cursed Tome","floor":21,"gold_loss":0},{"damage_healed":0,"gold_gain":0,"player_choice":"Read","damage_taken":0,"max_hp_gain":0,"max_hp_loss":0,"event_name":"The Library","floor":22,"gold_loss":0,"cards_obtained":["Power Through"]},{"damage_healed":0,"gold_gain":0,"player_choice":"Rummage","damage_taken":0,"relics_obtained":["WarpedTongs"],"max_hp_gain":0,"max_hp_loss":0,"event_name":"Accursed Blacksmith","floor":39,"gold_loss":0,"cards_obtained":["Pain"]},{"damage_healed":15,"gold_gain":0,"player_choice":"Writhe","damage_taken":0,"max_hp_gain":0,"max_hp_loss":0,"event_name":"Winding Halls","floor":45,"gold_loss":0,"cards_obtained":["Writhe"]},{"cards_removed":["Twin Strike"],"damage_healed":0,"gold_gain":0,"player_choice":"Removed Attack","damage_taken":0,"max_hp_gain":0,"max_hp_loss":0,"event_name":"Falling","floor":46,"gold_loss":0}],"is_beta":true,"boss_relics":[{"not_picked":["SlaversCollar","Tiny House"],"picked":"Fusion Hammer"},{"not_picked":["Velvet Choker","Sozu"],"picked":"Philosopher\u0027s Stone"}],"items_purged_floors":[37],"is_endless":false,"potions_floor_spawned":[1,7,12,13,14,18,29,31,33,36,40,47],"ascension_level":20}}