{"host":"8g0y046lq89z3gxm","time":1608691303,"event":{"mods":["2.2 Compatiblity","A Magickal Journey","Abigail Mod","AchievementEnabler","Act Like it!","Aspiration","Astrologer","BaseMod","Better Note","Better Sensory Stone","Better Third Choice","Better Vampires","BetterRewards","CapriCore","Colored Powertips","Conspire","Custom Start","DeckTracker","Defuse TimeMaze Blight","Dota2Spire","Downfall","Energized Spire","Friendly Minions","Gensokyo","GifTheSpireLib","GungeonMod","Halation","Hallownest","Hermit","HololiveMod","Hubris","Infinite Spire","KiyohimeÅiê¥?Åj","Koishi","KomeijiMod","Lobotomy","LobotomyExtend","MarisaÅiñ∂âJÅ@ñÇóùçπÅj","Minty Spire (QoL Compilation)","MostiFishMod","Permanent Neow","Prisma Mod","Quarter Circle Forward PUNCH!","Railgun Mod","Rare Cards Sparkle","Relic Stats","Replay The Spire","RumiaBox-òIïƒ?ìIê_îÈ·¥éq","Shade Mod","Shop Mod","Small Relic Pack","Spicy Shops","Spire Birthday Party","StSLib","Stuff the Spire","TestMod","The Alterego","The Animator","The Blue Laboratory","The Cursed","The Forsaken","The Gatherer","The Hierophant","The Wild Card","TheSwordswoman","Uncapped","Unceasing Turn Reminder","Wandering Minibosses","WarShipGirlsR/??è≠èóR mod","Yohane!","vexMod","Åy?ï˚ìÒéü?çÏÅzî™â]éámod","Åy?ï®?îvÅzREMEMod"],"gold_per_floor":[119,119,133,151,169,202,202,228,279,129,149,162,69,79,79,183,183,197,68,78,78,78,112,127,147,147,159,179,192,202,202,202,202,202],"floor_reached":33,"playtime":2721,"items_purged":[],"score":410,"play_id":"ba63d58e-76aa-44cb-829e-bb0457bc0380","local_time":"20201222184143","is_ascension_mode":false,"campfire_choices":[{"floor":7.0,"key":"REST"},{"floor":15.0,"key":"REST"},{"floor":32,"key":"REST"}],"circlet_count":0,"master_deck":["Pain","Normality","DemoMod:TableTechRocket","expansioncontent:AwakenDeath","infinitespire:Gouge"],"relics":["TheRailgun:CoinRelic","testmod-TestBox","DaveBox","REME_ComplimentaryCards","testmod-StringDisintegrator","BirthdayGift-Icosahedron","relicPack:ShieldShield","MigarariNingyou","theForsaken:ArmorOfThorns","testmod-CrystalShield","Anchor","KyoryuNoHagoromo","testmod-LifeArmor","testmod-SaigiyounoYou","Thread and Needle","Boot","LetterFromLob","WarpedTongs","conspire:DeflatedDodgeball","halation:TwoAmDonut","qcfpunch:Not_Strongest_Fighting_Style_Guidebook","Ccalipers","DemoMod:GundromedaStrain","ReplayTheSpireMod:SealedPack","Gremlin Horn","ReplayTheSpireMod:Shallot","MagicDraw2","SSSystem","Nloth\u0027s Gift"],"acts_visited":["Exordium","TheCity"],"potions_floor_usage":[33,33],"damage_taken":[{"damage":0.0,"enemies":"Cultist","floor":1.0,"turns":2.0},{"damage":0.0,"enemies":"Jaw Worm","floor":3.0,"turns":1.0},{"damage":0.0,"enemies":"2 Louse","floor":4.0,"turns":1.0},{"damage":0.0,"enemies":"Exordium Thugs","floor":5.0,"turns":2.0},{"damage":0.0,"enemies":"Lagavulin","floor":6.0,"turns":3.0},{"damage":0.0,"enemies":"3 Sentries","floor":8.0,"turns":2.0},{"damage":0.0,"enemies":"Lots of Slimes","floor":11.0,"turns":1.0},{"damage":0.0,"enemies":"Large Slime","floor":12.0,"turns":2.0},{"damage":0.0,"enemies":"2 Fungi Beasts","floor":14.0,"turns":1.0},{"damage":15.0,"enemies":"Fading Forest","floor":16.0,"turns":11.0},{"damage":0,"enemies":"3 Byrds","floor":18,"turns":1},{"damage":0,"enemies":"2 Thieves","floor":20,"turns":1},{"damage":0,"enemies":"Gremlin Leader","floor":23,"turns":2},{"damage":0,"enemies":"Snecko","floor":24,"turns":2},{"damage":0,"enemies":"Snake Plant","floor":25,"turns":1},{"damage":0,"enemies":"Centurion and Healer","floor":27,"turns":2},{"damage":0,"enemies":"Sentry and Sphere","floor":28,"turns":2},{"damage":0,"enemies":"Chosen and Byrds","floor":29,"turns":2},{"damage":0,"enemies":"3 Cultists","floor":30,"turns":1},{"damage":81,"enemies":"Champ","floor":33,"turns":13}],"seed_played":"-7102107294567182610","potions_obtained":[{"floor":3.0,"key":"Dota2Spire:HealingSalve"},{"floor":4.0,"key":"blueLaboratory:AbyssPotion"},{"floor":5.0,"key":"LifebloodPotion"},{"floor":8.0,"key":"Swift Potion"},{"floor":24,"key":"testmod-TimePotion"}],"is_trial":true,"path_per_floor":["M","?","M","M","M","E","R","E","T","$","M","M","$","M","R","B",null,"M","$","M","?","AVR","E","M","M","T","M","M","M","M","?","R","B"],"character_chosen":"THE_DEFAULT","items_purchased":["Ccalipers","DemoMod:GundromedaStrain","Gremlin Horn"],"campfire_rested":3,"item_purchase_floors":[10,13,19],"current_hp_per_floor":[70,70,70,70,70,70,70,70,70,70,70,70,70,70,70,58,70,70,70,70,70,70,70,70,70,70,70,70,70,70,70,70,0,0],"gold":202,"neow_bonus":"","is_daily":false,"chose_seed":false,"campfire_upgraded":0,"win_rate":0.0,"timestamp":1608691303,"path_taken":["M","?","M","M","M","E","R","E","T","$","M","?","$","M","R","BOSS","M","$","M","?","AVR","E","M","M","T","M","M","?","?","?","R","BOSS"],"items_purchased_type":["Relic","Relic","Relic"],"build_version":"2020-12-13","purchased_purges":0,"victory":false,"max_hp_per_floor":[70,70,70,70,70,70,70,70,70,70,70,70,70,70,70,70,70,70,70,70,70,70,70,70,70,70,70,70,70,70,70,70,70,70],"relic_stats":{"Gremlin Horn":[0,5],"counters":[20,53],"Nloth\u0027s Gift":0,"Boot":[0],"obtain_stats":[{"MigarariNingyou":0,"DaveBox":0,"Gremlin Horn":19,"qcfpunch:Not_Strongest_Fighting_Style_Guidebook":9,"SSSystem":26,"testmod-LifeArmor":0,"DemoMod:GlassGuonStoneRelic":1,"BirthdayGift-Icosahedron":0,"relicPack:ShieldShield":0,"Boot":0,"MagicDraw2":22,"testmod-StringDisintegrator":0,"testmod-CrystalShield":0,"Ccalipers":10,"hubris:TinFlute":23,"testmod-TestBox":0,"Thread and Needle":0,"ReplayTheSpireMod:SealedPack":17,"KyoryuNoHagoromo":0,"testmod-SaigiyounoYou":0,"WarpedTongs":2,"Anchor":0,"DemoMod:GundromedaStrain":13,"ReplayTheSpireMod:Shallot":21,"TheRailgun:CoinRelic":0,"theForsaken:ArmorOfThorns":0,"LetterFromLob":1,"Nloth\u0027s Gift":31,"halation:TwoAmDonut":8,"conspire:DeflatedDodgeball":6,"REME_ComplimentaryCards":0},{"MigarariNingyou":0,"DaveBox":0,"Gremlin Horn":11,"qcfpunch:Not_Strongest_Fighting_Style_Guidebook":6,"SSSystem":15,"testmod-LifeArmor":0,"DemoMod:GlassGuonStoneRelic":1,"BirthdayGift-Icosahedron":0,"relicPack:ShieldShield":0,"Boot":0,"MagicDraw2":12,"testmod-StringDisintegrator":0,"testmod-CrystalShield":0,"Ccalipers":6,"hubris:TinFlute":13,"testmod-TestBox":0,"Thread and Needle":0,"ReplayTheSpireMod:SealedPack":10,"KyoryuNoHagoromo":0,"testmod-SaigiyounoYou":0,"WarpedTongs":1,"Anchor":0,"DemoMod:GundromedaStrain":8,"ReplayTheSpireMod:Shallot":12,"TheRailgun:CoinRelic":0,"theForsaken:ArmorOfThorns":0,"LetterFromLob":1,"Nloth\u0027s Gift":19,"halation:TwoAmDonut":6,"conspire:DeflatedDodgeball":5,"REME_ComplimentaryCards":0},{"MigarariNingyou":0,"DaveBox":0,"Gremlin Horn":27,"qcfpunch:Not_Strongest_Fighting_Style_Guidebook":11,"SSSystem":33,"testmod-LifeArmor":0,"DemoMod:GlassGuonStoneRelic":2,"BirthdayGift-Icosahedron":0,"relicPack:ShieldShield":0,"Boot":0,"MagicDraw2":28,"testmod-StringDisintegrator":0,"testmod-CrystalShield":0,"Ccalipers":11,"hubris:TinFlute":30,"testmod-TestBox":0,"Thread and Needle":0,"ReplayTheSpireMod:SealedPack":26,"KyoryuNoHagoromo":0,"testmod-SaigiyounoYou":0,"WarpedTongs":2,"Anchor":0,"DemoMod:GundromedaStrain":14,"ReplayTheSpireMod:Shallot":28,"TheRailgun:CoinRelic":0,"theForsaken:ArmorOfThorns":0,"LetterFromLob":2,"Nloth\u0027s Gift":40,"halation:TwoAmDonut":11,"conspire:DeflatedDodgeball":9,"REME_ComplimentaryCards":0}],"WarpedTongs":[42]},"card_choices":[{"not_picked":["TheRailgun:Push","TheRailgun:Static","TheRailgun:Electrical_Storm"],"picked":"SKIP","floor":1.0},{"not_picked":["TheRailgun:Teleporter","TheRailgun:Positive_Field","TheRailgun:Pull"],"picked":"SKIP","floor":3.0},{"not_picked":["TheRailgun:Negative_Field","TheRailgun:Hypercharge","TheRailgun:Thunderbolt"],"picked":"SKIP","floor":4.0},{"not_picked":["TheRailgun:Biribiri","TheRailgun:Battery_Pack","TheRailgun:Gekota_Phone"],"picked":"SKIP","floor":5.0},{"not_picked":["TheRailgun:Iron_Dust_Field","TheRailgun:Thunderbolt","TheRailgun:Negative_Field"],"picked":"SKIP","floor":6.0},{"not_picked":["TheRailgun:Mental_Out","TheRailgun:Recharge","TheRailgun:Oneesama"],"picked":"SKIP","floor":8.0},{"not_picked":["TheRailgun:Coin_Flip","TheRailgun:Recharge","TheRailgun:Taser"],"picked":"SKIP","floor":11.0},{"not_picked":["TheRailgun:Sister_Noise","TheRailgun:Crackle","TheRailgun:Push"],"picked":"SKIP","floor":12.0},{"not_picked":["TheRailgun:Hypercharge","TheRailgun:Circuit_Breaker","TheRailgun:Thunder"],"picked":"SKIP","floor":14.0},{"not_picked":["Yohane:Well_Laid_Ambush","hexamod:Float"],"picked":"DemoMod:TableTechRocket","floor":17},{"not_picked":["TheRailgun:Thundervolt","TheRailgun:Judgement_Officer"],"picked":"TheRailgun:Magnetic_Flight","floor":17},{"not_picked":["Replay:SS_fish_3","expansioncontent:Flail"],"picked":"expansioncontent:AwakenDeath","floor":17},{"not_picked":["Replay:Fractal Strike","infinitespire:DeathsTouch"],"picked":"infinitespire:Gouge","floor":17},{"not_picked":["TheRailgun:Thunderbolt","TheRailgun:Rewiring","TheRailgun:Crack"],"picked":"SKIP","floor":18},{"not_picked":["TheRailgun:Battery_Pack+1","TheRailgun:Teleporter","TheRailgun:Circuit_Breaker+1"],"picked":"SKIP","floor":20},{"not_picked":["TheRailgun:Gekotamania+1","TheRailgun:Spark","TheRailgun:Thundershock"],"picked":"SKIP","floor":23},{"not_picked":["TheRailgun:Recharge","TheRailgun:Electric_Fence","TheRailgun:Zip"],"picked":"SKIP","floor":24},{"not_picked":["TheRailgun:Thunderbolt+1","TheRailgun:Taser","TheRailgun:Battery_Pack+1"],"picked":"SKIP","floor":25},{"not_picked":["TheRailgun:Zip","TheRailgun:Lightningbolt","TheRailgun:Railgun"],"picked":"SKIP","floor":27},{"not_picked":["TheRailgun:Negative_Field","TheRailgun:Pull+1","TheRailgun:Oneesama"],"picked":"SKIP","floor":28},{"not_picked":["TheRailgun:Positive_Field","TheRailgun:Sister_Noise","TheRailgun:Charge"],"picked":"SKIP","floor":29},{"not_picked":["TheRailgun:Rewiring","TheRailgun:Gekotamania","TheRailgun:Zip"],"picked":"SKIP","floor":30}],"player_experience":230161,"relics_obtained":[{"floor":1.0,"key":"LetterFromLob"},{"floor":6.0,"key":"conspire:DeflatedDodgeball"},{"floor":8.0,"key":"halation:TwoAmDonut"},{"floor":9.0,"key":"qcfpunch:Not_Strongest_Fighting_Style_Guidebook"},{"floor":23,"key":"hubris:TinFlute"},{"floor":26,"key":"SSSystem"}],"event_choices":[{"damage_healed":0.0,"max_hp_gain":0.0,"max_hp_loss":0.0,"gold_gain":0.0,"event_name":"Accursed Blacksmith","player_choice":"Rummage","floor":2.0,"gold_loss":0.0,"damage_taken":0.0,"relics_obtained":["WarpedTongs"],"cards_obtained":["Pain"]},{"cards_removed":["TheRailgun:Magnetic_Flight"],"damage_healed":0,"gold_gain":0,"player_choice":"Gave Card","damage_taken":0,"relics_obtained":["ReplayTheSpireMod:Shallot"],"max_hp_gain":0,"max_hp_loss":0,"event_name":"WeMeetAgain","floor":21,"gold_loss":0},{"damage_healed":0,"gold_gain":0,"player_choice":"Traded Relic","damage_taken":0,"relics_obtained":["Nloth\u0027s Gift"],"max_hp_gain":0,"max_hp_loss":0,"event_name":"N\u0027loth","floor":31,"relics_lost":["hubris:TinFlute"],"gold_loss":0}],"is_beta":false,"boss_relics":[{"not_picked":["Replay:Drink Me","testmod-Temperance"],"picked":"ReplayTheSpireMod:SealedPack"}],"items_purged_floors":[],"is_endless":false,"potions_floor_spawned":[3,4,5,8,20,24,29],"killed_by":"Champ","ascension_level":0}}