{"host":"flx6yngeuogemep4","time":1608739836,"event":{"mods":["BaseMod","BetterRewards","Colored Powertips","Minty Spire (QoL Compilation)"],"gold_per_floor":[118,135,33,49,49,81,81,81,81,99,99,117,130,130,130,233,233,247,247,247,20,33,33,53,53,53,53,68,68,68],"floor_reached":29,"playtime":743,"items_purged":["Pain"],"score":225,"play_id":"21dca187-5ab6-48f4-990f-485565419436","local_time":"20201223111036","is_ascension_mode":false,"campfire_choices":[{"floor":8,"key":"REST"},{"data":"Whirlwind","floor":11,"key":"SMITH"},{"data":"Seeing Red","floor":15,"key":"SMITH"},{"data":"Barricade","floor":23,"key":"SMITH"},{"floor":25,"key":"REST"},{"floor":27,"key":"REST"}],"circlet_count":0,"master_deck":["Strike_R","Strike_R","Strike_R","Strike_R","Defend_R","Defend_R","Defend_R","Bash","Whirlwind+1","Impervious","Sword Boomerang","Flex","Cleave","Heavy Blade","Clothesline","Clash","Pommel Strike","Seeing Red+1","Barricade+1","Iron Wave+1","Flex","Body Slam","Infernal Blade"],"relics":["Burning Blood","Ancient Tea Set","WarpedTongs","Pantograph","Runic Pyramid","Enchiridion","MealTicket","Ornamental Fan"],"acts_visited":["Exordium","TheCity"],"potions_floor_usage":[6,6,22],"damage_taken":[{"damage":2,"enemies":"Small Slimes","floor":1,"turns":5},{"damage":9,"enemies":"Cultist","floor":2,"turns":4},{"damage":1,"enemies":"Jaw Worm","floor":4,"turns":3},{"damage":36,"enemies":"Lagavulin","floor":6,"turns":6},{"damage":0,"enemies":"Blue Slaver","floor":10,"turns":2},{"damage":0,"enemies":"2 Fungi Beasts","floor":12,"turns":1},{"damage":9,"enemies":"Exordium Thugs","floor":13,"turns":3},{"damage":48,"enemies":"The Guardian","floor":16,"turns":7},{"damage":33,"enemies":"Spheric Guardian","floor":18,"turns":5},{"damage":0,"enemies":"2 Thieves","floor":22,"turns":2},{"damage":58,"enemies":"3 Cultists","floor":24,"turns":6},{"damage":27,"enemies":"Snake Plant","floor":28,"turns":5},{"damage":32,"enemies":"Shelled Parasite and Fungi","floor":29,"turns":3}],"seed_played":"4840103214056816331","potions_obtained":[{"floor":2,"key":"SneckoOil"},{"floor":4,"key":"Swift Potion"},{"floor":12,"key":"ElixirPotion"},{"floor":13,"key":"Ancient Potion"},{"floor":18,"key":"Energy Potion"},{"floor":24,"key":"ElixirPotion"},{"floor":28,"key":"SmokeBomb"}],"is_trial":false,"path_per_floor":["M","M","$","M","$","E","?","R","T","M","R","M","M","?","R","B",null,"M","?","?","$","M","R","M","R","T","R","M","M"],"character_chosen":"IRONCLAD","items_purchased":["Flex","Cleave","MealTicket"],"campfire_rested":3,"item_purchase_floors":[3,3,21],"current_hp_per_floor":[72,69,69,72,72,42,42,63,63,69,69,72,69,69,69,30,72,45,29,53,53,59,59,7,28,28,49,28,0,0],"gold":68,"neow_bonus":"TRANSFORM_TWO_CARDS","is_daily":false,"chose_seed":false,"campfire_upgraded":3,"win_rate":0.0,"timestamp":1608739836,"path_taken":["M","M","$","M","$","E","?","R","T","M","R","M","?","?","R","BOSS","M","?","?","?","M","R","M","R","T","R","M","M"],"items_purchased_type":["Card","Card","Relic"],"build_version":"2020-12-22","purchased_purges":1,"victory":false,"max_hp_per_floor":[72,72,72,72,72,72,72,72,72,72,72,72,72,72,72,72,72,72,72,72,72,72,72,72,72,72,72,72,72,72],"card_choices":[{"not_picked":["Thunderclap","Headbutt"],"picked":"Sword Boomerang","floor":1},{"not_picked":["Iron Wave","Carnage","Blood for Blood"],"picked":"SKIP","floor":2},{"not_picked":["Sword Boomerang","Rupture"],"picked":"Heavy Blade","floor":4},{"not_picked":["Sever Soul","Burning Pact"],"picked":"Clothesline","floor":6},{"not_picked":["Sword Boomerang","Rupture"],"picked":"Clash","floor":10},{"not_picked":["Shockwave","Armaments"],"picked":"Pommel Strike","floor":12},{"not_picked":["Feel No Pain","Whirlwind"],"picked":"Seeing Red","floor":13},{"not_picked":["Limit Break","Immolate"],"picked":"Barricade","floor":16},{"not_picked":["Seeing Red","Uppercut"],"picked":"Iron Wave+1","floor":18},{"not_picked":["Warcry","Second Wind"],"picked":"Flex","floor":22},{"not_picked":["Havoc","Headbutt"],"picked":"Body Slam","floor":24},{"not_picked":["Body Slam","Intimidate"],"picked":"Infernal Blade","floor":28}],"player_experience":54060,"relics_obtained":[{"floor":6,"key":"Ancient Tea Set"},{"floor":9,"key":"Pantograph"},{"floor":19,"key":"Enchiridion"},{"floor":26,"key":"Ornamental Fan"}],"event_choices":[{"damage_healed":0,"gold_gain":0,"player_choice":"Rummage","damage_taken":0,"relics_obtained":["WarpedTongs"],"max_hp_gain":0,"max_hp_loss":0,"event_name":"Accursed Blacksmith","floor":7,"gold_loss":0,"cards_obtained":["Pain"]},{"damage_healed":0,"gold_gain":0,"player_choice":"Leave","damage_taken":0,"max_hp_gain":0,"max_hp_loss":0,"event_name":"The Cleric","floor":14,"gold_loss":0},{"damage_healed":0,"gold_gain":0,"player_choice":"Obtained Book","damage_taken":16,"max_hp_gain":0,"max_hp_loss":0,"event_name":"Cursed Tome","floor":19,"gold_loss":0},{"damage_healed":24,"gold_gain":0,"player_choice":"Heal","damage_taken":0,"max_hp_gain":0,"max_hp_loss":0,"event_name":"The Library","floor":20,"gold_loss":0}],"is_beta":false,"boss_relics":[{"not_picked":["Runic Dome","Pandora\u0027s Box"],"picked":"Runic Pyramid"}],"items_purged_floors":[21],"is_endless":false,"potions_floor_spawned":[2,4,12,13,18,24,28],"killed_by":"Shelled Parasite and Fungi","ascension_level":0}}