{"host":"9d83omykrosjn1d3","time":1608728376,"event":{"mods":["AchievementEnabler","BaseMod","BetterRewards","Card Forge","Hubris","MarisaÅiñ∂âJÅ@ñÇóùçπÅj","Minty Spire (QoL Compilation)","Permanent Neow","Shop Mod","StSLib","SuperFastMode","The Animator","The Cursed"],"gold_per_floor":[115,115,115,115,130,174,212,251,251,251,251],"floor_reached":10,"playtime":554,"items_purged":[],"score":84,"play_id":"85c03edd-e655-44f2-8928-07be30fa5ed5","local_time":"20201223215936","daily_mods":["SealedDeck","Heirloom","Flight","DeadlyEvents","Elite Swarm"],"is_ascension_mode":false,"campfire_choices":[],"circlet_count":0,"master_deck":["TheCursedMod:ReleasedStrength","TheCursedMod:DoubleShield","TheCursedMod:CursedShiv","TheCursedMod:CursedShiv","TheCursedMod:EmpowerCircles+1","TheCursedMod:CircleOfFocus","TheCursedMod:CircleOfCorruption","TheCursedMod:CircleOfWindfury","TheCursedMod:CircleOfFlame","TheCursedMod:CircleOfBlood","TheCursedMod:CircleOfAmplification","TheCursedMod:CircleOfWindfury","TheCursedMod:CircleOfCorruption","TheCursedMod:ReleasedKnowledge","TheCursedMod:VoidForm","TheCursedMod:DemonicPact","TheCursedMod:CircleOfAbyss"],"relics":["TheCursedMod:BlackMagic101","Hammer of Thor","Seething Fire","Anvil of the Gods","Prayer Wheel","Golden Idol","Mango","PreservedInsect","Tiny Chest","Shuriken"],"acts_visited":["Exordium"],"potions_floor_usage":[],"damage_taken":[{"damage":11,"enemies":"Jaw Worm","floor":1,"turns":2},{"damage":8,"enemies":"Small Slimes","floor":5,"turns":4},{"damage":8,"enemies":"Gremlin Nob","floor":6,"turns":4},{"damage":36,"enemies":"Lagavulin","floor":7,"turns":6},{"damage":14,"enemies":"Gremlin Nob","floor":8,"turns":3},{"damage":14,"enemies":"3 Sentries","floor":10,"turns":2}],"seed_played":"-2886425527504392098","potions_obtained":[{"floor":5,"key":"Fire Potion"},{"floor":8,"key":"SkillPotion"}],"is_trial":true,"path_per_floor":["M","?","?","?","M","E","E","E","T","E"],"character_chosen":"THE_CURSED","items_purchased":[],"campfire_rested":0,"item_purchase_floors":[],"current_hp_per_floor":[70,52,52,52,46,60,26,12,12,0,0],"gold":251,"neow_bonus":"","is_daily":false,"chose_seed":false,"campfire_upgraded":0,"win_rate":0.0,"timestamp":1608728376,"path_taken":["M","?","?","?","?","E","E","E","T","E"],"items_purchased_type":[],"build_version":"2020-12-22","purchased_purges":0,"victory":false,"max_hp_per_floor":[75,75,75,75,75,89,89,89,89,89,89],"card_choices":[{"not_picked":["TheCursedMod:FuryStrike","TheCursedMod:CursedArmor"],"picked":"TheCursedMod:CircleOfWindfury","floor":1},{"not_picked":["TheCursedMod:TroublousMinions","TheCursedMod:SpitefulPray"],"picked":"TheCursedMod:CircleOfCorruption","floor":1},{"not_picked":["TheCursedMod:TacticalStrike","TheCursedMod:SmokeScreen","TheCursedMod:CursedAmulet"],"picked":"SKIP","floor":5},{"not_picked":["TheCursedMod:CursedBlade","TheCursedMod:Torture","TheCursedMod:Stretching"],"picked":"SKIP","floor":5},{"not_picked":["TheCursedMod:DemonicPact","TheCursedMod:ManaCirculation"],"picked":"TheCursedMod:VoidForm","floor":6},{"not_picked":["TheCursedMod:DemonSword","TheCursedMod:DarkBarrier"],"picked":"TheCursedMod:DemonicPact","floor":7},{"not_picked":["TheCursedMod:VoidForm","TheCursedMod:StunningStrike"],"picked":"TheCursedMod:CircleOfAbyss","floor":8}],"player_experience":745473,"relics_obtained":[{"floor":6,"key":"Mango"},{"floor":7,"key":"PreservedInsect"},{"floor":8,"key":"Tiny Chest"},{"floor":9,"key":"Shuriken"}],"event_choices":[{"damage_healed":0,"gold_gain":0,"player_choice":"Take Damage","damage_taken":18,"relics_obtained":["Golden Idol"],"max_hp_gain":0,"max_hp_loss":0,"event_name":"Golden Idol","floor":2,"gold_loss":0},{"damage_healed":0,"gold_gain":0,"player_choice":"Grow","damage_taken":0,"max_hp_gain":0,"max_hp_loss":0,"event_name":"Living Wall","floor":3,"gold_loss":0,"cards_upgraded":["TheCursedMod:EmpowerCircles"]},{"damage_healed":0,"gold_gain":0,"cards_transformed":["TheCursedMod:SpitefulPlan"],"player_choice":"Transformed","damage_taken":0,"max_hp_gain":0,"max_hp_loss":0,"event_name":"Transmorgrifier","floor":4,"gold_loss":0,"cards_obtained":["TheCursedMod:ReleasedKnowledge"]}],"is_beta":false,"boss_relics":[],"items_purged_floors":[],"is_endless":false,"potions_floor_spawned":[5,8],"killed_by":"3 Sentries","ascension_level":0}}