{"host":"njruw0b0uprlitpx","time":1608738903,"event":{"mods":["2.2 Compatiblity","Astrologer","BaseMod","Better Altar","Better Match","Better Note","Better Sensory Stone","Better Skull","Better Third Choice","BetterRewards","Block Reminder","Colored Map","Colored Powertips","Ekko","Gremlin Mod","Hermit","Jedi Mod","Keyboard Shortcuts","Minty Spire (QoL Compilation)","Quick Restart","Relic Stats","Replay The Spire","SacredBarkPlus","Spicy Shops","StSLib","SuperFastMode","The Construct","The Cursed","The Marked","The Mystic","The Necromancer","The Spell Scribe"],"gold_per_floor":[114,164,164,20,0,0,33,33,33,33,48,71,71,18,18,147,147,171,171,96,96,112,112,153,153,153,153,194,208,208,248,248,374,374,394,394,643,643,643],"floor_reached":38,"playtime":2589,"items_purged":["Normality"],"score":774,"play_id":"2e44c421-d8ec-4646-8d8b-d03f5c54a837","local_time":"20201223095503","is_ascension_mode":false,"campfire_choices":[{"data":"Gremlin:TagTeam","floor":6.0,"key":"SMITH"},{"data":"Gremlin:RageBreak","floor":8.0,"key":"SMITH"},{"data":"Gremlin:ArmsTheft","floor":10.0,"key":"SMITH"},{"data":"Gremlin:TargetWeakness","floor":13.0,"key":"SMITH"},{"data":"Gremlin:PinNeedle","floor":15.0,"key":"SMITH"},{"data":"Gremlin:Heckle","floor":23.0,"key":"SMITH"},{"data":"Gremlin:InfiniteBlocks","floor":27.0,"key":"SMITH"},{"data":"Gremlin:SecondVolley","floor":30.0,"key":"SMITH"},{"floor":32.0,"key":"REST"}],"circlet_count":0,"master_deck":["Gremlin:Strike","Gremlin:Strike","Gremlin:Strike","Gremlin:Strike","Gremlin:Defend","Gremlin:Defend","Gremlin:Defend","Gremlin:Defend","Gremlin:TagTeam+1","Gremlin:GremlinDance","Gremlin:Jeer","Gremlin:Jeer","Gremlin:RageBreak+1","Gremlin:PinNeedle+1","Gremlin:ProperTools","Gremlin:ArmsTheft+1","Gremlin:TargetWeakness+1","Gremlin:SecondVolley+1","Gremlin:PinNeedle+1","Gremlin:Unforgiving+1","Languid","Gremlin:Heckle+1","Gremlin:InfiniteBlocks+1","jedi:thedog","Gremlin:Polish+1","Gremlin:Duplicate","ReplayTheSpireMod:Faulty Equipment","Gremlin:SecondVolley","Madness","Madness","Hallucinations","jedi:frostbite"],"relics":["Gremlin:GremlinKnob","Incense Burner","Divine Protection","Cauldron","Ring of Misfortune","Ring of Greed","Membership Card","Smiling Mask","Golden Idol","Pondfish Scales","Tiny Chest","Quantum Egg","jedi:paperlyon","Replay:Bottled Eggs","Pantograph","Mirror","Mercury Hourglass","PreservedInsect","ReplayTheSpireMod:DimensionalGlitch"],"acts_visited":["Exordium","TheCity","TheBeyond"],"potions_floor_usage":[],"damage_taken":[{"damage":0.0,"enemies":"Small Slimes","floor":1.0,"turns":3.0},{"damage":0.0,"enemies":"Lagavulin","floor":7.0,"turns":5.0},{"damage":0.0,"enemies":"Jaw Worm","floor":11.0,"turns":2.0},{"damage":0.0,"enemies":"2 Louse","floor":12.0,"turns":2.0},{"damage":0.0,"enemies":"Hexaghost","floor":16.0,"turns":8.0},{"damage":4.0,"enemies":"Spheric Guardian","floor":18.0,"turns":4.0},{"damage":0.0,"enemies":"3 Byrds","floor":22.0,"turns":2.0},{"damage":40.0,"enemies":"Slavers","floor":24.0,"turns":4.0},{"damage":0.0,"enemies":"Book of Stabbing","floor":28.0,"turns":4.0},{"damage":0.0,"enemies":"3 Cultists","floor":29.0,"turns":3.0},{"damage":16.0,"enemies":"Gremlin Leader","floor":31.0,"turns":5.0},{"damage":14.0,"enemies":"Collector","floor":33.0,"turns":8.0},{"damage":5.0,"enemies":"Orb Walker","floor":35.0,"turns":2.0},{"damage":0,"enemies":"3 Shapes","floor":38,"turns":1}],"seed_played":"-8699635671078380435","potions_obtained":[{"floor":0.0,"key":"Cursed Concoction"},{"floor":0.0,"key":"Adrenaline Potion"},{"floor":0.0,"key":"jedi:StrikingPotion"},{"floor":1.0,"key":"SmokeBomb"},{"floor":7.0,"key":"EntropicBrew"},{"floor":12.0,"key":"PowerPotion"},{"floor":24.0,"key":"jedi:wingpotion"},{"floor":28.0,"key":"Energy Potion"},{"floor":29.0,"key":"GamblersBrew"},{"floor":31.0,"key":"Elixir"},{"floor":33.0,"key":"Reflective Coating"}],"is_trial":false,"path_per_floor":["M","?","?","$","?","R","E","R","T","R","M","M","R","$","R","B",null,"M","?","?","T","M","R","E","R","T","R","E","M","R","E","R","B",null,"M","?","?","M"],"character_chosen":"GREMLIN","items_purchased":["Divine Protection","Cauldron","Gremlin:Jeer","Pondfish Scales","Gremlin:RageBreak","Gremlin:PinNeedle","Gremlin:ProperTools","Fruit Juice"],"campfire_rested":1,"item_purchase_floors":[0,0,0,4,4,4,4,14],"current_hp_per_floor":[20,20,15,15,15,15,20,20,20,20,20,20,20,21,21,16,21,17,17,17,17,21,21,21,20,20,20,20,20,20,9,15,6,20,20,17,9,9,9],"gold":643,"neow_bonus":"","is_daily":false,"chose_seed":false,"campfire_upgraded":8,"win_rate":0.0,"timestamp":1608738903,"path_taken":["M","?","?","$","?","R","E","R","T","R","M","M","R","?","R","BOSS","M","?","?","?","M","R","E","R","T","R","E","?","R","E","R","BOSS","M","?","?","M"],"items_purchased_type":["Relic","Relic","Card","Relic","Card","Card","Card","Potion"],"build_version":"2020-12-22","purchased_purges":1,"victory":false,"max_hp_per_floor":[20,20,20,20,20,20,20,20,20,20,20,20,20,21,21,21,21,21,21,21,21,21,21,21,20,20,20,20,20,20,20,20,20,20,20,20,20,20,20],"relic_stats":{"counters":[114,458],"Golden Idol":155,"Pantograph":48,"Tiny Chest":1,"PreservedInsect":140,"Smiling Mask":-12,"obtain_stats":[{"Ice Cream":9,"Divine Protection":0,"Gremlin:StolenMerchandise":20,"Vajra":9,"Ginger":6,"jedi:shrinkray":22,"Sozu":34,"Lizard Tail":5,"Centennial Puzzle":13,"DollysMirror":41,"jedi:paperlyon":17,"Strawberry":19,"Philosopher\u0027s Stone":34,"Iron Hammer":12,"Kunai":9,"Toxic Egg 2":0,"Replay:Wax Seal":23,"Happy Flower":25,"ReplayTheSpireMod:CursedCoin":2,"Counterbalance":0,"HollowMod:JonisBlessing":22,"Velvet Choker":17,"Eternal Feather":9,"Pen Nib":43,"Runic Dome":36,"Bottled Flame":48,"ReplayTheSpireMod:Shallot":43,"Simple Rune":7,"Mirror":26,"ReplayTheSpireMod:DimensionalGlitch":34,"Unceasing Top":19,"Lantern":27,"Angel_Ring":7,"Painkiller Herb":17,"Replay:Multitool":11,"Bag of Preparation":19,"Incense Burner":0,"Mythril_Glove":26,"Replay:Mystery Machine":22,"Ancient Tea Set":41,"Smiling Mask":2,"Nunchaku":2,"Dream Catcher":14,"Replay:Bandana":31,"theSleuth:Tectrixcalibur":36,"Pantograph":24,"Tiny Chest":7,"energizedSpire:HugeHouse":17,"Red Mask":38,"Replay:Bottled Eggs":21,"InkBottle":9,"BargainBundle":0,"ReplayTheSpireMod:Ninjato":29,"NeowsBlessing":0,"Golden Idol":14,"Quantum Egg":9,"Thread and Needle":28,"PreservedInsect":0,"Protect_Vest":43,"Ring of Greed":2,"Frozen Egg 2":19,"Mercury Hourglass":28,"Calling Bell":19,"Cauldron":0,"Pondfish Scales":4,"Ornamental Fan":8,"Gremlin:GremlinKnob":0,"betterThird:SlimedRelic":7,"Ring of Misfortune":2,"Orrery":0,"Gremlin:PricklyShields":10,"Gem_Box":34,"Membership Card":2,"ReplayTheSpireMod:Lightbulb":8,"jedi:arcanewood":23,"TungstenRod":6,"ReplayTheSpireMod:ShopPack":14},{"Ice Cream":3,"Divine Protection":100,"Gremlin:StolenMerchandise":9,"Vajra":25,"Ginger":84,"jedi:shrinkray":70,"Sozu":16,"Lizard Tail":25,"Centennial Puzzle":86,"DollysMirror":39,"jedi:paperlyon":105,"Strawberry":69,"Philosopher\u0027s Stone":74,"Iron Hammer":26,"Kunai":57,"Toxic Egg 2":23,"Replay:Wax Seal":31,"Happy Flower":92,"ReplayTheSpireMod:CursedCoin":24,"Counterbalance":44,"HollowMod:JonisBlessing":30,"Velvet Choker":51,"Eternal Feather":63,"Pen Nib":19,"Runic Dome":97,"Bottled Flame":22,"ReplayTheSpireMod:Shallot":79,"Simple Rune":48,"Mirror":108,"ReplayTheSpireMod:DimensionalGlitch":112,"Unceasing Top":89,"Lantern":32,"Angel_Ring":3,"Painkiller Herb":28,"Replay:Multitool":85,"Bag of Preparation":89,"Incense Burner":100,"Mythril_Glove":32,"Replay:Mystery Machine":90,"Ancient Tea Set":19,"Smiling Mask":101,"Nunchaku":59,"Dream Catcher":67,"Replay:Bandana":95,"theSleuth:Tectrixcalibur":17,"Pantograph":108,"Tiny Chest":102,"energizedSpire:HugeHouse":7,"Red Mask":76,"Replay:Bottled Eggs":106,"InkBottle":48,"BargainBundle":81,"ReplayTheSpireMod:Ninjato":73,"NeowsBlessing":53,"Golden Idol":50,"Quantum Egg":102,"Thread and Needle":13,"PreservedInsect":81,"Protect_Vest":39,"Ring of Greed":101,"Frozen Egg 2":89,"Mercury Hourglass":109,"Calling Bell":89,"Cauldron":100,"Pondfish Scales":101,"Ornamental Fan":85,"Gremlin:GremlinKnob":0,"betterThird:SlimedRelic":25,"Ring of Misfortune":101,"Orrery":23,"Gremlin:PricklyShields":48,"Gem_Box":36,"Membership Card":82,"ReplayTheSpireMod:Lightbulb":25,"jedi:arcanewood":71,"TungstenRod":62,"ReplayTheSpireMod:ShopPack":6},{"Ice Cream":8,"Divine Protection":405,"Gremlin:StolenMerchandise":33,"Vajra":100,"Ginger":343,"jedi:shrinkray":287,"Sozu":65,"Lizard Tail":100,"Centennial Puzzle":347,"DollysMirror":153,"jedi:paperlyon":425,"Strawberry":284,"Philosopher\u0027s Stone":308,"Iron Hammer":102,"Kunai":229,"Toxic Egg 2":94,"Replay:Wax Seal":128,"Happy Flower":377,"ReplayTheSpireMod:CursedCoin":98,"Counterbalance":175,"HollowMod:JonisBlessing":123,"Velvet Choker":217,"Eternal Feather":251,"Pen Nib":77,"Runic Dome":398,"Bottled Flame":87,"ReplayTheSpireMod:Shallot":324,"Simple Rune":198,"Mirror":435,"ReplayTheSpireMod:DimensionalGlitch":455,"Unceasing Top":364,"Lantern":132,"Angel_Ring":8,"Painkiller Herb":115,"Replay:Multitool":345,"Bag of Preparation":364,"Incense Burner":405,"Mythril_Glove":132,"Replay:Mystery Machine":367,"Ancient Tea Set":77,"Smiling Mask":408,"Nunchaku":235,"Dream Catcher":271,"Replay:Bandana":385,"theSleuth:Tectrixcalibur":67,"Pantograph":435,"Tiny Chest":413,"energizedSpire:HugeHouse":26,"Red Mask":312,"Replay:Bottled Eggs":429,"InkBottle":198,"BargainBundle":333,"ReplayTheSpireMod:Ninjato":302,"NeowsBlessing":222,"Golden Idol":207,"Quantum Egg":413,"Thread and Needle":50,"PreservedInsect":333,"Protect_Vest":153,"Ring of Greed":408,"Frozen Egg 2":364,"Mercury Hourglass":439,"Calling Bell":364,"Cauldron":405,"Pondfish Scales":408,"Ornamental Fan":345,"Gremlin:GremlinKnob":0,"betterThird:SlimedRelic":100,"Ring of Misfortune":408,"Orrery":94,"Gremlin:PricklyShields":198,"Gem_Box":147,"Membership Card":335,"ReplayTheSpireMod:Lightbulb":100,"jedi:arcanewood":291,"TungstenRod":248,"ReplayTheSpireMod:ShopPack":17}],"Mercury Hourglass":[104]},"card_choices":[{"not_picked":["Gremlin:Tricksy","Gremlin:Changeo"],"picked":"Gremlin:Jeer","floor":1.0},{"not_picked":["Gremlin:DaggerDance","Gremlin:BubbleBarrier"],"picked":"Gremlin:ArmsTheft","floor":7.0},{"not_picked":["Gremlin:BubbleBarrier","Gremlin:DaggerDance"],"picked":"Gremlin:TargetWeakness","floor":11.0},{"not_picked":["Gremlin:Tadah","Gremlin:Patsy","Gremlin:Changeo"],"picked":"SKIP","floor":12.0},{"not_picked":["Gremlin:ShadowShiv","Gremlin:Nob"],"picked":"Gremlin:SecondVolley","floor":16.0},{"not_picked":["Gremlin:Enthusiasm","Gremlin:Changeo+1"],"picked":"Gremlin:PinNeedle+1","floor":18.0},{"not_picked":["Gremlin:PinNeedle","Gremlin:CatScratch"],"picked":"Gremlin:Heckle","floor":22.0},{"not_picked":["Gremlin:PourSalt","Gremlin:Jeer"],"picked":"Gremlin:InfiniteBlocks","floor":24.0},{"not_picked":["Gremlin:FanOfKnives","Gremlin:Glimmer","Gremlin:PartyStick"],"picked":"SKIP","floor":28.0},{"not_picked":["Gremlin:ToeStub+1","Gremlin:Tricksy"],"picked":"Gremlin:Polish+1","floor":29.0},{"not_picked":["Gremlin:Glimmer","Gremlin:Tricksy+1"],"picked":"Gremlin:Duplicate","floor":31.0},{"not_picked":["Gremlin:CongaLine","Gremlin:Duplicate"],"picked":"Gremlin:SecondVolley","floor":33.0},{"not_picked":["Gremlin:GremlinArms+1","Gremlin:PinNeedle","Gremlin:PourSalt+1"],"picked":"SKIP","floor":35.0}],"player_experience":1756600,"relics_obtained":[{"floor":2.0,"key":"Ring of Misfortune"},{"floor":2.0,"key":"Ring of Greed"},{"floor":2.0,"key":"Membership Card"},{"floor":2.0,"key":"Smiling Mask"},{"floor":7.0,"key":"Tiny Chest"},{"floor":9.0,"key":"Quantum Egg"},{"floor":21.0,"key":"Replay:Bottled Eggs"},{"floor":24.0,"key":"Pantograph"},{"floor":26.0,"key":"Mirror"},{"floor":28.0,"key":"Mercury Hourglass"},{"floor":31.0,"key":"PreservedInsect"}],"event_choices":[{"damage_healed":0.0,"max_hp_gain":0.0,"max_hp_loss":0.0,"gold_gain":0.0,"event_name":"Golden Idol","player_choice":"Take Damage","floor":3.0,"gold_loss":0.0,"damage_taken":5.0,"relics_obtained":["Golden Idol"]},{"damage_healed":0.0,"max_hp_gain":0.0,"max_hp_loss":0.0,"gold_gain":0.0,"event_name":"betterThird:BetterGoop","player_choice":"Left","floor":5.0,"gold_loss":20.0,"damage_taken":0.0},{"cards_removed":["Gremlin:ArmsTheft"],"damage_healed":0.0,"max_hp_gain":0.0,"max_hp_loss":0.0,"gold_gain":0.0,"event_name":"betterNote:BetterNote","player_choice":"Take \u0026 Give","floor":19.0,"gold_loss":0.0,"damage_taken":0.0,"cards_obtained":["Gremlin:Unforgiving"]},{"cards_removed":["jedi:frostbite"],"damage_healed":0.0,"max_hp_gain":0.0,"max_hp_loss":0.0,"gold_gain":0.0,"event_name":"Beggar","player_choice":"Gave Gold","floor":20.0,"gold_loss":75.0,"damage_taken":0.0},{"damage_healed":0.0,"max_hp_gain":0.0,"max_hp_loss":0.0,"gold_gain":0.0,"event_name":"Winding Halls","player_choice":"Embrace Madness","floor":36.0,"gold_loss":0.0,"damage_taken":3.0,"cards_obtained":["Madness","Madness"]}],"is_beta":false,"boss_relics":[{"not_picked":["Painkiller Herb","SacredBark"],"picked":"jedi:paperlyon"},{"not_picked":["Pandora\u0027s Box","Ring of Chaos"],"picked":"ReplayTheSpireMod:DimensionalGlitch"}],"items_purged_floors":[4],"is_endless":false,"potions_floor_spawned":[1,7,12,24,28,29,31,33],"killed_by":"3 Shapes","ascension_level":0}}