{"host":"pszcj3piwl6eu8b1","time":1608755614,"event":{"mods":["2.2 Compatiblity","Act Like it!","Aspiration","BaseMod","Better Altar","Better Match","Better Note","Better Sensory Stone","Better Skull","Better Third Choice","Better Vampires","CCEM","CapriCore","Energized Spire","Gensokyo","GifTheSpireLib","Hallownest","Hermit","Hubris","Jorbs\u0027s Wanderer Trilogy","Marisa????????","Marked Mod","Minty Spire (QoL Compilation)","Permanent Neow","Quarter Circle Forward PUNCH!","Quick Restart","Replay The Spire","Shop Mod","StSLib","Stuff the Spire","The Animator","The Blue Laboratory","The Immortal"],"gold_per_floor":[12,276,290,305,330,330,330,357,357,232,247,247,247,265,265,344,344,355,315,315,315,327,356,374,406,406,16,16,16],"floor_reached":28,"playtime":4760,"items_purged":[],"score":450,"play_id":"990b3326-e013-4237-a2c8-d84ae73a1ce2","local_time":"20201223123334","is_ascension_mode":true,"campfire_choices":[{"floor":6.0,"key":"REST"},{"data":"animator:Natsumi","floor":12.0,"key":"SMITH"},{"data":"animator:Tet","floor":15.0,"key":"SMITH"}],"circlet_count":0,"master_deck":["AscendersBane","animator:Strike_MadokaMagica","animator:Defend_MadokaMagica","animator:Strike","animator:Defend","animator:Defend","animator:IrohaTamaki","animator:YuiTsuruno","animator:Shiro","animator:PinaCoLada","animator:Tet+1","animator:KaguyaHouraisan","animator:YachiyoNanami","animator:Natsumi+1","animator:KotoriItsuka+1","animator:Eve+1","animator:Yuuichirou","animator:HiiragiShinya","animator:Ain","stsjorbsmod:Withering","animator:Shizu","animator:Mikaela+1","animator:KotoriKanbe","animator:DolaStephanie","animator:OrikoMikuni","animator:MamiTomoe","Gensokyo:Shovel","Gensokyo:ScrapIron","Gensokyo:DepletedGenerator","Gensokyo:BlemishedSteel","Gensokyo:RustyChest"],"relics":["animator:LivingPicture","animator:TheMissingPiece","StuffTheSpire:OccultApparatus","Replay:Baseball","Gensokyo:LunaticRedEyes","animator:WornHelmet","Replay:PocketPolymizer","Honey Jar","CCEMRelics:WhiteRose","Gensokyo:ConquerorOfFear","aspiration:FrozenJewel","CCEMRelics:BiPhaseBiplane"],"acts_visited":["Gensokyo:Gensokyo","Gensokyo:Gensokyoer"],"potions_floor_usage":[25],"damage_taken":[{"damage":3.0,"enemies":"Gensokyo:Python","floor":1.0,"turns":4.0},{"damage":2.0,"enemies":"Gensokyo:2_Kodama","floor":3.0,"turns":3.0},{"damage":3.0,"enemies":"Gensokyo:Gryphon","floor":4.0,"turns":4.0},{"damage":6.0,"enemies":"Gensokyo:Python_and_Kodama","floor":5.0,"turns":3.0},{"damage":3.0,"enemies":"Gensokyo:Aya","floor":8.0,"turns":8.0},{"damage":2.0,"enemies":"Gensokyo:Kitsune","floor":11.0,"turns":3.0},{"damage":1.0,"enemies":"Gensokyo:LivingMonolith","floor":14.0,"turns":3.0},{"damage":10.0,"enemies":"Gensokyo:Kokoro","floor":16.0,"turns":9.0},{"damage":12.0,"enemies":"Gensokyo:AngelMirror","floor":18.0,"turns":4.0},{"damage":32.0,"enemies":"Gensokyo:3_Dogs","floor":22.0,"turns":6.0},{"damage":1.0,"enemies":"Gensokyo:Reisen","floor":23.0,"turns":6.0},{"damage":0.0,"enemies":"Gensokyo:Wraith","floor":24.0,"turns":5.0},{"damage":0,"enemies":"Gensokyo:Slime_Group","floor":25,"turns":6},{"damage":10,"enemies":"Gensokyo:Mirror_and_Dog","floor":28,"turns":3}],"seed_played":"20919392758518671","potions_obtained":[{"floor":1.0,"key":"Dexterity Potion"},{"floor":4.0,"key":"blueLaboratory:FruitPunch"},{"floor":8.0,"key":"Swift Potion"},{"floor":14.0,"key":"SpeedPotion"},{"floor":23.0,"key":"blueLaboratory:NullPotion"},{"floor":24.0,"key":"blueLaboratory:FruitPunch"}],"is_trial":false,"path_per_floor":["M","?","M","M","M","R","?","E","T","?","M","R","?","M","R","B",null,"M","?","T","?","M","E","M","M","T","COS","M"],"character_chosen":"THE_ANIMATOR","items_purchased":[],"campfire_rested":1,"item_purchase_floors":[],"current_hp_per_floor":[51,13,11,8,4,22,22,19,19,19,17,17,17,16,16,6,48,36,36,36,36,4,3,4,6,6,6,0,0],"gold":16,"neow_bonus":"TRANSFORM_TWO_CARDS","is_daily":false,"chose_seed":true,"campfire_upgraded":2,"win_rate":0.0,"timestamp":1608755614,"path_taken":["M","?","?","M","M","R","?","E","T","?","M","R","?","M","R","BOSS","M","?","?","?","M","E","M","M","T","COS","M"],"items_purchased_type":[],"build_version":"2020-12-22","purchased_purges":0,"victory":false,"max_hp_per_floor":[60,60,60,60,62,62,62,62,62,62,62,62,62,62,62,62,62,62,62,62,62,62,62,63,65,65,65,65,65],"card_choices":[{"not_picked":["animator:YoshinoHaruhiko","animator:GazelDwargon"],"picked":"animator:Tet","floor":1.0},{"not_picked":["animator:YuukaKazami","animator:EriShiina","animator:Bozes"],"picked":"SKIP","floor":3.0},{"not_picked":["animator:YuiTsuruno","animator:YoshinoHimekawa"],"picked":"animator:KaguyaHouraisan","floor":4.0},{"not_picked":["animator:KyokoSakura","animator:SayakaMiki"],"picked":"animator:YachiyoNanami","floor":5.0},{"not_picked":["animator:LeleiLaLalena","animator:Sebas"],"picked":"animator:Natsumi","floor":8.0},{"not_picked":["animator:Biyorigo+1","animator:Eve+1"],"picked":"animator:KotoriItsuka+1","floor":10.0},{"not_picked":["animator:Father+1","animator:AyatoNaoi+1"],"picked":"animator:Eve+1","floor":10.0},{"not_picked":["animator:SuikaIbuki","animator:Greed+1"],"picked":"animator:Yuuichirou","floor":10.0},{"not_picked":["animator:Azekura","animator:Tet"],"picked":"animator:HiiragiShinya","floor":11.0},{"not_picked":["animator:SakuyaOhtori","animator:Hitei","animator:LizardPriest"],"picked":"SKIP","floor":14.0},{"not_picked":["animator:Eve","animator:KoishiKomeiji"],"picked":"animator:Shizu","floor":16.0},{"not_picked":["animator:Yoichi","animator:Shinoa","animator:Mitsuba"],"picked":"animator:Mikaela","floor":18.0},{"not_picked":["animator:DolaRiku+1","animator:ReineMurasame","animator:Souseiseki"],"picked":"animator:KotoriKanbe","floor":22.0},{"not_picked":["animator:MukuroHoshimiya","animator:PandorasActor","animator:Geryuganshoop"],"picked":"animator:DolaStephanie","floor":23.0},{"not_picked":["animator:Rider","animator:YamaiSisters","animator:UneriGinkaku"],"picked":"animator:OrikoMikuni","floor":24.0},{"not_picked":["animator:YuiTsuruno","animator:KyokoSakura","animator:OrikoMikuni"],"picked":"animator:MamiTomoe","floor":25}],"player_experience":1505776,"relics_obtained":[{"floor":8.0,"key":"animator:WornHelmet"},{"floor":9.0,"key":"Replay:PocketPolymizer"},{"floor":20.0,"key":"CCEMRelics:WhiteRose"},{"floor":22.0,"key":"Gensokyo:ConquerorOfFear"},{"floor":23.0,"key":"aspiration:FrozenJewel"}],"event_choices":[{"damage_healed":0.0,"max_hp_gain":0.0,"max_hp_loss":0.0,"gold_gain":264.0,"event_name":"betterSkull:BetterSkull","player_choice":"GO RE GO GO ","floor":2.0,"gold_loss":0.0,"damage_taken":43.0,"cards_upgraded":[],"relics_obtained":["Replay:Baseball"]},{"damage_healed":0.0,"max_hp_gain":0.0,"max_hp_loss":0.0,"gold_gain":0.0,"event_name":"betterMatch:BetterMatch","player_choice":"3","floor":10.0,"gold_loss":0.0,"damage_taken":0.0,"cards_obtained":["betterMatch:RareCard"]}],"is_beta":false,"boss_relics":[{"not_picked":["animator:RacePiece","Mark of Pain"],"picked":"Honey Jar"}],"items_purged_floors":[],"is_endless":false,"potions_floor_spawned":[1,4,8,14,23,24],"killed_by":"Gensokyo:Mirror_and_Dog","ascension_level":20}}