{"host":"7p9x7pjspzs3wva0","time":1608725896,"event":{"mods":["Aspiration","BaseMod","Better Skull","Better Third Choice","BetterRewards","Colored Map","Conspire","Dio Mod","Energized Spire","Infinite Spire","Minty Spire (QoL Compilation)","Replay The Spire","Small Relic Pack","StSLib","The Jungle"],"gold_per_floor":[114,23,23,42,42,42,59,70,70,70,87,116,116,116,116,193,193,205,104,104,104,104,16,16,16,16,31,31,31],"floor_reached":28,"playtime":938,"items_purged":[],"score":428,"play_id":"496bf5dd-897c-4a0f-a3c0-1fb0b93f82a4","local_time":"20201223141816","is_ascension_mode":true,"campfire_choices":[{"data":"dioMod:Minions","floor":6.0,"key":"SMITH"},{"floor":10.0,"key":"REST"},{"data":"dioMod:BlendIn","floor":13.0,"key":"SMITH"},{"floor":15.0,"key":"REST"},{"floor":25,"key":"REST"}],"circlet_count":0,"master_deck":["AscendersBane","dioMod:Strike","dioMod:Strike","dioMod:Strike","dioMod:Strike","Bite","dioMod:Defend","dioMod:Defend","dioMod:Defend","dioMod:Defend","dioMod:BlendIn+1","Specialist","dioMod:Minions+1","dioMod:BloodShield","dioMod:DisarmingVoice","dioMod:ZaWarudo","Looming Evil","Survivor","dioMod:KonoDioDa","ReplayTheSpireMod:Private Reserves","infinitespire:UltimateForm","dioMod:BloodSplash","dioMod:ComboFever","dioMod:Muda","dioMod:Minions","Steam"],"relics":["dioMod:VampireBlood","Question Card","infinitespire:Joker Card","ReplayTheSpireMod:SealedPack","PrismaticShard","Pen Nib","Du-Vu Doll"],"acts_visited":["Exordium","TheCity"],"potions_floor_usage":[28],"damage_taken":[{"damage":6.0,"enemies":"2 Louse","floor":1.0,"turns":3.0},{"damage":17.0,"enemies":"Small Slimes","floor":4.0,"turns":4.0},{"damage":26.0,"enemies":"Jaw Worm","floor":7.0,"turns":6.0},{"damage":5.0,"enemies":"Large Slime","floor":8.0,"turns":4.0},{"damage":3.0,"enemies":"Blue Slaver","floor":11.0,"turns":3.0},{"damage":19.0,"enemies":"Lagavulin","floor":12.0,"turns":6.0},{"damage":38.0,"enemies":"The Guardian","floor":16.0,"turns":10.0},{"damage":53.0,"enemies":"conspire:FuzzyDice","floor":18.0,"turns":11.0},{"damage":15,"enemies":"Chosen","floor":27,"turns":7},{"damage":30,"enemies":"Centurion and Healer","floor":28,"turns":6}],"seed_played":"5091176818212119793","potions_obtained":[{"floor":4.0,"key":"Strength Potion"},{"floor":8.0,"key":"Block Potion"},{"floor":12.0,"key":"infinitespire:BlackPotion"},{"floor":16.0,"key":"Adrenaline Potion"}],"is_trial":false,"path_per_floor":["M","$","?","M","$","R","M","M","T","R","M","E","R","?","R","B",null,"M","$","?","?","T","$","?","R","T","M","M"],"character_chosen":"THE_DEFAULT","items_purchased":["Specialist","dioMod:ComboFever","dioMod:Muda","dioMod:Minions"],"campfire_rested":3,"item_purchase_floors":[2,19,19,23],"current_hp_per_floor":[67,67,67,58,58,58,41,44,44,65,65,55,55,55,70,43,63,22,22,22,10,10,10,10,31,31,21,0,0],"gold":31,"neow_bonus":"","is_daily":false,"chose_seed":false,"campfire_upgraded":2,"win_rate":0.0,"timestamp":1608725896,"path_taken":["M","$","?","M","$","R","M","M","T","R","M","E","R","?","R","BOSS","M","$","?","?","?","?","?","R","T","M","M"],"items_purchased_type":["Card","Card","Card","Card"],"build_version":"2020-12-22","purchased_purges":0,"victory":false,"max_hp_per_floor":[70,70,70,70,70,70,70,70,70,70,70,70,70,70,70,70,70,70,70,70,70,70,70,70,70,70,70,70,70],"card_choices":[{"not_picked":["dioMod:VengefulMuda","dioMod:Donut"],"picked":"dioMod:BlendIn","floor":1.0},{"not_picked":["dioMod:LaserVision","dioMod:BloodSuck"],"picked":"dioMod:Minions","floor":4.0},{"not_picked":["dioMod:DarkRebirth","dioMod:Hiss","dioMod:VengefulMuda"],"picked":"SKIP","floor":7.0},{"not_picked":["dioMod:CutDeep","dioMod:DaggerSpree","dioMod:WRYYY"],"picked":"SKIP","floor":8.0},{"not_picked":["dioMod:DarkRebirth","dioMod:LaserVision","dioMod:CutDeep"],"picked":"dioMod:BloodShield","floor":11.0},{"not_picked":["dioMod:Donut","dioMod:HeavyLifting","dioMod:SecretPlan"],"picked":"dioMod:DisarmingVoice","floor":12.0},{"not_picked":["dioMod:RoadRoller","dioMod:Despair","dioMod:Refresh"],"picked":"dioMod:ZaWarudo","floor":16.0},{"not_picked":["Neutralize","Eruption","Zap"],"picked":"Survivor","floor":17.0},{"not_picked":["dioMod:Refresh","dioMod:Despair","dioMod:SevenPageMuda"],"picked":"dioMod:KonoDioDa","floor":17.0},{"not_picked":["Jack Of All Trades","Impatience","conspire:Banana"],"picked":"ReplayTheSpireMod:Private Reserves","floor":17.0},{"not_picked":["infinitespire:TheBestDefense","infinitespire:Menacing","infinitespire:Collect"],"picked":"infinitespire:UltimateForm","floor":17.0},{"not_picked":["dioMod:LaserVision","dioMod:Roundabout","dioMod:Muda"],"picked":"dioMod:BloodSplash","floor":18},{"not_picked":["Cleave","Hemokinesis","Calculated Gamble"],"picked":"Steam","floor":27}],"player_experience":285171,"relics_obtained":[{"floor":9.0,"key":"Question Card"},{"floor":12.0,"key":"infinitespire:Joker Card"},{"floor":21,"key":"PrismaticShard"},{"floor":22,"key":"Pen Nib"},{"floor":26,"key":"Du-Vu Doll"}],"event_choices":[{"damage_healed":0,"gold_gain":0,"player_choice":"Ignored","damage_taken":0,"max_hp_gain":0,"max_hp_loss":0,"event_name":"Vampires","floor":20,"gold_loss":0}],"is_beta":false,"boss_relics":[{"not_picked":["energizedSpire:RedRose","Kintsugi"],"picked":"ReplayTheSpireMod:SealedPack"}],"items_purged_floors":[],"is_endless":false,"potions_floor_spawned":[4,8,12,16,18],"killed_by":"Centurion and Healer","ascension_level":20}}