{"host":"5bdt6s51dmpd4l3v","time":1608725458,"event":{"mods":["AchievementEnabler","BaseMod","Colored Map","Colored Powertips","Highlight Path","Minty Spire (QoL Compilation)","Quick Restart","Rare Cards Sparkle","StSLib"],"gold_per_floor":[115,130,130,145,162,162,195,195],"floor_reached":7,"playtime":250,"items_purged":[],"score":93,"play_id":"563ca3b0-3890-47b1-ae75-c0fafafaa913","local_time":"20201223201058","is_ascension_mode":true,"campfire_choices":[{"data":"Body Slam","floor":6,"key":"SMITH"}],"circlet_count":0,"master_deck":["AscendersBane","Strike_R","Strike_R","Strike_R","Strike_R","Defend_R","Defend_R","Defend_R","Defend_R","Bash","Body Slam+1","Burning Pact","Armaments","Iron Wave"],"relics":["Burning Blood","NeowsBlessing","Strawberry"],"acts_visited":["Exordium"],"potions_floor_usage":[5],"damage_taken":[{"damage":0,"enemies":"Small Slimes","floor":1,"turns":1},{"damage":0,"enemies":"Cultist","floor":2,"turns":1},{"damage":0,"enemies":"Jaw Worm","floor":4,"turns":1},{"damage":4,"enemies":"Exordium Wildlife","floor":5,"turns":4},{"damage":57,"enemies":"3 Sentries","floor":7,"turns":12}],"seed_played":"-2942356017738180254","potions_obtained":[{"floor":2,"key":"AttackPotion"},{"floor":7,"key":"Strength Potion"}],"is_trial":false,"path_per_floor":["M","M","?","M","M","R","E"],"character_chosen":"IRONCLAD","items_purchased":[],"campfire_rested":0,"item_purchase_floors":[],"current_hp_per_floor":[74,75,75,75,75,75,31,31],"gold":195,"neow_bonus":"THREE_ENEMY_KILL","is_daily":false,"chose_seed":false,"campfire_upgraded":1,"win_rate":0.0,"timestamp":1608725458,"path_taken":["M","M","?","?","M","R","E"],"items_purchased_type":[],"build_version":"2020-12-22","purchased_purges":0,"victory":false,"max_hp_per_floor":[75,75,75,75,75,75,82,82],"card_choices":[{"not_picked":["Rampage","Clothesline"],"picked":"Body Slam","floor":1},{"not_picked":["Infernal Blade","Clash"],"picked":"Burning Pact","floor":2},{"not_picked":["Rupture","Shrug It Off"],"picked":"Armaments","floor":4},{"not_picked":["Carnage","Thunderclap"],"picked":"Iron Wave","floor":5},{"not_picked":["Shrug It Off","Reckless Charge","Dual Wield"],"picked":"SKIP","floor":7}],"player_experience":209532,"relics_obtained":[{"floor":7,"key":"Strawberry"}],"event_choices":[{"cards_removed":["Strike_R"],"damage_healed":0,"gold_gain":0,"player_choice":"Offered Basic","damage_taken":0,"max_hp_gain":0,"max_hp_loss":0,"event_name":"Bonfire Elementals","floor":3,"gold_loss":0}],"is_beta":false,"boss_relics":[],"items_purged_floors":[],"is_endless":false,"potions_floor_spawned":[2,7],"killed_by":"3 Sentries","ascension_level":15}}