{"host":"cwd5s03r1oaxs6mx","time":1608738056,"event":{"mods":["Act Like it!","BaseMod","Better Third Choice","BetterRewards","CapriCore","Card Filter","Colored Map","Custom Start","DeckTracker","Friendly Minions","Hubris","Infinite Spire","Minty Spire (QoL Compilation)","Quick Restart","Relic Stats","Shop Mod","Spicy Shops","StSLib","SuperFastMode","The Gatherer"],"gold_per_floor":[111,186,186,186,197,197,197],"floor_reached":6,"playtime":220,"items_purged":["Strike_R","Strike_R"],"score":68,"play_id":"09c24ceb-e6c9-4858-8485-06330b092063","local_time":"20201224004056","is_ascension_mode":true,"campfire_choices":[],"circlet_count":0,"master_deck":["AscendersBane","Strike_R","Strike_R","Strike_R","Defend_R","Defend_R","Defend_R","Defend_R","Bash","Finesse","infinitespire:OneForAll","Master of Strategy","Dropkick","Dual Wield"],"relics":["Burning Blood","Smiling Mask"],"acts_visited":["Exordium"],"potions_floor_usage":[6],"damage_taken":[{"damage":2,"enemies":"2 Louse","floor":1,"turns":3},{"damage":12,"enemies":"Jaw Worm","floor":5,"turns":3},{"damage":70,"enemies":"Lagavulin","floor":6,"turns":7}],"seed_played":"-682857074222959929","potions_obtained":[{"floor":5,"key":"ColorlessPotion"}],"is_trial":false,"path_per_floor":["M","?","?","T","M","E"],"character_chosen":"IRONCLAD","items_purchased":["Finesse","infinitespire:OneForAll","Master of Strategy","Dropkick","Dual Wield"],"campfire_rested":0,"item_purchase_floors":[0,0,0,0,0],"current_hp_per_floor":[72,61,61,61,55,0,0],"gold":197,"neow_bonus":"","is_daily":false,"chose_seed":false,"campfire_upgraded":0,"win_rate":0.0,"timestamp":1608738056,"path_taken":["M","?","?","?","M","E"],"items_purchased_type":["Card","Card","Card","Card","Card"],"build_version":"2020-12-22","purchased_purges":2,"victory":false,"max_hp_per_floor":[75,75,75,75,75,75,75],"relic_stats":{"counters":[98,377],"Smiling Mask":0,"obtain_stats":[{"infinitespire:BottledMercury":0,"Calipers":45,"hubris:CrystalStatue":10,"Vajra":26,"Sling":36,"Boot":55,"Philosopher\u0027s Stone":0,"hubris:DeckOfHolding":22,"Necronomicon":0,"MerchantsRug":0,"Pear":26,"Happy Flower":0,"Dead Branch":0,"Astrolabe":17,"Velvet Choker":0,"Oddly Smooth Stone":22,"Pen Nib":0,"infinitespire:Beetle Shell":41,"War Paint":37,"Question Card":43,"Akabeko":44,"hubris:Zylophone":0,"SlaversCollar":0,"Runic Dome":17,"hubris:BottledHeart":21,"Shuriken":36,"Bronze Scales":46,"Mark of Pain":34,"StrikeDummy":0,"infinitespire:PuzzleCube":11,"Pocketwatch":24,"Darkstone Periapt":0,"Regal Pillow":26,"Lantern":13,"Singing Bowl":12,"Magic Flower":37,"Mango":54,"Juzu Bracelet":13,"Bag of Preparation":9,"Empty Cage":0,"Ancient Tea Set":24,"Smiling Mask":4,"Burning Blood":0,"ClockworkSouvenir":14,"hubris:BlackHole":17,"Dream Catcher":2,"hubris:Backtick":17,"hubris:Icosahedron":44,"Mummified Hand":31,"Pantograph":14,"Toolbox":54,"Tiny Chest":0,"Chemical X":0,"hubris:ChampionShield":0,"InkBottle":7,"Potion Belt":23,"infinitespire:CursedDice":7,"hubris:64BitClover":23,"hubris:MedicalManual":0,"PreservedInsect":10,"hubris:Towel":8,"Frozen Egg 2":40,"Orichalcum":46,"Medical Kit":22,"Anchor":0,"infinitespire:Satchel":27,"Art of War":27,"Bag of Marbles":0,"Membership Card":22,"hubris:CrackedHourglass":17,"hubris:OldNail":9,"hubris:Potato":17,"infinitespire:Midas Blood":7},{"infinitespire:BottledMercury":49,"Calipers":43,"hubris:CrystalStatue":57,"Vajra":85,"Sling":40,"Boot":48,"Philosopher\u0027s Stone":25,"hubris:DeckOfHolding":35,"Necronomicon":25,"MerchantsRug":25,"Pear":36,"Happy Flower":52,"Dead Branch":25,"Astrolabe":79,"Velvet Choker":25,"Oddly Smooth Stone":35,"Pen Nib":25,"infinitespire:Beetle Shell":42,"War Paint":90,"Question Card":92,"Akabeko":92,"hubris:Zylophone":25,"SlaversCollar":25,"Runic Dome":60,"hubris:BottledHeart":35,"Shuriken":40,"Bronze Scales":43,"Mark of Pain":88,"StrikeDummy":0,"infinitespire:PuzzleCube":4,"Pocketwatch":9,"Darkstone Periapt":25,"Regal Pillow":10,"Lantern":58,"Singing Bowl":31,"Magic Flower":90,"Mango":47,"Juzu Bracelet":5,"Bag of Preparation":30,"Empty Cage":25,"Ancient Tea Set":36,"Smiling Mask":96,"Burning Blood":0,"ClockworkSouvenir":5,"hubris:BlackHole":24,"Dream Catcher":26,"hubris:Backtick":6,"hubris:Icosahedron":42,"Mummified Hand":38,"Pantograph":31,"Toolbox":47,"Tiny Chest":25,"Chemical X":15,"hubris:ChampionShield":25,"InkBottle":3,"Potion Belt":64,"infinitespire:CursedDice":20,"hubris:64BitClover":84,"hubris:MedicalManual":0,"PreservedInsect":76,"hubris:Towel":3,"Frozen Egg 2":91,"Orichalcum":93,"Medical Kit":35,"Anchor":25,"infinitespire:Satchel":37,"Art of War":11,"Bag of Marbles":70,"Membership Card":8,"hubris:CrackedHourglass":32,"hubris:OldNail":3,"hubris:Potato":6,"infinitespire:Midas Blood":30},{"infinitespire:BottledMercury":163,"Calipers":154,"hubris:CrystalStatue":191,"Vajra":306,"Sling":151,"Boot":159,"Philosopher\u0027s Stone":109,"hubris:DeckOfHolding":136,"Necronomicon":109,"MerchantsRug":109,"Pear":139,"Happy Flower":181,"Dead Branch":109,"Astrolabe":280,"Velvet Choker":109,"Oddly Smooth Stone":136,"Pen Nib":109,"infinitespire:Beetle Shell":153,"War Paint":338,"Question Card":350,"Akabeko":350,"hubris:Zylophone":109,"SlaversCollar":109,"Runic Dome":202,"hubris:BottledHeart":136,"Shuriken":151,"Bronze Scales":154,"Mark of Pain":330,"StrikeDummy":0,"infinitespire:PuzzleCube":12,"Pocketwatch":35,"Darkstone Periapt":109,"Regal Pillow":38,"Lantern":194,"Singing Bowl":124,"Magic Flower":338,"Mango":158,"Juzu Bracelet":19,"Bag of Preparation":121,"Empty Cage":109,"Ancient Tea Set":139,"Smiling Mask":367,"Burning Blood":0,"ClockworkSouvenir":19,"hubris:BlackHole":106,"Dream Catcher":111,"hubris:Backtick":27,"hubris:Icosahedron":153,"Mummified Hand":146,"Pantograph":124,"Toolbox":158,"Tiny Chest":109,"Chemical X":59,"hubris:ChampionShield":109,"InkBottle":10,"Potion Belt":216,"infinitespire:CursedDice":85,"hubris:64BitClover":302,"hubris:MedicalManual":0,"PreservedInsect":267,"hubris:Towel":10,"Frozen Egg 2":345,"Orichalcum":356,"Medical Kit":136,"Anchor":109,"infinitespire:Satchel":143,"Art of War":44,"Bag of Marbles":247,"Membership Card":32,"hubris:CrackedHourglass":128,"hubris:OldNail":10,"hubris:Potato":27,"infinitespire:Midas Blood":121}],"Burning Blood":414},"card_choices":[{"not_picked":["Rampage","Perfected Strike","Pommel Strike"],"picked":"SKIP","floor":1},{"not_picked":["Power Through","Wild Strike","Sentinel"],"picked":"SKIP","floor":5}],"player_experience":950118,"relics_obtained":[{"floor":4,"key":"Smiling Mask"}],"event_choices":[{"damage_healed":0,"gold_gain":75,"player_choice":"Gold","damage_taken":11,"max_hp_gain":0,"max_hp_loss":0,"event_name":"betterThird:BetterGoop","floor":2,"gold_loss":0}],"is_beta":false,"boss_relics":[],"items_purged_floors":[0,0],"is_endless":false,"potions_floor_spawned":[5],"killed_by":"Lagavulin","ascension_level":20}}