{"host":"3t6uby4o5waaq95r","time":1608753522,"event":{"mods":["AchievementEnabler","BaseMod","Bestiary","Colored Map","Highlight Path","Minty Spire (QoL Compilation)","Permanent Neow","Quick Restart","Random Character Button","SuperFastMode"],"gold_per_floor":[118,118,18,28,43,43,63,63,87,37,57,57,77,97,97,97,97],"floor_reached":16,"playtime":303,"items_purged":[],"score":94,"play_id":"8bb8f931-4661-467c-8c0e-596163939e88","local_time":"20201223135842","is_ascension_mode":false,"campfire_choices":[{"data":"Zap","floor":6,"key":"SMITH"},{"data":"Scrape","floor":8,"key":"SMITH"},{"data":"Go for the Eyes","floor":12,"key":"SMITH"},{"data":"FTL","floor":15,"key":"SMITH"}],"circlet_count":0,"master_deck":["Strike_B","Strike_B","Strike_B","Defend_B","Defend_B","Defend_B","Defend_B","Zap+1","Dualcast","All For One","Melter","Go for the Eyes+1","Scrape+1","Hologram","Reprogram","Steam","FTL+1","Gash"],"relics":["Cracked Core","Strawberry","Nunchaku"],"acts_visited":["Exordium"],"potions_floor_usage":[],"damage_taken":[{"damage":7,"enemies":"2 Louse","floor":1,"turns":2},{"damage":0,"enemies":"Cultist","floor":4,"turns":2},{"damage":5,"enemies":"Small Slimes","floor":5,"turns":2},{"damage":0,"enemies":"Exordium Wildlife","floor":7,"turns":2},{"damage":5,"enemies":"Blue Slaver","floor":11,"turns":3},{"damage":0,"enemies":"3 Louse","floor":13,"turns":3},{"damage":5,"enemies":"Red Slaver","floor":14,"turns":3},{"damage":65,"enemies":"Slime Boss","floor":16,"turns":8}],"seed_played":"-4536990551281881874","potions_obtained":[{"floor":1,"key":"EssenceOfSteel"},{"floor":4,"key":"EntropicBrew"},{"floor":7,"key":"GamblersBrew"},{"floor":14,"key":"LiquidBronze"}],"is_trial":false,"path_per_floor":["M","?","$","M","M","R","M","R","T","?","M","R","M","M","R","B"],"character_chosen":"DEFECT","items_purchased":["Go for the Eyes","Scrape"],"campfire_rested":0,"item_purchase_floors":[3,3],"current_hp_per_floor":[68,75,75,75,70,70,70,70,70,70,65,65,65,60,60,0,0],"gold":97,"neow_bonus":"ONE_RANDOM_RARE_CARD","is_daily":false,"chose_seed":false,"campfire_upgraded":4,"win_rate":0.0,"timestamp":1608753522,"path_taken":["M","?","$","?","M","R","M","R","T","?","M","R","M","M","R","BOSS"],"items_purchased_type":["Card","Card"],"build_version":"2020-12-22","purchased_purges":0,"victory":false,"max_hp_per_floor":[75,82,82,82,82,82,82,82,82,82,82,82,82,82,82,82,82],"card_choices":[{"not_picked":["Hologram","Darkness"],"picked":"Melter","floor":1},{"not_picked":["Cold Snap","Leap"],"picked":"Hologram","floor":4},{"not_picked":["Conserve Battery","Rebound"],"picked":"Reprogram","floor":5},{"not_picked":["Stack","Tempest","Storm"],"picked":"SKIP","floor":7},{"not_picked":["Streamline","Coolheaded"],"picked":"Steam","floor":11},{"not_picked":["Rebound","Undo"],"picked":"FTL","floor":13},{"not_picked":["Blizzard","Cold Snap"],"picked":"Gash","floor":14}],"player_experience":792860,"relics_obtained":[{"floor":9,"key":"Nunchaku"}],"event_choices":[{"damage_healed":0,"gold_gain":0,"player_choice":"Gave Potion","damage_taken":0,"relics_obtained":["Strawberry"],"max_hp_gain":0,"max_hp_loss":0,"event_name":"WeMeetAgain","floor":2,"gold_loss":0},{"cards_removed":["Strike_B"],"damage_healed":0,"gold_gain":0,"player_choice":"Card Removal","damage_taken":0,"max_hp_gain":0,"max_hp_loss":0,"event_name":"The Cleric","floor":10,"gold_loss":50}],"is_beta":false,"boss_relics":[],"items_purged_floors":[],"is_endless":false,"potions_floor_spawned":[1,4,7,14],"killed_by":"Slime Boss","ascension_level":0}}