{"host":"o0q01dgb4z8zpo6o","time":1608766717,"event":{"mods":["BaseMod","GifTheSpireLib","Minty Spire (QoL Compilation)","Relic Stats","StSLib"],"gold_per_floor":[116,132,57,57,75,75,110,35,35,51,51,51,51,80,80,80,80],"floor_reached":16,"playtime":830,"items_purged":["Strike_B"],"score":194,"play_id":"3e71b2ae-eed8-4ee4-9ca9-2d39f59352b8","local_time":"20201223153837","is_ascension_mode":true,"campfire_choices":[{"data":"Sweeping Beam","floor":6,"key":"SMITH"},{"data":"Coolheaded","floor":11,"key":"SMITH"},{"floor":13,"key":"REST"},{"data":"Dualcast","floor":15,"key":"SMITH"}],"circlet_count":0,"master_deck":["AscendersBane","Strike_B","Strike_B","Defend_B","Defend_B","Defend_B","Defend_B","Zap","Dualcast+1","Sweeping Beam+1","Coolheaded+1","Cold Snap","Ball Lightning","Normality","Cold Snap","Rebound"],"relics":["Cursed Key","Prayer Wheel","CaptainsWheel","Ornamental Fan"],"acts_visited":["Exordium"],"potions_floor_usage":[7],"damage_taken":[{"damage":0,"enemies":"2 Louse","floor":1,"turns":3},{"damage":5,"enemies":"Small Slimes","floor":2,"turns":4},{"damage":0,"enemies":"Cultist","floor":5,"turns":4},{"damage":35,"enemies":"Gremlin Nob","floor":7,"turns":6},{"damage":14,"enemies":"3 Louse","floor":10,"turns":2},{"damage":20,"enemies":"Lagavulin","floor":14,"turns":7},{"damage":37,"enemies":"Slime Boss","floor":16,"turns":8}],"seed_played":"-4676573748475035566","potions_obtained":[{"floor":1,"key":"PowerPotion"},{"floor":10,"key":"GamblersBrew"},{"floor":14,"key":"Ancient Potion"}],"is_trial":false,"path_per_floor":["M","M","?","?","M","R","E","$","T","M","R","?","R","E","R","B"],"character_chosen":"DEFECT","items_purchased":[],"campfire_rested":1,"item_purchase_floors":[],"current_hp_per_floor":[64,59,59,55,55,55,20,20,20,6,6,29,50,30,30,0,0],"gold":80,"neow_bonus":"BOSS_RELIC","is_daily":false,"chose_seed":false,"campfire_upgraded":3,"win_rate":0.0,"timestamp":1608766717,"path_taken":["M","M","?","?","?","R","E","$","T","M","R","?","R","E","R","BOSS"],"items_purchased_type":[],"build_version":"2020-12-22","purchased_purges":1,"victory":false,"max_hp_per_floor":[71,71,71,71,71,71,71,71,71,71,71,71,71,71,71,71,71],"relic_stats":{"counters":[7,34],"Ornamental Fan":[4],"Prayer Wheel":1,"Cursed Key":1,"obtain_stats":[{"CaptainsWheel":9,"Ornamental Fan":14,"Prayer Wheel":7,"Cracked Core":0,"Cursed Key":0},{"CaptainsWheel":4,"Ornamental Fan":6,"Prayer Wheel":4,"Cracked Core":0,"Cursed Key":0},{"CaptainsWheel":17,"Ornamental Fan":26,"Prayer Wheel":17,"Cracked Core":0,"Cursed Key":0}]},"card_choices":[{"not_picked":["Lockon","Streamline"],"picked":"Sweeping Beam","floor":1},{"not_picked":["Barrage","Rip and Tear"],"picked":"Coolheaded","floor":2},{"not_picked":["Hello World","Compile Driver"],"picked":"Cold Snap","floor":5},{"not_picked":["Compile Driver","Fission"],"picked":"Ball Lightning","floor":7},{"not_picked":["Steam","Barrage"],"picked":"Cold Snap","floor":10},{"not_picked":["Turbo","Go for the Eyes","Stack"],"picked":"SKIP","floor":10},{"not_picked":["Barrage","Reprogram"],"picked":"Rebound","floor":14}],"player_experience":1032724,"relics_obtained":[{"floor":7,"key":"Prayer Wheel"},{"floor":9,"key":"CaptainsWheel"},{"floor":14,"key":"Ornamental Fan"}],"event_choices":[{"cards_removed":["Strike_B"],"damage_healed":0,"gold_gain":0,"player_choice":"Card Removal","damage_taken":0,"max_hp_gain":0,"max_hp_loss":0,"event_name":"The Cleric","floor":3,"gold_loss":75},{"damage_healed":0,"gold_gain":0,"player_choice":"Bought 0 Potions","damage_taken":0,"max_hp_gain":0,"max_hp_loss":0,"event_name":"The Woman in Blue","floor":4,"gold_loss":0},{"damage_healed":23,"gold_gain":0,"player_choice":"Banana","damage_taken":0,"max_hp_gain":0,"max_hp_loss":0,"event_name":"Big Fish","floor":12,"gold_loss":0}],"is_beta":false,"boss_relics":[],"items_purged_floors":[8],"is_endless":false,"potions_floor_spawned":[1,10,14],"killed_by":"Slime Boss","ascension_level":16}}