{"host":"4cz9gr89nglr7k8k","time":1608758630,"event":{"mods":["BaseMod","Minty Spire (QoL Compilation)","Relic Stats","Slay-I"],"gold_per_floor":[110,34,51,101,120,147,147,147,202,202,8,43,318,337,337,410,410,388,438,454,454,8,8,8,8,8,8,41,41,41,41],"floor_reached":30,"playtime":704,"items_purged":[],"score":491,"play_id":"2565bed9-ccf9-4e20-a5c5-91f5739405ee","local_time":"20201223222350","is_ascension_mode":true,"campfire_choices":[{"floor":7,"key":"REST"},{"floor":10,"key":"REST"},{"floor":15,"key":"REST"},{"data":"Apotheosis","floor":23,"key":"SMITH"},{"floor":29,"key":"REST"}],"circlet_count":0,"master_deck":["AscendersBane","Strike_B+1","Strike_B+1","Strike_B+1","Strike_B+1","Defend_B+1","Defend_B+1","Defend_B+1","Defend_B+1","Zap","Dualcast","White Noise","Static Discharge","Go for the Eyes","Reinforced Body","Gash","Apotheosis+1","Biased Cognition","Defragment","Multi-Cast","Streamline","Self Repair","Barrage","Undo+1","Echo Form","Cold Snap","Biased Cognition","Beam Cell"],"relics":["Cracked Core","Oddly Smooth Stone","Omamori","Bag of Preparation","Orichalcum","Nuclear Battery","WingedGreaves","Matryoshka","Orrery","Pantograph","Frozen Egg 2","Sundial"],"acts_visited":["Exordium","TheCity"],"potions_floor_usage":[12,16,30],"damage_taken":[{"damage":0,"enemies":"2 Louse","floor":1,"turns":2},{"damage":0,"enemies":"Cultist","floor":3,"turns":3},{"damage":3,"enemies":"Small Slimes","floor":5,"turns":3},{"damage":28,"enemies":"3 Sentries","floor":6,"turns":6},{"damage":46,"enemies":"Gremlin Nob","floor":12,"turns":4},{"damage":1,"enemies":"Exordium Wildlife","floor":14,"turns":3},{"damage":24,"enemies":"The Guardian","floor":16,"turns":5},{"damage":10,"enemies":"2 Thieves","floor":18,"turns":4},{"damage":0,"enemies":"3 Byrds","floor":20,"turns":1},{"damage":39,"enemies":"Book of Stabbing","floor":28,"turns":6},{"damage":58,"enemies":"Cultist and Chosen","floor":30,"turns":5}],"seed_played":"-7189546142183313563","potions_obtained":[{"floor":1,"key":"SkillPotion"},{"floor":5,"key":"DuplicationPotion"},{"floor":6,"key":"DistilledChaos"},{"floor":28,"key":"GamblersBrew"}],"is_trial":false,"path_per_floor":["M","$","M","?","M","E","R","?","T","R","$","E","?","M","R","B",null,"M","?","M","?","$","R","$","?","T","?","E","R","M"],"character_chosen":"DEFECT","items_purchased":["Static Discharge","Apotheosis","Matryoshka","Orrery"],"campfire_rested":4,"item_purchase_floors":[2,11,22,22],"current_hp_per_floor":[64,64,64,57,54,26,47,52,52,74,74,28,28,27,49,25,63,53,53,53,53,53,53,53,68,68,68,29,51,0,0],"gold":41,"neow_bonus":"RANDOM_COMMON_RELIC","is_daily":false,"chose_seed":false,"campfire_upgraded":1,"win_rate":0.0,"timestamp":1608758630,"path_taken":["M","$","M","?","?","E","R","?","T","R","$","E","?","?","R","BOSS","M","?","M","?","$","R","?","?","T","?","E","R","M"],"items_purchased_type":["Card","Card","Relic","Relic"],"build_version":"2020-12-22","purchased_purges":0,"victory":false,"max_hp_per_floor":[71,71,71,71,71,71,71,76,76,76,76,76,76,76,76,76,76,76,76,76,76,76,76,76,76,76,76,76,76,76,76],"relic_stats":{"counters":[11,42],"Sundial":[0],"Pantograph":0,"Bag of Preparation":[14],"Orichalcum":[42],"obtain_stats":[{"Matryoshka":22,"Sundial":28,"Pantograph":26,"Oddly Smooth Stone":0,"Orrery":22,"WingedGreaves":21,"Omamori":6,"Bag of Preparation":9,"Orichalcum":12,"Frozen Egg 2":26,"Cracked Core":0,"Nuclear Battery":17},{"Matryoshka":9,"Sundial":10,"Pantograph":9,"Oddly Smooth Stone":0,"Orrery":9,"WingedGreaves":9,"Omamori":4,"Bag of Preparation":4,"Orichalcum":5,"Frozen Egg 2":9,"Cracked Core":0,"Nuclear Battery":7},{"Matryoshka":31,"Sundial":37,"Pantograph":31,"Oddly Smooth Stone":0,"Orrery":31,"WingedGreaves":31,"Omamori":14,"Bag of Preparation":14,"Orichalcum":18,"Frozen Egg 2":31,"Cracked Core":0,"Nuclear Battery":26}]},"card_choices":[{"not_picked":["Compile Driver","Coolheaded"],"picked":"White Noise","floor":1},{"not_picked":["Chaos","Coolheaded"],"picked":"Go for the Eyes","floor":3},{"not_picked":["Recycle","Rebound"],"picked":"Reinforced Body","floor":5},{"not_picked":["Steam Power","Stack"],"picked":"Gash","floor":6},{"not_picked":["Chaos","Beam Cell"],"picked":"Biased Cognition","floor":12},{"not_picked":["FTL","Conserve Battery"],"picked":"Defragment","floor":14},{"not_picked":["Reboot","Hyperbeam"],"picked":"Multi-Cast","floor":16},{"not_picked":["Cold Snap","Hologram"],"picked":"Streamline","floor":18},{"not_picked":["Leap","Storm"],"picked":"Self Repair","floor":20},{"not_picked":["Force Field","Hologram"],"picked":"Barrage","floor":22},{"not_picked":["Leap","Consume"],"picked":"Undo+1","floor":22},{"not_picked":["Leap","Cold Snap"],"picked":"Echo Form","floor":22},{"not_picked":["Turbo","Barrage"],"picked":"Cold Snap","floor":22},{"not_picked":["Leap","Consume"],"picked":"Biased Cognition","floor":22},{"not_picked":["Leap","Barrage+1"],"picked":"Beam Cell","floor":28}],"player_experience":1455193,"relics_obtained":[{"floor":6,"key":"Omamori"},{"floor":9,"key":"Bag of Preparation"},{"floor":12,"key":"Orichalcum"},{"floor":26,"key":"Pantograph"},{"floor":26,"key":"Frozen Egg 2"},{"floor":28,"key":"Sundial"}],"event_choices":[{"damage_healed":0,"gold_gain":50,"player_choice":"Touch","damage_taken":7,"max_hp_gain":0,"max_hp_loss":0,"event_name":"FaceTrader","floor":4,"gold_loss":0},{"damage_healed":0,"gold_gain":0,"player_choice":"Donut","damage_taken":0,"max_hp_gain":5,"max_hp_loss":0,"event_name":"Big Fish","floor":8,"gold_loss":0},{"damage_healed":0,"gold_gain":275,"player_choice":"Desecrate","damage_taken":0,"max_hp_gain":0,"max_hp_loss":0,"event_name":"Golden Shrine","floor":13,"gold_loss":0,"cards_obtained":["Regret"]},{"damage_healed":0,"gold_gain":50,"player_choice":"Stole From Cult","damage_taken":0,"max_hp_gain":0,"max_hp_loss":0,"event_name":"Nest","floor":19,"gold_loss":0},{"damage_healed":0,"gold_gain":0,"player_choice":"Opened","damage_taken":0,"relics_obtained":["WingedGreaves"],"max_hp_gain":0,"max_hp_loss":0,"event_name":"The Mausoleum","floor":21,"gold_loss":0,"cards_obtained":["Writhe"]},{"damage_healed":15,"gold_gain":0,"player_choice":"Heal","damage_taken":0,"max_hp_gain":0,"max_hp_loss":0,"event_name":"The Library","floor":25,"gold_loss":0},{"damage_healed":0,"gold_gain":0,"player_choice":"Simplicity","damage_taken":0,"max_hp_gain":0,"max_hp_loss":0,"event_name":"Back to Basics","floor":27,"gold_loss":0,"cards_upgraded":["Strike_B","Strike_B","Strike_B","Strike_B","Defend_B","Defend_B","Defend_B","Defend_B"]}],"is_beta":false,"boss_relics":[{"not_picked":["Empty Cage","Fusion Hammer"],"picked":"Nuclear Battery"}],"items_purged_floors":[],"is_endless":false,"potions_floor_spawned":[1,5,6,28],"killed_by":"Cultist and Chosen","ascension_level":19}}