{"host":"adv1uqz3812gqgbw","time":1608704942,"event":{"mods":["BaseMod","Better Note","Better Third Choice","Colored Powertips","Custom Start","Dio Mod","GifTheSpireLib","Hermit","Minty Spire (QoL Compilation)","Robot Space Explorer","StSLib","The Runesmith","Transform Curses","Uncapped"],"gold_per_floor":[99,99,99,99,99,99,99,99,99,99,99,99,99,99,99,99,99,99,99,99,99,99,99,99,99,99,99,99,99,99,99,99,99,99,99,99,99,99,99,99,99,99,99,99,99,99,99,99,99,99,99],"floor_reached":52,"playtime":2834,"items_purged":[],"score":3723,"play_id":"75f15807-78e1-44a3-b394-8ff5e100e91c","local_time":"20201223042902","daily_mods":["Diverse","Time Dilation","Flight","DeadlyEvents","Elite Swarm","Lethality"],"is_ascension_mode":true,"campfire_choices":[{"data":"1","floor":6,"key":"LIFT"},{"data":"2","floor":7,"key":"LIFT"},{"data":"3","floor":8,"key":"LIFT"},{"floor":15,"key":"DIG"},{"floor":32,"key":"DIG"},{"floor":49,"key":"DIG"}],"circlet_count":4,"master_deck":["Runesmith:Refine+1","Runesmith:Refine+1","Master of Strategy+1","Master of Strategy+1","Miracle+1","Consecrate+1","Crescendo+1","ClearTheMind+1","Adrenaline+1","Adrenaline+1","Adrenaline+1","Adrenaline+1","Adrenaline+1","Double Energy+1","Double Energy+1","Double Energy+1"],"relics":["Runesmith:BrokenRuby","Shovel","Shuriken","Singing Bowl","SlaversCollar","Sling","Strawberry","Sozu","Lee\u0027s Waffle","Lantern","Lizard Tail","Mango","Girya","Ginger","Ice Cream","InkBottle","Incense Burner","Thread and Needle","Vajra","WristBlade","Paper Frog","Peace Pipe","Pear","PureWater","Pen Nib","Philosopher\u0027s Stone","Omamori","Potion Belt","Frozen Eye","Fusion Hammer","RobotSpaceExplorer:FoglandsKnife","FossilizedHelix","Ectoplasm","Nuclear Battery","Cracked Core","Centennial Puzzle","Anchor","Ancient Tea Set","Runesmith:AutoHammer","Bag of Marbles","Bag of Preparation","Black Star","Blood Vial","Blue Candle","Bottled Flame","Bottled Lightning","Cursed Key","Coffee Dripper","Chemical X","Brimstone","HornCleat","Happy Flower","CaptainsWheel","Calipers","Busted Crown","Bronze Scales","PrismaticShard","Mark of Pain","Medical Kit","Toy Ornithopter","TungstenRod","Turnip","RobotSpaceExplorer:RoboCore","Ring of the Snake","Nunchaku","Oddly Smooth Stone","hermit:CharredGlove","Darkstone Periapt","Damaru","Kunai","Sundial","Runesmith:Nanobots","Dream Catcher","Du-Vu Doll","hermit:DentedPlate","Gremlin Horn","Magic Flower","Runic Pyramid","StoneCalendar","Question Card","Ornamental Fan","Matryoshka","MawBank","Self Forming Clay","Bird Faced Urn","Runic Dome","War Paint","Whetstone","DataDisk","Eternal Feather","HandDrill","Meat on the Bone","Old Coin","Pocketwatch","Boot","Runesmith:EmergencyProvisions","Smiling Mask","The Courier","Unceasing Top","Pantograph","CeramicFish","Prayer Wheel","Runesmith:Locket","White Beast Statue","Orichalcum","Art of War","MealTicket","Akabeko","Regal Pillow","Runesmith:MiniCore","Frozen Egg 2","Mummified Hand","Molten Egg 2","Torii","StrikeDummy","Toxic Egg 2","Circlet"],"acts_visited":["Exordium","TheCity","TheBeyond"],"potions_floor_usage":[],"damage_taken":[{"damage":0,"enemies":"Small Slimes","floor":1,"turns":1},{"damage":0,"enemies":"Jaw Worm","floor":5,"turns":1},{"damage":0,"enemies":"Lagavulin","floor":10,"turns":1},{"damage":0,"enemies":"3 Sentries","floor":11,"turns":1},{"damage":0,"enemies":"Lagavulin","floor":12,"turns":1},{"damage":0,"enemies":"3 Sentries","floor":14,"turns":1},{"damage":0,"enemies":"Hexaghost","floor":16,"turns":1},{"damage":0,"enemies":"Spheric Guardian","floor":18,"turns":1},{"damage":0,"enemies":"Shell Parasite","floor":20,"turns":1},{"damage":0,"enemies":"Chosen and Byrds","floor":21,"turns":1},{"damage":0,"enemies":"Centurion and Healer","floor":22,"turns":1},{"damage":0,"enemies":"Gremlin Leader","floor":23,"turns":1},{"damage":0,"enemies":"Book of Stabbing","floor":24,"turns":1},{"damage":0,"enemies":"Slavers","floor":25,"turns":1},{"damage":0,"enemies":"Book of Stabbing","floor":27,"turns":1},{"damage":0,"enemies":"Slavers","floor":28,"turns":1},{"damage":0,"enemies":"Gremlin Leader","floor":29,"turns":1},{"damage":0,"enemies":"Snecko","floor":30,"turns":1},{"damage":0,"enemies":"Snake Plant","floor":31,"turns":1},{"damage":0,"enemies":"StardustCrusaders","floor":33,"turns":1},{"damage":0,"enemies":"Orb Walker","floor":35,"turns":1},{"damage":0,"enemies":"Giant Head","floor":38,"turns":1},{"damage":0,"enemies":"Reptomancer","floor":39,"turns":1},{"damage":0,"enemies":"3 Shapes","floor":40,"turns":1},{"damage":0,"enemies":"Nemesis","floor":41,"turns":1},{"damage":0,"enemies":"Reptomancer","floor":42,"turns":1},{"damage":0,"enemies":"Nemesis","floor":44,"turns":1},{"damage":0,"enemies":"Giant Head","floor":46,"turns":1},{"damage":0,"enemies":"Transient","floor":47,"turns":1},{"damage":0,"enemies":"Writhing Mass","floor":48,"turns":1},{"damage":0,"enemies":"Jotaro","floor":50,"turns":1},{"damage":0,"enemies":"Awakened One","floor":51,"turns":2}],"seed_played":"-1273717550686034082","potions_obtained":[],"is_trial":true,"path_per_floor":["M","?","?","?","M","R","R","R","T","E","E","E","?","E","R","B",null,"M","?","M","M","M","E","E","E","T","E","E","E","M","M","R","B",null,"M","?","?","E","E","M","E","E","T","E","T","E","M","M","R","B","B",null],"character_chosen":"RUNESMITH_CLASS","items_purchased":[],"campfire_rested":0,"item_purchase_floors":[],"current_hp_per_floor":[138,138,143,143,145,145,145,145,145,147,149,151,151,153,153,155,155,157,157,159,161,163,165,167,169,169,171,173,175,179,183,183,185,185,189,180,180,182,184,188,190,192,192,194,194,196,200,204,204,204,204],"gold":99,"neow_bonus":"","is_daily":false,"chose_seed":false,"campfire_upgraded":0,"win_rate":0.0,"timestamp":1608704942,"path_taken":["M","?","?","?","?","R","R","R","T","E","E","?","?","E","R","BOSS","M","?","M","M","?","E","?","E","T","E","E","E","?","?","R","BOSS","M","?","?","?","?","?","E","?","T","E","?","E","?","?","R","BOSS","BOSS"],"items_purchased_type":[],"build_version":"2020-12-22","purchased_purges":0,"victory":true,"max_hp_per_floor":[138,138,143,143,145,145,145,145,145,147,149,151,151,153,153,155,155,157,157,159,161,163,165,167,169,169,171,173,175,179,183,183,185,185,189,180,180,182,184,188,190,192,192,194,194,196,200,204,204,204,204],"card_choices":[{"not_picked":["dioMod:DaggerSpree","Runesmith:UnstableHammer"],"picked":"Singing Bowl","floor":1},{"not_picked":["Self Repair","Static Discharge"],"picked":"Singing Bowl","floor":5},{"not_picked":["Exhume","Runesmith:DuctTape"],"picked":"Singing Bowl","floor":10},{"not_picked":["Adrenaline","Runesmith:CraftMedicinae"],"picked":"Singing Bowl","floor":11},{"not_picked":["Wish","Adrenaline"],"picked":"Singing Bowl","floor":12},{"not_picked":["Ragnarok","Scrawl"],"picked":"Singing Bowl","floor":14},{"not_picked":["Brilliance","RobotSpaceExplorer:HighVoltage"],"picked":"Singing Bowl","floor":16},{"not_picked":["Feel No Pain","Storm"],"picked":"Singing Bowl","floor":18},{"not_picked":["RobotSpaceExplorer:SlimeMissile","Crescendo+1"],"picked":"Singing Bowl","floor":20},{"not_picked":["dioMod:Hiss","Finesse"],"picked":"Singing Bowl","floor":21},{"not_picked":["EmptyMind","Stack"],"picked":"Singing Bowl","floor":22},{"not_picked":["Tools of the Trade","Runesmith:ArcReactor"],"picked":"Singing Bowl","floor":23},{"not_picked":["Panache","ConjureBlade"],"picked":"Singing Bowl","floor":24},{"not_picked":["Storm of Steel","Adrenaline"],"picked":"Singing Bowl","floor":25},{"not_picked":["hermit:Gambit","Rainbow"],"picked":"Singing Bowl","floor":27},{"not_picked":["All For One","Runesmith:DuctTape"],"picked":"Singing Bowl","floor":28},{"not_picked":["Feed","Panache"],"picked":"Singing Bowl","floor":29},{"not_picked":["dioMod:MudaMudaMuda","RobotSpaceExplorer:GlueSpray"],"picked":"Singing Bowl","floor":30},{"not_picked":["Weave","Runesmith:PoweredAnvil"],"picked":"Singing Bowl","floor":30},{"not_picked":["Wild Strike","CarveReality"],"picked":"Singing Bowl","floor":31},{"not_picked":["Lockon","Sweeping Beam"],"picked":"Singing Bowl","floor":31},{"not_picked":["Phantasmal Killer","Meteor Strike"],"picked":"Singing Bowl","floor":33},{"not_picked":["RobotSpaceExplorer:Pulsar","Dagger Spray"],"picked":"Singing Bowl","floor":35},{"not_picked":["Hologram","hermit:SprayPray"],"picked":"Singing Bowl","floor":35},{"not_picked":["hermit:Roughhouse","DevaForm"],"picked":"Singing Bowl","floor":38},{"not_picked":["Apotheosis","Core Surge"],"picked":"Singing Bowl","floor":39},{"not_picked":["hermit:ItchyTrigger+1","Consecrate"],"picked":"Singing Bowl","floor":40},{"not_picked":["Turbo","hermit:CalledShot+1"],"picked":"Singing Bowl","floor":40},{"not_picked":["Glass Knife+1","hermit:HeroicBravado"],"picked":"Singing Bowl","floor":41},{"not_picked":["Thinking Ahead","Devotion+1"],"picked":"Singing Bowl","floor":42},{"not_picked":["Corpse Explosion+1","RobotSpaceExplorer:Autoloader+1"],"picked":"Singing Bowl","floor":44},{"not_picked":["Panache+1","Runesmith:LightningRod+1"],"picked":"Singing Bowl","floor":46},{"not_picked":["dioMod:FlyAway+1","Compile Driver+1"],"picked":"Singing Bowl","floor":47},{"not_picked":["CrushJoints+1","Dual Wield+1"],"picked":"Singing Bowl","floor":47},{"not_picked":["RobotSpaceExplorer:StunGrenade+1","Prostrate+1"],"picked":"Singing Bowl","floor":48},{"not_picked":["Beam Cell+1","Dagger Throw+1"],"picked":"Singing Bowl","floor":48}],"player_experience":316929,"relics_obtained":[{"floor":10,"key":"Meat on the Bone"},{"floor":10,"key":"Old Coin"},{"floor":11,"key":"Pocketwatch"},{"floor":11,"key":"Boot"},{"floor":12,"key":"Runesmith:EmergencyProvisions"},{"floor":14,"key":"Smiling Mask"},{"floor":15,"key":"The Courier"},{"floor":23,"key":"Unceasing Top"},{"floor":23,"key":"Pantograph"},{"floor":24,"key":"CeramicFish"},{"floor":25,"key":"Prayer Wheel"},{"floor":27,"key":"Runesmith:Locket"},{"floor":27,"key":"White Beast Statue"},{"floor":28,"key":"Orichalcum"},{"floor":28,"key":"Art of War"},{"floor":29,"key":"MealTicket"},{"floor":29,"key":"Akabeko"},{"floor":32,"key":"Regal Pillow"},{"floor":38,"key":"Runesmith:MiniCore"},{"floor":39,"key":"Frozen Egg 2"},{"floor":39,"key":"Mummified Hand"},{"floor":41,"key":"Molten Egg 2"},{"floor":41,"key":"Torii"},{"floor":42,"key":"StrikeDummy"},{"floor":44,"key":"Toxic Egg 2"},{"floor":44,"key":"Circlet"},{"floor":46,"key":"Circlet"},{"floor":46,"key":"Circlet"},{"floor":49,"key":"Circlet"}],"event_choices":[{"damage_healed":0,"gold_gain":0,"player_choice":"Ignored","damage_taken":0,"max_hp_gain":0,"max_hp_loss":0,"event_name":"Golden Wing","floor":2,"gold_loss":0},{"damage_healed":0,"gold_gain":0,"player_choice":"Donut","damage_taken":0,"max_hp_gain":5,"max_hp_loss":0,"event_name":"Big Fish","floor":3,"gold_loss":0},{"cards_removed":["dioMod:DoubleTime"],"damage_healed":0,"gold_gain":0,"player_choice":"Purged","damage_taken":0,"max_hp_gain":0,"max_hp_loss":0,"event_name":"Purifier","floor":4,"gold_loss":0},{"cards_removed":["Miracle"],"damage_healed":0,"gold_gain":0,"player_choice":"Forget","damage_taken":0,"max_hp_gain":0,"max_hp_loss":0,"event_name":"Living Wall","floor":13,"gold_loss":0},{"damage_healed":0,"gold_gain":0,"player_choice":"Ignored","damage_taken":0,"max_hp_gain":0,"max_hp_loss":0,"event_name":"betterNote:BetterNote","floor":19,"gold_loss":0,"cards_obtained":["Double Energy"]},{"damage_healed":0,"gold_gain":0,"player_choice":"Max HP","damage_taken":0,"max_hp_gain":0,"max_hp_loss":9,"event_name":"Winding Halls","floor":36,"gold_loss":0},{"damage_healed":0,"gold_gain":0,"player_choice":"Got Potions","damage_taken":0,"max_hp_gain":0,"max_hp_loss":0,"event_name":"Lab","floor":37,"gold_loss":0}],"is_beta":false,"boss_relics":[{"not_picked":["Philosopher\u0027s Stone","SacredBark","Snecko Eye"]},{"not_picked":["Philosopher\u0027s Stone","SacredBark","Snecko Eye"]}],"items_purged_floors":[],"is_endless":false,"potions_floor_spawned":[1,12,14,16,22,25,27,28,29,30,31,33,35,38,39,40,41,42,44,46,47,48],"ascension_level":20}}