{"host":"fbjkyf8096sobcph","time":1608747976,"event":{"mods":["2.2 Compatiblity","AchievementEnabler","Aspiration","BaseMod","Better Altar","Better Match","Better Note","Better Sensory Stone","Better Skull","Better Third Choice","BetterRewards","CCEM","Clawfect","Colored Map","Conspire","Downfall","GifTheSpireLib","Halation","Highlight Path","Hubris","Infinite Spire","Mimic Mod","Minty Spire (QoL Compilation)","Permanent Neow","Replay The Spire","Shop Mod","Spicy Shops","StSLib","Stuff the Spire","Unceasing Turn Reminder","Waifu the Spire","everything is the same but u backflip on backflip","slay the spire mod where everything is the same but ironclad has a cowboy hat"],"gold_per_floor":[99,111,111,111,124,31,31,51,51,69,103,119,44,29,49,171,171,21,39,39,39,39,39],"floor_reached":22,"playtime":2018,"items_purged":[],"score":184,"play_id":"7b0cd271-7c18-4ab1-98e2-53a53cfd1d0f","local_time":"20201223192616","is_ascension_mode":false,"campfire_choices":[{"floor":1,"key":"RECALL"},{"data":"sneckomod:UnknownClassTHE_CHAMP_GRAY","floor":9,"key":"SMITH"},{"data":"sneckomod:SerpentIdol","floor":13,"key":"SMITH"},{"data":"sneckomod:Unknown2Cost","floor":18,"key":"SMITH"}],"circlet_count":0,"master_deck":["sneckomod:Strike","sneckomod:Strike","sneckomod:Strike","sneckomod:Defend","sneckomod:Defend","sneckomod:Defend","sneckomod:TailWhip","sneckomod:SnekBite","sneckomod:Unknown","sneckomod:Unknown","sneckomod:UnknownClassTHE_CHAMP_GRAY+1","Regret","Injury","sneckomod:Unknown2Cost+1","sneckomod:UnknownUncommonAttack+1","sneckomod:DiceBlock","sneckomod:UnknownExhaust","sneckomod:UnknownClassTHE_CHAMP_GRAY","sneckomod:SerpentIdol+1","sneckomod:SerpentMind+1","sneckomod:Unknown0Cost","sneckomod:MorePower+1","sneckomod:Unknown3Cost+1","Necronomicurse"],"relics":["Blood Vial","Singing Bowl","Guardian:StasisSlotReductionRelic","aspiration:RitualDagger","infinitespire:Chaos","Frozen Egg 2","downfall:HeartBlessingRed","aspiration:RunicSpoon","downfall:HeartBlessingGreen","downfall:HeartBlessingBlue","Necronomicon"],"acts_visited":["Exordium","TheCity"],"potions_floor_usage":[11],"damage_taken":[{"damage":4,"enemies":"Jaw Worm","floor":2,"turns":4},{"damage":12,"enemies":"Cultist","floor":5,"turns":5},{"damage":9,"enemies":"downfall:FleeingMerchant","floor":6,"turns":4},{"damage":6,"enemies":"Small Slimes","floor":8,"turns":2},{"damage":22,"enemies":"2 Fungi Beasts","floor":10,"turns":3},{"damage":50,"enemies":"Lagavulin","floor":11,"turns":11},{"damage":27,"enemies":"3 Louse","floor":12,"turns":3},{"damage":21,"enemies":"downfall:FleeingMerchant","floor":14,"turns":4},{"damage":15,"enemies":"Large Slime","floor":15,"turns":4},{"damage":50,"enemies":"downfall:Watcher","floor":16,"turns":10},{"damage":52,"enemies":"Spheric Guardian","floor":19,"turns":4},{"damage":35,"enemies":"Shell Parasite","floor":22,"turns":3}],"seed_played":"-4793032064452101549","potions_obtained":[{"floor":8,"key":"Fire Potion"},{"floor":11,"key":"Dexterity Potion"},{"floor":15,"key":"Venom Potion"}],"is_trial":false,"path_per_floor":["R_BF","M","?","?","M","$","T","M","R","M","E","M","R","$","M","B",null,"R","M","?","?","M"],"character_chosen":"THE_SNECKO","items_purchased":["infinitespire:Chaos"],"campfire_rested":0,"item_purchase_floors":[6],"current_hp_per_floor":[81,78,78,78,67,59,59,55,55,35,83,67,67,65,60,31,84,94,47,47,31,0,0],"gold":39,"neow_bonus":"ONE_RARE_RELIC","is_daily":false,"chose_seed":false,"campfire_upgraded":3,"win_rate":0.0,"timestamp":1608747976,"path_taken":["R_BF","M","?","?","M","$","T","?","R","M","E","M","R","$","M","BOSS","R","M","?","?","M"],"items_purchased_type":["Relic"],"build_version":"2020-12-22","purchased_purges":0,"victory":false,"max_hp_per_floor":[81,82,82,82,83,84,84,84,84,84,84,84,84,84,84,84,84,94,96,96,96,96,96],"card_choices":[{"not_picked":["sneckomod:DiceCrush","sneckomod:UnknownWeak"],"picked":"sneckomod:UnknownClassTHE_CHAMP_GRAY","floor":2},{"not_picked":["sneckomod:Unknown1Cost","sneckomod:UnknownVulnerable"],"picked":"sneckomod:Unknown2Cost","floor":5},{"not_picked":["sneckomod:UnknownCommonAttack+1","sneckomod:SoulExchange"],"picked":"sneckomod:UnknownUncommonAttack+1","floor":6},{"not_picked":["sneckomod:UnknownBlock","sneckomod:UnknownCommonSkill"],"picked":"sneckomod:DiceBlock","floor":8},{"not_picked":["sneckomod:UnknownCommonAttack","sneckomod:UnknownClassSLIMEBOUND"],"picked":"sneckomod:UnknownExhaust","floor":10},{"not_picked":["sneckomod:DiceBlock","sneckomod:QuickBite"],"picked":"sneckomod:UnknownClassTHE_CHAMP_GRAY","floor":11},{"not_picked":["sneckomod:UnknownBlock","sneckomod:DiceBlock"],"picked":"sneckomod:SerpentIdol","floor":12},{"not_picked":["sneckomod:DiceBoulder","sneckomod:QuickBite"],"picked":"sneckomod:SerpentMind+1","floor":14},{"not_picked":["sneckomod:WideSting","sneckomod:DefensiveFlair"],"picked":"sneckomod:Unknown0Cost","floor":15},{"not_picked":["sneckomod:DangerNoodle","sneckomod:Unknown3Cost"],"picked":"sneckomod:MorePower+1","floor":16},{"not_picked":["sneckomod:Unknown0Cost+1","sneckomod:UnknownUncommonAttack+1"],"picked":"sneckomod:Unknown3Cost+1","floor":19},{"not_picked":["sneckomod:DiceBoulder","sneckomod:DiceBlock","sneckomod:UnknownCommonAttack"],"picked":"Singing Bowl","floor":19}],"player_experience":181168,"relics_obtained":[{"floor":11,"key":"Frozen Egg 2"},{"floor":21,"key":"Necronomicon"}],"event_choices":[{"damage_healed":0,"gold_gain":0,"player_choice":"Box","damage_taken":0,"relics_obtained":["conspire:Flyswatter"],"max_hp_gain":0,"max_hp_loss":0,"event_name":"Big Fish","floor":3,"gold_loss":0,"cards_obtained":["Regret"]},{"cards_removed":["Regret"],"damage_healed":0,"gold_gain":0,"player_choice":"Give","damage_taken":0,"max_hp_gain":0,"max_hp_loss":0,"event_name":"betterNote:BetterNote","floor":20,"gold_loss":0,"cards_obtained":["Slimebound:Defend_Slimebound"]}],"is_beta":false,"boss_relics":[{"not_picked":["conspire:SeveredTorchhead","Replay:Drink Me"],"picked":"aspiration:RunicSpoon"}],"items_purged_floors":[],"is_endless":false,"potions_floor_spawned":[8,11,15],"killed_by":"Shell Parasite","ascension_level":0}}