{"host":"v3yrezuq3fp4ufnc","time":1608695989,"event":{"mods":["AchievementEnabler","AlwaysNeverKeys","Aspiration","BaseMod","Bestiary","BetterRewards","CCEM","Colored Map","Colored Powertips","Curses Come First","Displayed Cursed Tome","Emptier Cage","Energized Spire","GifTheSpireLib","Grow up Mod","Halation","Hubris","Infinite Spire","Minty Spire (QoL Compilation)","Permanent Neow","RNG Fix","Relic Stats","Replay The Spire","Shop Mod","Spicy Shops","Spikes Relics","StSLib","Stuff the Spire","The Blue Laboratory","Transform Curses","Uncapped","??????REMEMod"],"gold_per_floor":[119,133,146,146,161,161,192,192,192,192,202,220,240,240,240,255,255,360,360,376,376,393,393,393],"floor_reached":23,"playtime":1100,"items_purged":[],"score":247,"play_id":"4941169e-1044-45d9-8457-9fa15ef0c6d5","local_time":"20201222205949","is_ascension_mode":false,"campfire_choices":[{"data":"hubris:ReadiedAction","floor":6,"key":"SMITH"},{"floor":17,"key":"DIG"}],"circlet_count":0,"master_deck":["Strike_R","Strike_R","Strike_R","Strike_R","Strike_R","Defend_R","Defend_R","Defend_R","Defend_R","Bash","Perfected Strike","hubris:ReadiedAction+1","Perfected Strike","BarbarianYell","REME_Cut","REME_TheLastStrike","Twin Strike","Flame Barrier","True Grit","Uppercut","StuffTheSpire:Incineration","Metallicize","Demon Form","Flex","Core Surge","Replay:Many Hands","Iron Wave","Shrug It Off","ReplayTheSpireMod:Strike From Hell","Headbutt"],"relics":["StuffTheSpire:OccultApparatus","REME_ComplimentaryCards","Calipers","Red Skull","Prayer Wheel","The Courier","energizedSpire:DecayingSkull"],"acts_visited":["Exordium","TheCity"],"potions_floor_usage":[22,23,23,23],"damage_taken":[{"damage":16,"enemies":"Small Slimes","floor":1,"turns":3},{"damage":0,"enemies":"2 Louse","floor":2,"turns":2},{"damage":1,"enemies":"Cultist","floor":3,"turns":3},{"damage":14,"enemies":"Blue Slaver","floor":4,"turns":3},{"damage":13,"enemies":"3 Louse","floor":5,"turns":3},{"damage":20,"enemies":"Gremlin Nob","floor":7,"turns":4},{"damage":18,"enemies":"Exordium Wildlife","floor":11,"turns":4},{"damage":4,"enemies":"2 Fungi Beasts","floor":12,"turns":4},{"damage":17,"enemies":"Red Slaver","floor":13,"turns":3},{"damage":14,"enemies":"Blue Slaver","floor":16,"turns":3},{"damage":96,"enemies":"Hexaghost","floor":18,"turns":8},{"damage":49,"enemies":"3 Byrds","floor":20,"turns":6},{"damage":10,"enemies":"Spheric Guardian","floor":22,"turns":3},{"damage":73,"enemies":"hubris:Merchant","floor":23,"turns":5}],"seed_played":"-99318663547273726","potions_obtained":[{"floor":2,"key":"Fire Potion"},{"floor":3,"key":"blueLaboratory:RememoryPotion"},{"floor":5,"key":"Venom Potion"},{"floor":11,"key":"infinitespire:BlackPotion"},{"floor":18,"key":"blueLaboratory:Moonshine"},{"floor":20,"key":"HeartOfIron"},{"floor":22,"key":"blueLaboratory:BottleOfRum"}],"is_trial":true,"path_per_floor":["M","M","M","M","M","R","E","?","T","?","M","M","M","PTL","PTL","M","R_BF","B",null,"M","?","M","$"],"character_chosen":"IRONCLAD","items_purchased":[],"campfire_rested":0,"item_purchase_floors":[],"current_hp_per_floor":[90,106,120,122,125,135,131,141,151,143,135,141,134,144,154,150,160,74,280,241,71,71,0,0],"gold":393,"neow_bonus":"","is_daily":false,"chose_seed":false,"campfire_upgraded":1,"win_rate":0.0,"timestamp":1608695989,"path_taken":["M","M","?","?","M","R","E","?","T","?","M","M","M","PTL","PTL","M","R_BF","BOSS","M","?","M","?"],"items_purchased_type":[],"build_version":"2020-12-13","purchased_purges":0,"victory":false,"max_hp_per_floor":[100,110,120,130,140,150,160,170,180,190,200,210,220,230,240,250,260,270,280,290,300,310,310,310],"relic_stats":{"counters":[14,54],"Prayer Wheel":6,"obtain_stats":[{"StuffTheSpire:OccultApparatus":8,"Calipers":7,"Prayer Wheel":10,"The Courier":17,"energizedSpire:DecayingSkull":19,"Burning Blood":0,"Red Skull":9,"REME_ComplimentaryCards":0},{"StuffTheSpire:OccultApparatus":6,"Calipers":6,"Prayer Wheel":6,"The Courier":10,"energizedSpire:DecayingSkull":11,"Burning Blood":0,"Red Skull":6,"REME_ComplimentaryCards":0},{"StuffTheSpire:OccultApparatus":18,"Calipers":18,"Prayer Wheel":18,"The Courier":32,"energizedSpire:DecayingSkull":40,"Burning Blood":0,"Red Skull":18,"REME_ComplimentaryCards":0}]},"card_choices":[{"not_picked":["StuffTheSpire:Slingshot","Uppercut"],"picked":"Perfected Strike","floor":1},{"not_picked":["Metallicize","Cleave"],"picked":"hubris:ReadiedAction","floor":2},{"not_picked":["Body Slam","hubris:StunningStrike"],"picked":"Perfected Strike","floor":3},{"not_picked":["Havoc","Shrug It Off"],"picked":"BarbarianYell","floor":4},{"not_picked":["Cleave","StuffTheSpire:RockThrow"],"picked":"REME_Cut","floor":5},{"not_picked":["REME_Scribble","Shrug It Off"],"picked":"REME_TheLastStrike","floor":7},{"not_picked":["Headbutt","Replay:Undeath\u0027s Touch"],"picked":"Twin Strike","floor":11},{"not_picked":["hubris:StunningStrike","Clash"],"picked":"Flame Barrier","floor":11},{"not_picked":["Pummel","Heavy Blade"],"picked":"True Grit","floor":12},{"not_picked":["Carnage","StuffTheSpire:Resist"],"picked":"Uppercut","floor":12},{"not_picked":["Anger","Iron Wave"],"picked":"StuffTheSpire:Incineration","floor":13},{"not_picked":["Heavy Blade","Ghostly Armor"],"picked":"Metallicize","floor":13},{"not_picked":["Armaments","Heavy Blade"],"picked":"Demon Form","floor":16},{"not_picked":["Massacre","Inflame"],"picked":"Flex","floor":16},{"not_picked":["hubris:StunningStrike","REME_Fury"],"picked":"Replay:Many Hands","floor":18},{"not_picked":["Run Through","Clash+1"],"picked":"Iron Wave","floor":20},{"not_picked":["hubris:ReadiedAction+1","Pummel"],"picked":"Shrug It Off","floor":20},{"not_picked":["Anger+1","hubris:CleavingFinish"],"picked":"ReplayTheSpireMod:Strike From Hell","floor":22},{"not_picked":["Shockwave","Havoc"],"picked":"Headbutt","floor":22}],"player_experience":80323,"relics_obtained":[{"floor":7,"key":"Calipers"},{"floor":9,"key":"Red Skull"},{"floor":17,"key":"The Courier"}],"event_choices":[{"damage_healed":0,"gold_gain":0,"player_choice":"Success","damage_taken":18,"relics_obtained":["Prayer Wheel"],"max_hp_gain":0,"max_hp_loss":0,"event_name":"Scrap Ooze","floor":10,"gold_loss":0}],"is_beta":false,"boss_relics":[{"not_picked":["REME_ChargedStone","hubris:RunicObelisk"],"picked":"energizedSpire:DecayingSkull"}],"items_purged_floors":[],"is_endless":false,"potions_floor_spawned":[2,3,5,11,18,20,22],"killed_by":"hubris:Merchant","ascension_level":0}}