{"host":"ln6xh2dj126ndm3e","time":1608740073,"event":{"mods":["AchievementEnabler","Aspiration","Astrologer","BaseMod","Better Altar","Better Match","Better Note","Better Sensory Stone","Better Skull","Better Third Choice","BetterRewards","CCEM","Colored Map","Conspire","Downfall","GifTheSpireLib","Halation","Highlight Path","Hubris","Infinite Spire","Minty Spire (QoL Compilation)","Permanent Neow","Replay The Spire","Shop Mod","Spicy Shops","StSLib","Unceasing Turn Reminder"],"gold_per_floor":[119,119,129,129,139,165,130,130,130,130,141,141,164,178,178,278,278,297,307,307,319,319,319,330,330,377,377,392,392,406,421,421,421,421],"floor_reached":33,"playtime":2414,"items_purged":[],"score":249,"play_id":"02c7aca1-a686-4724-8615-65b20b1d9dac","local_time":"20201223101433","is_ascension_mode":false,"campfire_choices":[{"data":"Sucker Punch","floor":10,"key":"SMITH"},{"floor":15,"key":"REST"},{"floor":23,"key":"REST"},{"floor":25,"key":"REST"},{"floor":27,"key":"REST"},{"floor":29,"key":"REST"},{"floor":32,"key":"REST"}],"circlet_count":0,"master_deck":["Strike_G","Strike_G","Strike_G","Strike_G","Defend_G","Defend_G","Defend_G","Defend_G","Survivor","Neutralize","Replay:Poison Smokescreen","Outmaneuver","Noxious Fumes","Endless Agony","Sucker Punch+1","hubris:Counter","Flying Knee","Infinite Blades","Envenom+1","Deadly Poison","Slice+1","Leg Sweep","Noxious Fumes","Poisoned Stab","Caltrops+1"],"relics":["hubris:GlazedTorus","infinitespire:Lucky Rock","Golden Egg","Smiling Mask","conspire:SlowCooker","Nloth\u0027s Gift","halation:AfternoonTea"],"acts_visited":["Exordium","TheCity"],"potions_floor_usage":[18,19,24,24,33,33],"damage_taken":[{"damage":0,"enemies":"2 Louse","floor":1,"turns":4},{"damage":0,"enemies":"Jaw Worm","floor":3,"turns":4},{"damage":1,"enemies":"Cultist","floor":5,"turns":4},{"damage":15,"enemies":"3 Sentries","floor":6,"turns":8},{"damage":2,"enemies":"Looter","floor":11,"turns":3},{"damage":6,"enemies":"3 Louse","floor":14,"turns":3},{"damage":32,"enemies":"Fading Forest","floor":16,"turns":11},{"damage":12,"enemies":"3 Byrds","floor":18,"turns":5},{"damage":18,"enemies":"Spheric Guardian","floor":19,"turns":6},{"damage":33,"enemies":"Snake Plant","floor":21,"turns":4},{"damage":17,"enemies":"Snecko","floor":24,"turns":6},{"damage":42,"enemies":"3 Cultists","floor":28,"turns":6},{"damage":27,"enemies":"Cultist and Chosen","floor":30,"turns":6},{"damage":42,"enemies":"Shelled Parasite and Fungi","floor":31,"turns":6},{"damage":61,"enemies":"Collector","floor":33,"turns":5}],"seed_played":"4926674561896295686","potions_obtained":[{"floor":1,"key":"Dexterity Potion"},{"floor":14,"key":"Energy Potion"},{"floor":18,"key":"Poison Potion"},{"floor":21,"key":"Block Potion"},{"floor":30,"key":"AttackPotion"},{"floor":31,"key":"Explosive Potion"}],"is_trial":false,"path_per_floor":["M","?","M","T","M","E","?","?","T","R","M","?","T","M","R","B",null,"M","M","?","M","?","R","M","R","T","R","M","R","M","M","R","B"],"character_chosen":"THE_SILENT","items_purchased":[],"campfire_rested":6,"item_purchase_floors":[],"current_hp_per_floor":[70,70,70,70,69,54,70,70,70,70,68,73,73,67,75,65,75,63,45,45,12,12,34,17,39,39,61,34,56,44,2,24,0,0],"gold":421,"neow_bonus":"TRANSFORM_CARD","is_daily":false,"chose_seed":false,"campfire_upgraded":1,"win_rate":0.0,"timestamp":1608740073,"path_taken":["M","?","M","?","?","E","?","?","T","R","M","?","?","M","R","BOSS","M","M","?","M","?","R","?","R","T","R","M","R","M","?","R","BOSS"],"items_purchased_type":[],"build_version":"2020-12-22","purchased_purges":0,"victory":false,"max_hp_per_floor":[70,70,70,70,70,70,70,70,70,70,70,75,75,75,75,75,75,75,75,75,75,75,75,75,75,75,75,75,75,75,75,75,75,75],"card_choices":[{"not_picked":["Prepared","PiercingWail"],"picked":"Outmaneuver","floor":1},{"not_picked":["Backflip","Flechettes"],"picked":"Noxious Fumes","floor":3},{"not_picked":["Sucker Punch","Unload"],"picked":"Endless Agony","floor":5},{"not_picked":["Distraction","Concentrate"],"picked":"Sucker Punch","floor":6},{"not_picked":["Backstab","Quick Slash"],"picked":"Flying Knee","floor":11},{"not_picked":["Hidden Blade","PiercingWail"],"picked":"Infinite Blades","floor":14},{"not_picked":["After Image","Corpse Explosion"],"picked":"Envenom","floor":16},{"not_picked":["Dodge and Roll+1","Sucker Punch"],"picked":"Deadly Poison","floor":18},{"not_picked":["Dagger Throw","Hidden Blade+1"],"picked":"Slice+1","floor":19},{"not_picked":["Reflex","Expertise"],"picked":"Leg Sweep","floor":21},{"not_picked":["Sneak Up","Blade Dance"],"picked":"Noxious Fumes","floor":24},{"not_picked":["Deflect","Backflip"],"picked":"Poisoned Stab","floor":28},{"not_picked":["Flying Knee","Dagger Throw","Fluid Movement"],"picked":"SKIP","floor":30},{"not_picked":["Wraith Form v2","Infinite Blades"],"picked":"Caltrops+1","floor":31}],"player_experience":448079,"relics_obtained":[{"floor":4,"key":"hubris:GlazedTorus"},{"floor":6,"key":"infinitespire:Lucky Rock"},{"floor":9,"key":"Golden Egg"},{"floor":13,"key":"Smiling Mask"},{"floor":26,"key":"halation:AfternoonTea"}],"event_choices":[{"damage_healed":0,"gold_gain":0,"player_choice":"Leave","damage_taken":0,"max_hp_gain":0,"max_hp_loss":0,"event_name":"conspire:Investor","floor":2,"gold_loss":0},{"damage_healed":17,"gold_gain":0,"player_choice":"Healed","damage_taken":0,"max_hp_gain":0,"max_hp_loss":0,"event_name":"The Cleric","floor":7,"gold_loss":35},{"damage_healed":0,"gold_gain":0,"cards_transformed":["Defend_G"],"player_choice":"Change","damage_taken":0,"max_hp_gain":0,"max_hp_loss":0,"event_name":"Living Wall","floor":8,"gold_loss":0,"cards_obtained":["hubris:Counter"]},{"damage_healed":0,"gold_gain":0,"player_choice":"Donut","damage_taken":0,"max_hp_gain":5,"max_hp_loss":0,"event_name":"Big Fish","floor":12,"gold_loss":0},{"cards_removed":["Strike_G"],"damage_healed":0,"gold_gain":0,"player_choice":"Give","damage_taken":0,"max_hp_gain":0,"max_hp_loss":0,"event_name":"betterNote:BetterNote","floor":20,"gold_loss":0,"cards_obtained":["Defend_R"]},{"damage_healed":0,"gold_gain":0,"player_choice":"Traded Relic","damage_taken":0,"relics_obtained":["Nloth\u0027s Gift"],"max_hp_gain":0,"max_hp_loss":0,"event_name":"N\u0027loth","floor":22,"relics_lost":["Ring of the Snake"],"gold_loss":0}],"is_beta":false,"boss_relics":[{"not_picked":["ChewingGum","hubris:GrandSneckoEye"],"picked":"conspire:SlowCooker"}],"items_purged_floors":[],"is_endless":false,"potions_floor_spawned":[1,14,18,21,30,31],"killed_by":"Collector","ascension_level":0}}