{"host":"0gy90rl0ccnvdufw","time":1608702519,"event":{"mods":["AchievementEnabler","Act Like it!","Aspiration","Bard","BaseMod","Better Third Choice","Better Vampires","BetterRewards","ChefMod","Colored Map","Colored Powertips","Conspire","Decade(???)","Downfall","Ekko","Gensokyo","GungeonMod","Halation","Hubris","Infinite Spire","Jedi Mod","KomeijiMod","Luminous","Minty Spire (QoL Compilation)","Quick Restart","Rare Cards Sparkle","Replay The Spire","Robot Space Explorer","StSLib","SuperFastMode","The Cursed","The Disciple","The Dragon Tamer","The Forsaken","The Jungle","[IsaacMod]????","??????REMEMod"],"gold_per_floor":[112,130,305,4,279,279,304,304,304,485,485,502,530,545,545,643,643,662,962,962,974,974,974,974,974],"floor_reached":24,"playtime":516,"items_purged":[],"score":287,"play_id":"bd030903-f2c2-47a9-b486-7c64d49599bd","local_time":"20201222234839","is_ascension_mode":false,"campfire_choices":[{"data":"Luminous:Lania_Blessing_Luminous","floor":6,"key":"SMITH"},{"data":"DemoMod:JK47","floor":8,"key":"SMITH"},{"floor":15,"key":"REST"},{"data":"DemoMod:FullFirepower","floor":23,"key":"SMITH"}],"circlet_count":0,"master_deck":["DemoMod:Strike_Huntress","DemoMod:Strike_Huntress","DemoMod:Strike_Huntress","DemoMod:Defend_Huntress","DemoMod:Defend_Huntress","DemoMod:Defend_Huntress","DemoMod:Defend_Huntress","DemoMod:Roll","DemoMod:ManualReload","DemoMod:RustySidearm","DemoMod:CrossBow","Luminous:Lania_Blessing_Luminous+1","DemoMod:GunstockTap","DemoMod:JK47+1","Doubt","Regret","hubris:Despair","DemoMod:FullFirepower+1","DemoMod:BulletBore","DemoMod:AbyssalTentacle+1"],"relics":["DemoMod:Dog","REME_ComplimentaryCards","HushsDoor","Chaos","NeowsBlessing","DemoMod:RatBoots","infinitespire:EmpoweringShard","ReplayTheSpireMod:DimensionalGlitch","ReplayTheSpireMod:CursedCoin","infinitespire:Golems Mask","DoctorsRemote","Philosopher\u0027s Stone","aspiration:RitualStick","aspiration:FrozenJewel","halation:Prosthetics"],"acts_visited":["Exordium","TheCity"],"potions_floor_usage":[16],"damage_taken":[{"damage":0,"enemies":"2 Louse","floor":1,"turns":1},{"damage":0,"enemies":"Small Slimes","floor":2,"turns":2},{"damage":0,"enemies":"Lagavulin","floor":7,"turns":1},{"damage":0,"enemies":"3 Sentries","floor":10,"turns":2},{"damage":7,"enemies":"Jaw Worm","floor":12,"turns":3},{"damage":13,"enemies":"Lagavulin","floor":13,"turns":5},{"damage":9,"enemies":"Blue Slaver","floor":14,"turns":3},{"damage":12,"enemies":"The Guardian","floor":16,"turns":7},{"damage":13,"enemies":"Shell Parasite","floor":18,"turns":6},{"damage":9,"enemies":"Spheric Guardian","floor":21,"turns":4},{"damage":34,"enemies":"Slavers","floor":24,"turns":1}],"seed_played":"-8949005420819545353","potions_obtained":[{"floor":1,"key":"Strength Potion"},{"floor":10,"key":"SteroidPotion"},{"floor":13,"key":"hexamod:EctoCoolerPotion"},{"floor":14,"key":"Fire Potion"},{"floor":18,"key":"BlessingOfTheForge"}],"is_trial":false,"path_per_floor":["M","M","?","$","?","R","E","R","T","E","T","M","E","M","R","B",null,"M","?","?","M","AVR","R","E"],"character_chosen":"HUNTRESS","items_purchased":["DemoMod:RatBoots"],"campfire_rested":1,"item_purchase_floors":[4],"current_hp_per_floor":[70,70,70,70,70,70,70,70,70,70,70,63,56,47,68,59,70,60,60,39,33,33,33,0,0],"gold":974,"neow_bonus":"THREE_ENEMY_KILL","is_daily":false,"chose_seed":false,"campfire_upgraded":3,"win_rate":0.0,"timestamp":1608702519,"path_taken":["M","M","?","?","?","R","E","R","T","E","?","M","E","?","R","BOSS","M","?","?","M","AVR","R","E"],"items_purchased_type":["Relic"],"build_version":"2020-12-22","purchased_purges":0,"victory":false,"max_hp_per_floor":[70,70,70,70,70,70,70,70,70,70,70,70,70,70,70,70,70,70,70,70,70,35,35,35,35],"card_choices":[{"not_picked":["DemoMod:AC15","DemoMod:ConditionalReflex"],"picked":"DemoMod:GunstockTap","floor":1},{"not_picked":["DemoMod:PotionOfGunFriendShip","DemoMod:ConditionalReflex"],"picked":"DemoMod:JK47","floor":2},{"not_picked":["DemoMod:GunstockTap","DemoMod:CombinedRifle"],"picked":"Bomb","floor":7},{"not_picked":["DemoMod:MegaHand","DemoMod:ChanceBullets"],"picked":"Bomb","floor":10},{"not_picked":["DemoMod:ShadowBullets","DemoMod:Ejector"],"picked":"DemoMod:FullFirepower","floor":12},{"not_picked":["DemoMod:AC15","DemoMod:HungryBullets","DemoMod:BoxingGlove"],"picked":"SKIP","floor":13},{"not_picked":["DemoMod:DoubleVision","DemoMod:SAA","DemoMod:FastSwitch"],"picked":"SKIP","floor":14},{"not_picked":["DemoMod:FullFirepower","DemoMod:ThirdPartyController"],"picked":"DemoMod:BulletBore","floor":16},{"not_picked":["DemoMod:LifeOrb+1","DemoMod:BoxingGlove"],"picked":"DemoMod:AbyssalTentacle+1","floor":18},{"not_picked":["DemoMod:AC15","DemoMod:BoxingGlove","DemoMod:CursedBullets"],"picked":"SKIP","floor":21}],"player_experience":317620,"relics_obtained":[{"floor":7,"key":"infinitespire:EmpoweringShard"},{"floor":9,"key":"ReplayTheSpireMod:DimensionalGlitch"},{"floor":10,"key":"ReplayTheSpireMod:CursedCoin"},{"floor":11,"key":"infinitespire:Golems Mask"},{"floor":13,"key":"DoctorsRemote"}],"event_choices":[{"damage_healed":0,"gold_gain":175,"player_choice":"AGREE","damage_taken":130,"max_hp_gain":0,"max_hp_loss":0,"event_name":"betterThird:BetterSerpent","floor":3,"gold_loss":0},{"damage_healed":0,"gold_gain":275,"player_choice":"Desecrate","damage_taken":0,"max_hp_gain":0,"max_hp_loss":0,"event_name":"Golden Shrine","floor":5,"gold_loss":0,"cards_obtained":["Regret"]}],"is_beta":false,"boss_relics":[{"not_picked":["PunchingBag","Calipers"],"picked":"Philosopher\u0027s Stone"},{"not_picked":[]}],"items_purged_floors":[],"is_endless":false,"potions_floor_spawned":[1,10,13,14,18],"killed_by":"Slavers","ascension_level":0}}