{"host":"r3eb5kff0hcmimdq","time":1608697765,"event":{"mods":["BaseMod","Colored Powertips","KinomotoSakuraMod(木之本樱)","LagranYue(拉格朗・月)","Luminous","Marisa（F雨　魔理沙）","Minty Spire (QoL Compilation)","MostiFishMod","Quick Restart","Relic Filter","Replay The Spire","Shop Mod","Spicy Shops","StSLib","The Alterego","【遗物卡牌】REMEMod"],"gold_per_floor":[118,118,134,214,2,2,31,52,52,70,70,23,38,51,51,181,181,211,154,170,182,182,231,231,272,272,299,224,174,246,291,291,606,606,643,4,4,13,77,134,183,183,183,235,235,323,422,522,522,608,608,608,32,101,186],"floor_reached":56,"playtime":2713,"items_purged":["Delirium","alterego_mod:Impale","Doubt","alterego_mod:Alter","CommonCold"],"score":1592,"play_id":"325982e4-cd92-4385-8b9f-7f0275d10411","local_time":"20201223122925","is_ascension_mode":false,"campfire_choices":[{"data":"alterego_mod:Collar","floor":6.0,"key":"SMITH"},{"data":"alterego_mod:Birthday","floor":15.0,"key":"SMITH"},{"data":"ReplayTheSpireMod:Private Reserves","floor":32,"key":"SMITH"},{"data":"alterego_mod:Jiggle","floor":42,"key":"SMITH"},{"data":"alterego_mod:PainIsPleasure","floor":42,"key":"SMITH"},{"floor":49,"key":"RECALL"},{"data":"alterego_mod:BrynhildrsRune","floor":52,"key":"SMITH"}],"circlet_count":0,"master_deck":["alterego_mod:BigMeatyClaws+1","alterego_mod:BrynhildrsRune+1","alterego_mod:PainIsPleasure+1","alterego_mod:PainIsPleasure+1","alterego_mod:Collar+1","alterego_mod:Jiggle+1","MostiFishMod:KingOfFree+1","alterego_mod:Birthday+1","alterego_mod:AlterEgo+1","ReplayTheSpireMod:Private Reserves+1","ReplayTheSpireMod:Private Reserves+1","alterego_mod:SakuraPetals+1"],"relics":["alterego_mod:MasochisticConstitution","REME_ComplimentaryCards","DaveBox","LagranYue:RandomDrawCardRelic","NeowsBlessing","Molten Egg 2","MerchantsRug","ReplayTheSpireMod:Ninjato","Busted Crown","Replay:M_SmolderingBlood","Gremlin Food","Replay:Kaleidoscope","REME_OnlineShoppingPlatform","Ancient Tea Set","Divine Protection","Replay:Bandana","Juzu Bracelet","BirthdayGift-Tetrahedron","ExusiaiGun","Ying","Lantern","FossilizedHelix","Bag of Preparation","Technique","DianDianMeat","Ring of Hypnosis","Ring of Fury","Chemical X","ReplayFunnel","DollysMirror","REME_HourglassOfDeath","Replay:Arrowhead","ReplayTheSpireMod:Shallot","Toxic Egg 2","BionicSphere","CaptainsWheel","Civilization","StrikeDummy","Toolbox","REME_CardOfGreed","Golden Egg","Garlic","SentryEyes"],"acts_visited":["Exordium","TheCity","TheBeyond","TheEnding"],"potions_floor_usage":[36,38,38,53,53],"damage_taken":[{"damage":0.0,"enemies":"2 Louse","floor":1.0,"turns":1.0},{"damage":0.0,"enemies":"Cultist","floor":3.0,"turns":1.0},{"damage":0.0,"enemies":"Gremlin Nob","floor":7.0,"turns":1.0},{"damage":15.0,"enemies":"Small Slimes","floor":8.0,"turns":4.0},{"damage":11.0,"enemies":"Red Slaver","floor":10.0,"turns":4.0},{"damage":4.0,"enemies":"Blue Slaver","floor":13.0,"turns":2.0},{"damage":17.0,"enemies":"3 Louse","floor":14.0,"turns":3.0},{"damage":11.0,"enemies":"Slime Boss","floor":16.0,"turns":6.0},{"damage":0.0,"enemies":"Spheric Guardian","floor":18.0,"turns":3.0},{"damage":12.0,"enemies":"Chosen","floor":20.0,"turns":4.0},{"damage":0.0,"enemies":"Snecko","floor":21.0,"turns":3.0},{"damage":0.0,"enemies":"Book of Stabbing","floor":23.0,"turns":1.0},{"damage":24.0,"enemies":"REME_1_Revenger","floor":25.0,"turns":3.0},{"damage":10.0,"enemies":"Cultist and Chosen","floor":27.0,"turns":3.0},{"damage":1,"enemies":"Shelled Parasite and Fungi","floor":30,"turns":2},{"damage":1,"enemies":"Chosen and Byrds","floor":31,"turns":2},{"damage":0,"enemies":"Pondfish","floor":33,"turns":2},{"damage":0,"enemies":"Orb Walker","floor":35,"turns":1},{"damage":0,"enemies":"3 Darklings","floor":39,"turns":1},{"damage":0,"enemies":"Reptomancer","floor":40,"turns":1},{"damage":0,"enemies":"Sphere and 2 Shapes","floor":41,"turns":1},{"damage":0,"enemies":"Jaw Worm Horde","floor":44,"turns":1},{"damage":0,"enemies":"Mind Bloom Boss Battle","floor":46,"turns":1},{"damage":0,"enemies":"2 Orb Walkers","floor":47,"turns":1},{"damage":0,"enemies":"Replay:Hell Engine","floor":50,"turns":1},{"damage":0,"enemies":"Shield and Spear","floor":54,"turns":1},{"damage":5,"enemies":"The Heart","floor":55,"turns":4}],"seed_played":"6233795339358530678","potions_obtained":[{"floor":1.0,"key":"Adrenaline Potion"},{"floor":3.0,"key":"Milkshake"},{"floor":8.0,"key":"AttackPotion"},{"floor":21.0,"key":"Weak Potion"},{"floor":25.0,"key":"Milkshake"}],"is_trial":false,"path_per_floor":["M","?","M","?","$","R","E","M","T","M","?","$","M","M","R","B",null,"M","$","M","M","?","E","?","E","T","M","?","$","M","M","R","B",null,"M","$","?","$","M","E","M","R","T","M","?","?","?","?","R","B",null,"R","$","E","B",null],"character_chosen":"The_Alterego","items_purchased":["MerchantsRug","Guide Book","ReplayTheSpireMod:Private Reserves","REME_OnlineShoppingPlatform","Ancient Tea Set","Divine Protection","Replay:Bandana","Juzu Bracelet","BirthdayGift-Tetrahedron","Ying","Lantern","FossilizedHelix","Bag of Preparation","Technique","DianDianMeat","Chemical X","ReplayFunnel","DollysMirror","REME_HourglassOfDeath","Replay:Arrowhead","Civilization","StrikeDummy","Toolbox","REME_CardOfGreed","Golden Egg","Garlic"],"campfire_rested":0,"item_purchase_floors":[5,5,19,29,29,29,29,29,29,36,36,36,36,36,36,38,38,38,38,38,53,53,53,53,53,53],"current_hp_per_floor":[70,70,70,70,70,70,77,69,69,78,78,78,78,66,66,73,82,82,82,75,83,83,83,83,68,68,76,76,76,86,87,87,87,87,87,92,93,105,105,105,105,105,105,108,103,103,103,103,103,103,103,103,113,115,114],"gold":186,"neow_bonus":"THREE_ENEMY_KILL","is_daily":false,"chose_seed":false,"campfire_upgraded":6,"win_rate":0.0,"timestamp":1608697765,"path_taken":["M","?","?","?","$","R","E","M","T","M","?","$","?","M","R","BOSS","M","$","M","M","?","E","?","E","T","M","?","$","M","M","R","BOSS","M","$","?","$","M","E","M","R","T","M","?","?","?","?","R","BOSS","R","$","E","BOSS"],"items_purchased_type":["Relic","Relic","Card","Relic","Relic","Relic","Relic","Relic","Relic","Relic","Relic","Relic","Relic","Relic","Relic","Relic","Relic","Relic","Relic","Relic","Relic","Relic","Relic","Relic","Relic","Relic"],"build_version":"2020-12-13","purchased_purges":5,"victory":true,"max_hp_per_floor":[70,70,70,70,70,70,77,78,78,79,79,79,80,81,81,82,82,82,82,83,83,83,83,83,84,84,85,85,85,86,87,87,87,87,87,92,93,105,105,105,105,105,105,108,103,103,103,103,103,103,103,103,113,115,119],"card_choices":[{"not_picked":["alterego_mod:Punishment","alterego_mod:DestructionOfProperty","alterego_mod:Complex"],"picked":"SKIP","floor":1.0},{"not_picked":["alterego_mod:SakuraPetals+1","alterego_mod:DiscoLights"],"picked":"alterego_mod:Birthday","floor":3.0},{"not_picked":["alterego_mod:Rip","alterego_mod:Support","alterego_mod:Punishment"],"picked":"SKIP","floor":7.0},{"not_picked":["alterego_mod:1TonWallop+1","alterego_mod:Skirt+1","alterego_mod:Jiggle"],"picked":"SKIP","floor":8.0},{"not_picked":["alterego_mod:Bloomers","alterego_mod:Undulate","alterego_mod:PainIsPleasure"],"picked":"SKIP","floor":10.0},{"not_picked":["alterego_mod:SuperDuperMasochism","alterego_mod:DustData+1","alterego_mod:GachaTicket"],"picked":"SKIP","floor":13.0},{"not_picked":["alterego_mod:TrashNCrash","alterego_mod:Undulate","alterego_mod:Valentines"],"picked":"SKIP","floor":14.0},{"not_picked":["alterego_mod:Valkyrie+1","alterego_mod:RingBreak"],"picked":"alterego_mod:AlterEgo","floor":16.0},{"not_picked":["alterego_mod:Skirt+1"],"picked":"SKIP","floor":18.0},{"not_picked":["alterego_mod:HighServant+1"],"picked":"SKIP","floor":20.0},{"not_picked":["alterego_mod:Complex+1"],"picked":"SKIP","floor":21.0},{"not_picked":["Clash+1"],"picked":"SKIP","floor":23.0},{"not_picked":["alterego_mod:Bounce+1"],"picked":"SKIP","floor":25.0},{"not_picked":["alterego_mod:Stockings+1"],"picked":"SKIP","floor":27.0},{"not_picked":["alterego_mod:SakuraLabyrinth"],"picked":"SKIP","floor":30},{"not_picked":["alterego_mod:RocketPunch+1"],"picked":"SKIP","floor":31},{"not_picked":["alterego_mod:Swimsuit+1"],"picked":"SKIP","floor":35},{"not_picked":["alterego_mod:Nekomimi+1"],"picked":"SKIP","floor":39},{"not_picked":["alterego_mod:PresenceConcealment+1"],"picked":"SKIP","floor":40},{"not_picked":["alterego_mod:Bounce+1"],"picked":"SKIP","floor":41},{"not_picked":[],"picked":"alterego_mod:SakuraPetals+1","floor":44},{"not_picked":["alterego_mod:PerceptionDisorder+1"],"picked":"SKIP","floor":54}],"player_experience":193060,"relics_obtained":[{"floor":7.0,"key":"Strawberry"},{"floor":9.0,"key":"ReplayTheSpireMod:Ninjato"},{"floor":23.0,"key":"Gremlin Food"},{"floor":25.0,"key":"Replay:Kaleidoscope"},{"floor":37,"key":"Ring of Hypnosis"},{"floor":37,"key":"Ring of Fury"},{"floor":40,"key":"ReplayTheSpireMod:Shallot"},{"floor":43,"key":"Toxic Egg 2"},{"floor":46,"key":"BionicSphere"},{"floor":47,"key":"CaptainsWheel"},{"floor":54,"key":"SentryEyes"}],"event_choices":[{"cards_removed":["alterego_mod:Maid"],"damage_healed":0.0,"max_hp_gain":0.0,"max_hp_loss":0.0,"gold_gain":0.0,"event_name":"WeMeetAgain","player_choice":"Gave Card","floor":2.0,"gold_loss":0.0,"damage_taken":0.0,"relics_obtained":["Molten Egg 2"]},{"damage_healed":0.0,"max_hp_gain":0.0,"max_hp_loss":0.0,"gold_gain":0.0,"event_name":"NoteForYourself","player_choice":"Ignored","floor":11.0,"gold_loss":0.0,"damage_taken":0.0},{"damage_healed":0.0,"max_hp_gain":0.0,"max_hp_loss":0.0,"gold_gain":0.0,"event_name":"Vampires","player_choice":"Ignored","floor":24.0,"gold_loss":0.0,"damage_taken":0.0},{"cards_removed":["alterego_mod:SuperDuperMasochism"],"damage_healed":0.0,"max_hp_gain":0.0,"max_hp_loss":0.0,"gold_gain":0.0,"event_name":"Beggar","player_choice":"Gave Gold","floor":28.0,"gold_loss":75.0,"damage_taken":0.0},{"damage_healed":0,"gold_gain":0,"player_choice":"Max HP","damage_taken":0,"max_hp_gain":0,"max_hp_loss":5,"event_name":"Winding Halls","floor":45,"gold_loss":0},{"damage_healed":0,"gold_gain":0,"player_choice":"Fight","damage_taken":0,"max_hp_gain":0,"max_hp_loss":0,"event_name":"MindBloom","floor":46,"gold_loss":0},{"damage_healed":0,"gold_gain":0,"player_choice":"Fight","damage_taken":0,"max_hp_gain":0,"max_hp_loss":0,"event_name":"Mysterious Sphere","floor":47,"gold_loss":0},{"damage_healed":0,"gold_gain":100,"player_choice":"Pray","damage_taken":0,"max_hp_gain":0,"max_hp_loss":0,"event_name":"Golden Shrine","floor":48,"gold_loss":0}],"is_beta":false,"boss_relics":[{"not_picked":["Tiny House","Runic Pyramid"],"picked":"Busted Crown"},{"not_picked":["Empty Cage","SlaversCollar"],"picked":"ExusiaiGun"}],"items_purged_floors":[5,12,29,36,38],"is_endless":false,"potions_floor_spawned":[1,3,8,14,21,25,30,31,35,39,40],"ascension_level":0}}