{"host":"z5s44qp1ule1sbwl","time":1608765171,"event":{"mods":["BaseMod","Downfall","Minty Spire (QoL Compilation)","StSLib"],"gold_per_floor":[99,99,99,99,99,130,177,211,223,235,250,87,98,83,101,202,202,202,219,57,85,105,90,115,115,149,161,161,161,161],"floor_reached":28,"playtime":1767,"items_purged":[],"score":296,"play_id":"0a8f276e-578e-449b-87e8-62542c19c88c","local_time":"20201223231251","is_ascension_mode":false,"campfire_choices":[{"data":"hexamod:Sear","floor":1,"key":"SMITH"},{"data":"hexamod:SpectersWail","floor":18,"key":"SMITH"},{"floor":25,"key":"REST"}],"circlet_count":0,"master_deck":["hexamod:Strike","hexamod:Strike","hexamod:Strike+1","hexamod:Defend","hexamod:Defend","hexamod:Defend","hexamod:Defend","hexamod:Sear+1","hexamod:Float","hexamod:InspiringFlames","hexamod:FirstSeal","hexamod:RadiantFlame","hexamod:SoulSteal","hexamod:SpectersWail+1","hexamod:ChargedBarrage","hexamod:HeatMetal","hexamod:GhostflameBarrier","hexamod:SearingWound","hexamod:TimeOfNeed","hexamod:UnleashSpirits","hexamod:Firestarter","hexamod:HexaLevel","hexamod:NightmareStrike+1","hexamod:RetreatToShadows","hexamod:HauntingEcho+1","hexamod:GhostLash+1","hexamod:ShieldOfDarkness+1"],"relics":["hexamod:SpiritBrand","downfall:HeartsMalice","Akabeko","Anchor","Black Star","Nunchaku","Red Mask","Oddly Smooth Stone","Ornamental Fan","Smiling Mask"],"acts_visited":["Exordium","TheCity"],"potions_floor_usage":[12,16,16,20,26,27,27],"damage_taken":[{"damage":0,"enemies":"2 Louse","floor":2,"turns":1},{"damage":0,"enemies":"Lagavulin","floor":6,"turns":1},{"damage":0,"enemies":"Gremlin Nob","floor":8,"turns":1},{"damage":0,"enemies":"Small Slimes","floor":9,"turns":3},{"damage":6,"enemies":"Cultist","floor":10,"turns":3},{"damage":8,"enemies":"Large Slime","floor":11,"turns":5},{"damage":0,"enemies":"downfall:FleeingMerchant","floor":12,"turns":4},{"damage":15,"enemies":"Exordium Wildlife","floor":13,"turns":5},{"damage":9,"enemies":"downfall:FleeingMerchant","floor":14,"turns":4},{"damage":7,"enemies":"Blue Slaver","floor":15,"turns":3},{"damage":33,"enemies":"downfall:Ironclad","floor":16,"turns":9},{"damage":5,"enemies":"Chosen","floor":19,"turns":5},{"damage":8,"enemies":"downfall:FleeingMerchant","floor":20,"turns":4},{"damage":15,"enemies":"Masked Bandits","floor":21,"turns":4},{"damage":12,"enemies":"Snecko","floor":22,"turns":4},{"damage":6,"enemies":"downfall:FleeingMerchant","floor":23,"turns":4},{"damage":47,"enemies":"Gremlin Leader","floor":26,"turns":8},{"damage":23,"enemies":"Snake Plant","floor":27,"turns":4},{"damage":5,"enemies":"Shelled Parasite and Fungi","floor":28,"turns":2}],"seed_played":"-7251859220263266623","potions_obtained":[{"floor":8,"key":"FearPotion"},{"floor":9,"key":"LiquidBronze"},{"floor":10,"key":"Fire Potion"},{"floor":16,"key":"ColorlessPotion"},{"floor":19,"key":"hexamod:EctoCoolerPotion"},{"floor":22,"key":"FearPotion"},{"floor":26,"key":"hexamod:EctoCoolerPotion"}],"is_trial":false,"path_per_floor":["R","M","?","?","?","E","T","E","M","M","M","$","M","$","M","B",null,"R","M","$","?","M","$","T","R","E","M","M"],"character_chosen":"THE_SPIRIT","items_purchased":["hexamod:SearingWound","Nunchaku"],"campfire_rested":1,"item_purchase_floors":[12,20],"current_hp_per_floor":[70,70,70,63,63,63,63,63,70,70,69,69,54,45,38,12,70,70,70,69,54,49,43,43,64,24,1,0,0,0],"gold":161,"neow_bonus":"THREE_ENEMY_KILL","is_daily":false,"chose_seed":false,"campfire_upgraded":2,"win_rate":0.0,"timestamp":1608765171,"path_taken":["R","M","?","?","?","E","T","E","M","?","M","$","M","$","M","BOSS","R","M","$","?","M","$","T","R","E","M","M"],"items_purchased_type":["Card","Relic"],"build_version":"2020-12-22","purchased_purges":0,"victory":false,"max_hp_per_floor":[70,70,70,70,70,70,70,70,70,70,70,70,70,70,70,70,70,70,70,70,70,70,70,70,70,70,70,70,70,70],"card_choices":[{"not_picked":["hexamod:HeatShield","hexamod:PhantomFireball"],"picked":"hexamod:InspiringFlames","floor":2},{"not_picked":["hexamod:NightmareGuise","hexamod:GhostOfSpirePresent"],"picked":"hexamod:RadiantFlame","floor":6},{"not_picked":["hexamod:Incineration","hexamod:BurningTouch"],"picked":"hexamod:SoulSteal","floor":8},{"not_picked":["hexamod:Rewind","hexamod:SkipABeat"],"picked":"hexamod:SpectersWail","floor":9},{"not_picked":["hexamod:RetreatToShadows","hexamod:ThirdSeal"],"picked":"hexamod:ChargedBarrage","floor":10},{"not_picked":["hexamod:Firestarter","hexamod:SwordOfDarkness"],"picked":"hexamod:HeatMetal","floor":11},{"not_picked":["hexamod:NightmareGuise","hexamod:GhostLash"],"picked":"hexamod:GhostflameBarrier","floor":12},{"not_picked":["hexamod:GhostOfSpireFuture","hexamod:SwordOfDarkness"],"picked":"hexamod:TimeOfNeed","floor":13},{"not_picked":["hexamod:GhostflameBarrier","hexamod:SkipABeat"],"picked":"hexamod:UnleashSpirits","floor":14},{"not_picked":["hexamod:Hexaguard","hexamod:RainOfEmbers"],"picked":"hexamod:Firestarter","floor":15},{"not_picked":["hexamod:TimeWarp","hexamod:EmpoweringStance"],"picked":"hexamod:HexaLevel","floor":16},{"not_picked":["hexamod:EtherealExpedition","hexamod:PhantomCloak"],"picked":"hexamod:NightmareStrike+1","floor":19},{"not_picked":["hexamod:ShieldOfDarkness","hexamod:NightmareStrike"],"picked":"hexamod:RetreatToShadows","floor":20},{"not_picked":["hexamod:Firestarter","hexamod:SpectersWail"],"picked":"hexamod:HauntingEcho+1","floor":21},{"not_picked":["hexamod:GhostShield","hexamod:SwordOfDarkness+1"],"picked":"hexamod:GhostLash+1","floor":22},{"not_picked":["hexamod:EtherealExpedition","hexamod:HauntingEcho"],"picked":"hexamod:ShieldOfDarkness+1","floor":23},{"not_picked":["hexamod:GhostOfSpirePresent","hexamod:NightmareGuise","hexamod:GhostflameBarrier"],"picked":"SKIP","floor":26},{"not_picked":["hexamod:SpectersWail","hexamod:Haunt","hexamod:BacktrackSmack"],"picked":"SKIP","floor":27}],"player_experience":1129942,"relics_obtained":[{"floor":6,"key":"Akabeko"},{"floor":8,"key":"Anchor"},{"floor":21,"key":"Red Mask"},{"floor":24,"key":"Oddly Smooth Stone"},{"floor":26,"key":"Ornamental Fan"},{"floor":26,"key":"Smiling Mask"}],"event_choices":[{"damage_healed":0,"gold_gain":0,"player_choice":"Upgraded","damage_taken":0,"max_hp_gain":0,"max_hp_loss":0,"event_name":"Upgrade Shrine","floor":5,"gold_loss":0,"cards_upgraded":["hexamod:Strike"]},{"damage_healed":0,"gold_gain":0,"player_choice":"Fought Bandits","damage_taken":0,"max_hp_gain":0,"max_hp_loss":0,"event_name":"Masked Bandits","floor":21,"gold_loss":0}],"is_beta":false,"boss_relics":[{"not_picked":["Fusion Hammer","Snecko Eye"],"picked":"Black Star"}],"items_purged_floors":[],"is_endless":false,"potions_floor_spawned":[8,9,10,11,16,19,22,26],"killed_by":"Shelled Parasite and Fungi","ascension_level":0}}