{"host":"e6oyrm1qxoctfokz","time":1608684270,"event":{"mods":["BaseMod","Clawfect","Colored Powertips","Defuse TimeMaze Blight","Halation","Highlight Path","Hubris","Infinite Spire","Minty Spire (QoL Compilation)","Permanent Neow","Quick Restart","Relic Sorter","Replay The Spire","StSLib","Trackpad","vexMod"],"gold_per_floor":[114,124,124,143,161,194,213,225,273,284,284,310,310,324,324,423,423,437,450,450,465,465,465,484,517,517,535,588,588,605,705,396,321,321,424,424,438,438,455,455,473,491,491,520,545,570,620,620,785,809,809,910,910,912,862,906,583,583,583,585,589,634,634,647,647,660,660,660,746,746,751,756,666,535,535,546,736,754,781,778,578,503,508,509,509,586,586,671,423,423,425,425,431,431,448,448,451,451,504,504,509,509,591,591,591],"floor_reached":104,"playtime":7153,"items_purged":["Defend_B","Defend_B","Chaos","Gash"],"score":2253,"play_id":"92354e1a-a930-4fbb-b96a-5efdf09b66e4","local_time":"20201222224430","is_ascension_mode":false,"campfire_choices":[{"floor":13,"key":"REST"},{"floor":15,"key":"REST"},{"floor":26,"key":"REST"},{"floor":29,"key":"REST"},{"floor":34,"key":"DIG"},{"data":"infinitespire:Collect","floor":43,"key":"SMITH"},{"data":"Skim","floor":48,"key":"SMITH"},{"data":"Reboot","floor":51,"key":"SMITH"},{"data":"Clawfect:ClawForOne","floor":59,"key":"SMITH"},{"data":"infinitespire:Collect","floor":63,"key":"SMITH"},{"data":"Gash","floor":68,"key":"SMITH"},{"data":"Seek","floor":94,"key":"SMITH"},{"floor":100,"key":"RECALL"},{"floor":102,"key":"DIG"}],"circlet_count":0,"master_deck":["Gash+1","Gash+1","Gash+1","Gash+1","infinitespire:Collect+1","Clawfect:ClawCell+1","Reboot+1","Seek+1","Clawfect:ClawForOne+1","infinitespire:Collect+1","Clawfect:ClawSnap+1","ReplayTheSpireMod:Fabricate Wheel"],"relics":["Clawfect:DRClaw","StoneCalendar","Anchor","Centennial Puzzle","TheAbacus","halation:PromiseList","infinitespire:FocusingShard","infinitespire:EmpoweringShard","ReplayTheSpireMod:Ninjato","hubris:CrystalStatue","Replay:Wax Seal","hubris:Icosahedron","Gremlin Food","hubris:HollowSoul","Garlic","infinitespire:BottledMercury","Membership Card","Matryoshka","Blood Vial","hubris:Backtick","hubris:DeckOfHolding","Ancient Tea Set","halation:AfternoonTea","trackpad:HandOfMidas","vexMod:BigBerry","vexMod:Spyglass","Toy Ornithopter","hubris:ToyBattleship","Mirror","Empty Cage","Bottled Flame","trackpad:WritersBlock","Oddly Smooth Stone","infinitespire:Bottled Soul","Smiling Mask","Black Star","Vajra","Cables","TungstenRod","Pen Nib","Replay:WaspNest","halation:TwoAmDonut","Bag of Preparation","Nuclear Battery"],"acts_visited":["Exordium","TheCity","TheBeyond","Exordium","TheCity","TheBeyond","Exordium"],"potions_floor_usage":[6,16,16,16,25,66],"damage_taken":[{"damage":5,"enemies":"Jaw Worm","floor":1,"turns":4},{"damage":0,"enemies":"2 Louse","floor":2,"turns":3},{"damage":0,"enemies":"Cultist","floor":4,"turns":3},{"damage":5,"enemies":"Looter","floor":5,"turns":4},{"damage":15,"enemies":"Gremlin Nob","floor":6,"turns":3},{"damage":14,"enemies":"Exordium Thugs","floor":7,"turns":3},{"damage":0,"enemies":"Large Slime","floor":8,"turns":4},{"damage":12,"enemies":"Blue Slaver","floor":10,"turns":3},{"damage":0,"enemies":"Lagavulin","floor":12,"turns":4},{"damage":6,"enemies":"Exordium Wildlife","floor":14,"turns":3},{"damage":38,"enemies":"The Guardian","floor":16,"turns":5},{"damage":16,"enemies":"2 Thieves","floor":18,"turns":4},{"damage":10,"enemies":"Chosen","floor":19,"turns":4},{"damage":0,"enemies":"Centurion and Healer","floor":21,"turns":3},{"damage":0,"enemies":"Cultist and Chosen","floor":24,"turns":2},{"damage":44,"enemies":"Nightmare","floor":25,"turns":6},{"damage":0,"enemies":"Shelled Parasite and Fungi","floor":27,"turns":2},{"damage":4,"enemies":"Centurion and Healer","floor":30,"turns":2},{"damage":1,"enemies":"Colosseum Slavers","floor":31,"turns":2},{"damage":22,"enemies":"Colosseum Nobs","floor":31,"turns":3},{"damage":0,"enemies":"Collector","floor":35,"turns":3},{"damage":0,"enemies":"3 Darklings","floor":37,"turns":1},{"damage":0,"enemies":"Orb Walker","floor":39,"turns":1},{"damage":0,"enemies":"Jaw Worm Horde","floor":41,"turns":1},{"damage":0,"enemies":"Maw","floor":42,"turns":1},{"damage":23,"enemies":"R_Hoarder","floor":44,"turns":4},{"damage":0,"enemies":"Nightmare","floor":46,"turns":1},{"damage":0,"enemies":"Mind Bloom Boss Battle","floor":47,"turns":1},{"damage":0,"enemies":"Writhing Mass","floor":49,"turns":1},{"damage":0,"enemies":"Jaw Worm Horde","floor":50,"turns":1},{"damage":0,"enemies":"Replay:Hell Engine","floor":52,"turns":1},{"damage":0,"enemies":"Cultist","floor":54,"turns":1},{"damage":0,"enemies":"Jaw Worm","floor":56,"turns":1},{"damage":0,"enemies":"2 Louse","floor":60,"turns":1},{"damage":0,"enemies":"Nightmare","floor":61,"turns":1},{"damage":0,"enemies":"3 Sentries","floor":64,"turns":1},{"damage":0,"enemies":"Gremlin Gang","floor":66,"turns":1},{"damage":0,"enemies":"Large Slime","floor":67,"turns":1},{"damage":0,"enemies":"Slime Boss","floor":69,"turns":1},{"damage":0,"enemies":"Chosen","floor":71,"turns":1},{"damage":0,"enemies":"Shell Parasite","floor":72,"turns":1},{"damage":0,"enemies":"Gremlin Leader","floor":76,"turns":1},{"damage":0,"enemies":"Snecko","floor":77,"turns":1},{"damage":0,"enemies":"Book of Stabbing","floor":78,"turns":1},{"damage":0,"enemies":"Snake Plant","floor":80,"turns":1},{"damage":0,"enemies":"Nightmare","floor":83,"turns":1},{"damage":0,"enemies":"Cultist and Chosen","floor":84,"turns":1},{"damage":0,"enemies":"Champ","floor":86,"turns":1},{"damage":0,"enemies":"3 Darklings","floor":88,"turns":1},{"damage":0,"enemies":"Orb Walker","floor":91,"turns":1},{"damage":0,"enemies":"Nightmare","floor":93,"turns":1},{"damage":0,"enemies":"Reptomancer","floor":95,"turns":1},{"damage":0,"enemies":"Maw","floor":97,"turns":1},{"damage":0,"enemies":"Writhing Mass","floor":101,"turns":1},{"damage":22,"enemies":"Time Eater","floor":103,"turns":2}],"seed_played":"4645040127203748148","potions_obtained":[{"floor":1,"key":"SteroidPotion"},{"floor":4,"key":"Languid Potion"},{"floor":8,"key":"Doom Potion"},{"floor":10,"key":"Fire Potion"},{"floor":12,"key":"Weak Potion"},{"floor":14,"key":"Dexterity Potion"},{"floor":16,"key":"SpeedPotion"},{"floor":21,"key":"SpeedPotion"},{"floor":24,"key":"BlessingOfTheForge"},{"floor":27,"key":"Toxic Potion"},{"floor":30,"key":"BlessingOfTheForge"},{"floor":44,"key":"Weak Potion"},{"floor":47,"key":"DuplicationPotion"},{"floor":56,"key":"Explosive Potion"},{"floor":66,"key":"Weak Potion"},{"floor":67,"key":"LiquidMemories"},{"floor":69,"key":"Swift Potion"},{"floor":91,"key":"Strength Potion"},{"floor":97,"key":"FairyPotion"}],"is_trial":false,"path_per_floor":["M","M","?","M","M","E","M","M","T","M","?","E","R","M","R","B",null,"M","M","AVR","M","PTL","PTL","M","NM","R","M","T","R","M","?","$","?","R","B",null,"M","?","M","?","M","M","R","E","T","NM","?","R","M","M","R","B",null,"M","?","M","$","?","R","M","NM","T","R","E","?","M","M","R","B",null,"M","M","?","$","?","E","M","E","T","M","$","$","NM","M","R","B",null,"M","$","T","M","?","NM","R","E","T","M","?","T","R","M","R","B",null],"character_chosen":"DEFECT","items_purchased":["Membership Card","Matryoshka","infinitespire:EmpoweringShard","vexMod:Spyglass","Clawfect:ClawForOne","Bottled Flame","halation:PromiseList","infinitespire:Bottled Soul","TheAbacus","Vajra","Cables"],"campfire_rested":4,"item_purchase_floors":[32,32,57,57,57,74,81,81,82,89,89],"current_hp_per_floor":[70,70,70,70,65,50,36,36,36,24,24,24,46,40,62,24,75,59,49,49,49,49,49,49,5,27,27,27,49,45,22,22,22,22,24,75,75,75,75,75,75,75,75,52,52,54,56,56,58,60,60,62,105,105,105,105,105,105,105,105,105,105,105,105,105,105,105,105,105,105,105,105,105,105,105,105,105,105,105,105,105,105,105,105,105,105,105,105,105,105,105,108,108,108,108,108,108,108,108,108,108,108,86,108,108],"gold":591,"neow_bonus":"REMOVE_CARD","is_daily":false,"chose_seed":false,"campfire_upgraded":7,"win_rate":0.0,"timestamp":1608684270,"path_taken":["M","M","?","M","M","E","M","M","T","M","?","E","R","M","R","BOSS","M","M","AVR","?","PTL","PTL","M","NM","R","M","T","R","M","?","$","?","R","BOSS","M","?","M","?","M","?","R","E","T","NM","?","R","M","M","R","BOSS","M","?","M","$","?","R","M","NM","T","R","E","?","M","M","R","BOSS","M","M","?","?","?","E","M","E","T","M","?","$","NM","M","R","BOSS","M","?","?","M","?","NM","R","E","T","M","?","?","R","M","R","BOSS"],"items_purchased_type":["Relic","Relic","Relic","Relic","Card","Relic","Relic","Relic","Relic","Relic","Relic"],"build_version":"2020-12-13","purchased_purges":4,"victory":false,"max_hp_per_floor":[75,75,75,75,75,75,75,75,75,75,75,75,75,75,75,75,75,75,75,75,75,75,75,75,75,75,75,75,75,75,75,75,75,75,75,75,75,75,75,75,75,75,75,75,75,75,75,75,75,75,75,75,105,105,105,105,105,105,105,105,105,105,105,105,105,105,105,105,105,105,105,105,105,105,105,105,105,105,105,105,105,105,105,105,105,105,105,105,105,105,105,108,108,108,108,108,108,108,108,108,108,108,108,108,108],"card_choices":[{"not_picked":["FIFO Queue","Hologram"],"picked":"ReplayTheSpireMod:Reroute Power","floor":1},{"not_picked":["Lockon","ReplayTheSpireMod:Reroute Power"],"picked":"Skim","floor":2},{"not_picked":["Steam","White Noise","Panic Button"],"picked":"SKIP","floor":4},{"not_picked":["Gash","Genetic Algorithm","Panic Button"],"picked":"SKIP","floor":5},{"not_picked":["Clawfect:Clawter","Panic Button"],"picked":"Skim","floor":6},{"not_picked":["Steam","Rebound","Clawfect:Clawter"],"picked":"SKIP","floor":7},{"not_picked":["BasicCrystalCard","Clawfect:Clawter","Coolheaded"],"picked":"SKIP","floor":8},{"not_picked":["Skim","BasicCrystalCard","Gash"],"picked":"SKIP","floor":10},{"not_picked":["Force Field","Hologram","Thunder Strike"],"picked":"SKIP","floor":12},{"not_picked":["Clawfect:Clawline","Fusion"],"picked":"Chaos","floor":14},{"not_picked":["Chaos","ReplayTheSpireMod:Repulse"],"picked":"Clawfect:ClawpileDriver","floor":18},{"not_picked":["ReplayGash+1","Heatsinks+1","Stack"],"picked":"SKIP","floor":19},{"not_picked":["Static Discharge+1","Gash+1","Clawfect:ClawingBeam"],"picked":"SKIP","floor":21},{"not_picked":["Turbo+1","Clawfect:Clawline"],"picked":"Clawfect:ClawCell+1","floor":24},{"not_picked":["Clawfect:Clawter","Clawfect:ClawSnap+1"],"picked":"Reboot","floor":25},{"not_picked":["Undo","Auto Shields","Clawfect:ClawingBeam+1"],"picked":"SKIP","floor":27},{"not_picked":["Panic Button","Rebound","Steam"],"picked":"SKIP","floor":30},{"not_picked":["Genetic Algorithm+1","Self Repair","Consume"],"picked":"SKIP","floor":37},{"not_picked":["Heatsinks","Turbo","Clawfect:ClawLightning+1"],"picked":"SKIP","floor":39},{"not_picked":["Turbo+1","Clawfect:ClawCell+1","Clawfect:Clawrage"],"picked":"SKIP","floor":41},{"not_picked":["Clawfect:ClawingBeam","Clawfect:ClawSnap","hubris:Ukulele"],"picked":"SKIP","floor":42},{"not_picked":["Leap","hubris:PowerSurge+1","Self Repair"],"picked":"SKIP","floor":44},{"not_picked":["Steam Power+1","Lockon+1","Hologram+1"],"picked":"SKIP","floor":46},{"not_picked":["Crystallizer+1","Panic Button+1","Clawfect:Clawline"],"picked":"SKIP","floor":49},{"not_picked":["Blizzard+1","Clawfect:ClawForTheEyes+1","Chill"],"picked":"SKIP","floor":50},{"not_picked":["Fission","ReplayRNGCard"],"picked":"Seek","floor":52},{"not_picked":["Clawfect:Clawline","BasicCrystalCard","Recycle"],"picked":"SKIP","floor":54},{"not_picked":["Undo","Conserve Battery","Stack"],"picked":"SKIP","floor":56},{"not_picked":["Reinforced Body","Stack","Hologram"],"picked":"SKIP","floor":60},{"not_picked":["infinitespire:Fortify","infinitespire:Menacing"],"picked":"infinitespire:Collect","floor":61},{"not_picked":["Sunder","Force Field","Clawfect:Clawrage"],"picked":"SKIP","floor":61},{"not_picked":["Coolheaded","Hyperbeam","Hello World"],"picked":"SKIP","floor":64},{"not_picked":["Leap","Clawfect:Clawter","Force Field"],"picked":"SKIP","floor":66},{"not_picked":["Chill","Panic Button","Clawfect:ClawingBeam"],"picked":"SKIP","floor":67},{"not_picked":["Clawfect:Clawter","FTL","Steam+1"],"picked":"SKIP","floor":71},{"not_picked":["Aggregate","Reinforced Body","Darkness"],"picked":"SKIP","floor":72},{"not_picked":["Clawfect:ClawLightning","Hologram","FIFO Queue"],"picked":"SKIP","floor":76},{"not_picked":["ReplaySolidLightProjector+1","Capacitor","Clawfect:ClawForTheEyes"],"picked":"SKIP","floor":77},{"not_picked":["Clawfect:Clawrage","Sunder","Clawfect:Clawline"],"picked":"SKIP","floor":78},{"not_picked":["Rebound","Tempest+1","Undo"],"picked":"SKIP","floor":80},{"not_picked":["ReplayRNGCard","Redo","Sunder"],"picked":"SKIP","floor":83},{"not_picked":["Recycle","Clawfect:ClawSnap","Self Repair"],"picked":"SKIP","floor":84},{"not_picked":["Gash","FTL+1"],"picked":"Clawfect:ClawSnap+1","floor":88},{"not_picked":["Heatsinks","Clawfect:ClawLightning+1","Coolheaded+1"],"picked":"SKIP","floor":91},{"not_picked":["FTL","Clawfect:ClawCell","Clawfect:ClawSnap"],"picked":"SKIP","floor":93},{"not_picked":["Clawfect:ClawSnap","Clawfect:ScrapingClaw+1","Creative AI"],"picked":"SKIP","floor":95},{"not_picked":["ReplayTheSpireMod:Reroute Power","Reprogram+1","Panic Button"],"picked":"SKIP","floor":97},{"not_picked":["ReplayGash+1","Clawfect:Clawline+1","ReplaySolidLightProjector"],"picked":"SKIP","floor":101},{"not_picked":["Machine Learning","Creative AI"],"picked":"ReplayTheSpireMod:Fabricate Wheel","floor":103}],"player_experience":375183,"relics_obtained":[{"floor":6,"key":"Anchor"},{"floor":12,"key":"Gremlin Food"},{"floor":25,"key":"Garlic"},{"floor":28,"key":"Replay:Wax Seal"},{"floor":31,"key":"StoneCalendar"},{"floor":31,"key":"infinitespire:BottledMercury"},{"floor":34,"key":"Blood Vial"},{"floor":44,"key":"hubris:DeckOfHolding"},{"floor":45,"key":"Ancient Tea Set"},{"floor":45,"key":"halation:AfternoonTea"},{"floor":46,"key":"hubris:CrystalStatue"},{"floor":47,"key":"trackpad:HandOfMidas"},{"floor":61,"key":"Toy Ornithopter"},{"floor":62,"key":"hubris:ToyBattleship"},{"floor":64,"key":"Mirror"},{"floor":78,"key":"trackpad:WritersBlock"},{"floor":79,"key":"Oddly Smooth Stone"},{"floor":83,"key":"Smiling Mask"},{"floor":93,"key":"TungstenRod"},{"floor":95,"key":"Pen Nib"},{"floor":95,"key":"Replay:WaspNest"},{"floor":96,"key":"halation:TwoAmDonut"},{"floor":99,"key":"Bag of Preparation"},{"floor":102,"key":"infinitespire:FocusingShard"}],"event_choices":[{"damage_healed":0,"gold_gain":0,"player_choice":"Bought 0 Potions","damage_taken":0,"max_hp_gain":0,"max_hp_loss":0,"event_name":"The Woman in Blue","floor":11,"gold_loss":0},{"damage_healed":0,"gold_gain":0,"player_choice":"Fight","damage_taken":0,"max_hp_gain":0,"max_hp_loss":0,"event_name":"Colosseum","floor":31,"gold_loss":0},{"damage_healed":0,"gold_gain":0,"player_choice":"Fought Nobs","damage_taken":0,"max_hp_gain":0,"max_hp_loss":0,"event_name":"Colosseum","floor":31,"gold_loss":0},{"cards_removed":["Defend_B"],"damage_healed":0,"gold_gain":0,"player_choice":"Gave Gold","damage_taken":0,"max_hp_gain":0,"max_hp_loss":0,"event_name":"Beggar","floor":33,"gold_loss":75},{"damage_healed":0,"gold_gain":0,"player_choice":"Ignored","damage_taken":0,"max_hp_gain":0,"max_hp_loss":0,"event_name":"NoteForYourself","floor":40,"gold_loss":0},{"damage_healed":0,"gold_gain":0,"player_choice":"Fight","damage_taken":0,"max_hp_gain":0,"max_hp_loss":0,"event_name":"MindBloom","floor":47,"gold_loss":0},{"cards_removed":["Clawfect:ClawpileDriver"],"damage_healed":0,"gold_gain":0,"player_choice":"Card Removal","damage_taken":0,"max_hp_gain":0,"max_hp_loss":0,"event_name":"The Cleric","floor":55,"gold_loss":50},{"cards_removed":["ReplayTheSpireMod:Reroute Power"],"damage_healed":0,"gold_gain":0,"player_choice":"Purged","damage_taken":0,"max_hp_gain":0,"max_hp_loss":0,"event_name":"Purifier","floor":58,"gold_loss":0},{"damage_healed":0,"gold_gain":0,"player_choice":"Got Potions","damage_taken":0,"max_hp_gain":0,"max_hp_loss":0,"event_name":"Lab","floor":65,"gold_loss":0},{"cards_removed":["Skim"],"damage_healed":0,"gold_gain":0,"player_choice":"Upgrade and Remove","damage_taken":0,"max_hp_gain":0,"max_hp_loss":0,"event_name":"Designer","floor":73,"gold_loss":90,"cards_upgraded":["Gash"]},{"damage_healed":0,"gold_gain":0,"player_choice":"Ignored","damage_taken":0,"max_hp_gain":0,"max_hp_loss":0,"event_name":"Tomb of Lord Red Mask","floor":98,"gold_loss":0}],"is_beta":false,"boss_relics":[{"not_picked":["hubris:ScarierMask","hubris:CrackedHourglass"],"picked":"hubris:HollowSoul"},{"not_picked":["trackpad:Trackpad","hubris:VirtuousBlindfold"],"picked":"hubris:Backtick"},{"not_picked":["Replay:Ancient Bell","Replay:Wanted Poster"],"picked":"vexMod:BigBerry"},{"not_picked":["Sozu","halation:CatFaceCupcake"],"picked":"Empty Cage"},{"not_picked":["Philosopher\u0027s Stone","hubris:CrackedHourglass"],"picked":"Black Star"},{"not_picked":["Fusion Hammer","halation:HeavySnake"],"picked":"Nuclear Battery"}],"items_purged_floors":[20,32,57,89],"is_endless":true,"potions_floor_spawned":[1,4,8,10,12,14,16,21,24,27,30,31,39,44,47,50,52,56,64,66,67,69,72,77,80,83,86,91,97,101],"ascension_level":0}}