{"host":"jgqxb38yl0c1w101","time":1608694392,"event":{"mods":["2.2 Compatiblity","AchievementEnabler","BaseMod","ChefMod","Colored Map","Downfall","Hubris","Mad Scientist","Minty Spire (QoL Compilation)","Relic Stats","Replay The Spire","Robot Space Explorer","StSLib","The Problem Sleuth"],"gold_per_floor":[99,99,99,24,24,57,57,82,97,123,140,65,65,85,102,197,197,122,140,125,125,125,110,110,110,158,178,203,219,144,161,196,222,240,344,344,344,357,357,357,257,257,282,282,40,74,47,64,78,107,123,123,123,150,21,21,21],"floor_reached":58,"playtime":4571,"items_purged":["Regret"],"score":1589,"play_id":"1af80b5b-6e76-4577-b932-a31328d0edb4","local_time":"20201222223312","is_ascension_mode":true,"campfire_choices":[{"floor":1,"key":"RECALL"},{"floor":12,"key":"REST"},{"data":"champ:StrikeOfGenius","floor":18,"key":"SMITH"},{"floor":30,"key":"REST"},{"floor":37,"key":"DIG"},{"data":"champ:Strike","floor":42,"key":"SMITH"},{"data":"champ:Strike","floor":44,"key":"SMITH"},{"data":"champ:Strike","floor":56,"key":"SMITH"}],"circlet_count":0,"master_deck":["champ:Strike+7","champ:Strike","champ:Strike","champ:Strike","champ:Defend","champ:Defend","champ:Defend","champ:Defend","champ:DeathBlow+1","champ:Haymaker+1","champ:FaceSlap+1","champ:BringItOn+1","champ:GladiatorsShout+1","champ:RisingSlash+1","champ:StanceDance+1","champ:StrikeOfGenius+1","champ:GladiatorStyle+1","champ:RapidStrikes+1","champ:RageSigil+1","champ:ShieldSigil+1","champ:DancingMaster+1","champ:Circumvent+1","champ:BringItOn+1","champ:RisingSlash+1","champ:ShieldWall+1","champ:PerfectForm+1","champ:ViciousMockery+1","champ:SwordSigil+1","champ:PerfectedStrike","champ:PerfectedStrike","champ:PerfectedStrike+1","champ:SwordSigil+1","champ:ViciousMockery+1","champ:RapidStrikes+1","champ:StrikeOfGenius","champ:FaceSlap+1","champ:RecklessLeap","champ:BerserkersShout"],"relics":["champ:ChampionCrown","downfall:HeartsMalice","Omamori","War Paint","Simple Rune","champ:GladiatorsBookOfMartialProwess","hubris:OldNail","Honey Jar","Torii","champ:BerserkersGuideToSlaughter","Anchor","champ:SpectersHand","hubris:GrandSneckoEye","Replay:Rubber Ducky","Blue Doll","Replay:Bottled Eggs","hubris:PeanutButter","Whetstone","Mummified Hand"],"acts_visited":["Exordium","TheCity","TheBeyond","TheEnding"],"potions_floor_usage":[28,28,32,35,57,57,57],"damage_taken":[{"damage":0,"enemies":"Small Slimes","floor":2,"turns":1},{"damage":0,"enemies":"downfall:FleeingMerchant","floor":4,"turns":1},{"damage":0,"enemies":"3 Sentries","floor":6,"turns":1},{"damage":56,"enemies":"Gremlin Nob","floor":8,"turns":5},{"damage":10,"enemies":"2 Louse","floor":9,"turns":1},{"damage":21,"enemies":"Replay:BlueRogue","floor":10,"turns":4},{"damage":0,"enemies":"Cultist","floor":11,"turns":3},{"damage":12,"enemies":"Blue Slaver","floor":14,"turns":3},{"damage":11,"enemies":"Exordium Wildlife","floor":15,"turns":3},{"damage":41,"enemies":"downfall:Watcher","floor":16,"turns":6},{"damage":22,"enemies":"Shell Parasite","floor":19,"turns":5},{"damage":15,"enemies":"downfall:FleeingMerchant","floor":20,"turns":4},{"damage":50,"enemies":"downfall:FleeingMerchant","floor":23,"turns":4},{"damage":24,"enemies":"Chosen and Byrds","floor":27,"turns":6},{"damage":34,"enemies":"Slavers","floor":28,"turns":5},{"damage":16,"enemies":"Cultist and Chosen","floor":29,"turns":5},{"damage":14,"enemies":"Snake Plant","floor":31,"turns":4},{"damage":29,"enemies":"downfall:FleeingMerchant","floor":32,"turns":4},{"damage":14,"enemies":"Replay:Snechameleon","floor":33,"turns":6},{"damage":0,"enemies":"Snecko","floor":34,"turns":4},{"damage":33,"enemies":"downfall:Defect","floor":35,"turns":5},{"damage":24,"enemies":"3 Shapes","floor":38,"turns":3},{"damage":29,"enemies":"R_Hoarder","floor":46,"turns":4},{"damage":12,"enemies":"3 Darklings","floor":48,"turns":3},{"damage":11,"enemies":"Writhing Mass","floor":49,"turns":3},{"damage":28,"enemies":"Giant Head","floor":50,"turns":4},{"damage":74,"enemies":"Transient","floor":51,"turns":4},{"damage":29,"enemies":"downfall:Silent","floor":52,"turns":2},{"damage":31,"enemies":"downfall:CharBossMerchant","floor":54,"turns":3},{"damage":93,"enemies":"downfall:NeowBoss","floor":57,"turns":12}],"seed_played":"-4802777551324769274","potions_obtained":[{"floor":6,"key":"Elixir"},{"floor":11,"key":"Weak Potion"},{"floor":15,"key":"Dexterity Potion"},{"floor":27,"key":"Death Potion"},{"floor":28,"key":"Death Potion"},{"floor":29,"key":"SpeedPotion"},{"floor":33,"key":"Explosive Potion"},{"floor":34,"key":"Block Potion"},{"floor":38,"key":"SpeedPotion"},{"floor":49,"key":"SkillPotion"},{"floor":51,"key":"ColorlessPotion"}],"is_trial":false,"path_per_floor":["R","M","?","$","?","E","T","E","M","E","M","R","?","M","M","B",null,"R","M","$","PTL","PTL","$","?","?","T","M","E","M","R","M","$","E","M","B",null,"R_BF","M","?","?","NS","R","T","R","$","E","$","M","M","E","M","B",null,"E","$","R","B",null],"character_chosen":"THE_CHAMP","items_purchased":["champ:BerserkersGuideToSlaughter","Anchor","Replay:Bottled Eggs","champ:PerfectedStrike","champ:FaceSlap+1","champ:RecklessLeap","champ:BerserkersShout"],"campfire_rested":2,"item_purchase_floors":[32,32,45,47,55,55,55],"current_hp_per_floor":[90,90,90,90,90,90,90,44,44,36,36,63,63,61,60,45,90,90,78,73,73,73,58,58,58,58,50,26,23,63,62,50,52,52,44,100,100,100,100,100,100,100,100,100,100,100,100,100,100,100,100,98,100,100,100,100,100],"gold":21,"neow_bonus":"THREE_ENEMY_KILL","is_daily":false,"chose_seed":false,"campfire_upgraded":4,"win_rate":0.0,"timestamp":1608694392,"path_taken":["R","M","?","$","?","E","T","E","?","E","M","R","?","M","M","BOSS","R","M","$","PTL","PTL","$","?","?","T","M","E","M","R","M","?","E","M","BOSS","R_BF","M","?","?","NS","R","T","R","?","E","$","M","M","E","M","BOSS","E","$","R","BOSS"],"items_purchased_type":["Relic","Relic","Relic","Card","Card","Card","Card"],"build_version":"2020-12-13","purchased_purges":1,"victory":true,"max_hp_per_floor":[90,90,90,90,90,90,90,90,90,90,90,90,90,90,90,90,90,90,90,90,90,90,90,90,90,90,90,90,90,100,100,100,100,100,100,100,100,100,100,100,100,100,100,100,100,100,100,100,100,100,100,100,100,100,100,100,100],"relic_stats":{"Torii":21,"counters":[30,115],"Mummified Hand":[9],"Whetstone":["champ:Strike","champ:Strike"],"War Paint":["champ:Defend","champ:Defend"],"obtain_stats":[{"downfall:HeartBlessingRed":12,"Torii":28,"champ:ChampionCrown":0,"downfall:HeartsMalice":0,"downfall:HeartBlessingGreen":18,"Blue Doll":43,"Omamori":5,"Whetstone":50,"War Paint":6,"champ:GladiatorsBookOfMartialProwess":8,"Replay:Rubber Ducky":37,"Anchor":32,"downfall:HeartBlessingBlue":30,"Mummified Hand":54,"Honey Jar":17,"Simple Rune":7,"hubris:PeanutButter":46,"hubris:GrandSneckoEye":36,"champ:BerserkersGuideToSlaughter":32,"Replay:Bottled Eggs":45,"hubris:OldNail":10,"champ:SpectersHand":33},{"downfall:HeartBlessingRed":7,"Torii":15,"champ:ChampionCrown":0,"downfall:HeartsMalice":0,"downfall:HeartBlessingGreen":10,"Blue Doll":22,"Omamori":2,"Whetstone":26,"War Paint":3,"champ:GladiatorsBookOfMartialProwess":4,"Replay:Rubber Ducky":21,"Anchor":18,"downfall:HeartBlessingBlue":16,"Mummified Hand":29,"Honey Jar":10,"Simple Rune":3,"hubris:PeanutButter":23,"hubris:GrandSneckoEye":21,"champ:BerserkersGuideToSlaughter":18,"Replay:Bottled Eggs":22,"hubris:OldNail":6,"champ:SpectersHand":19},{"downfall:HeartBlessingRed":13,"Torii":49,"champ:ChampionCrown":0,"downfall:HeartsMalice":0,"downfall:HeartBlessingGreen":25,"Blue Doll":80,"Omamori":0,"Whetstone":94,"War Paint":0,"champ:GladiatorsBookOfMartialProwess":5,"Replay:Rubber Ducky":77,"Anchor":62,"downfall:HeartBlessingBlue":54,"Mummified Hand":103,"Honey Jar":25,"Simple Rune":0,"hubris:PeanutButter":84,"hubris:GrandSneckoEye":77,"champ:BerserkersGuideToSlaughter":62,"Replay:Bottled Eggs":80,"hubris:OldNail":10,"champ:SpectersHand":68}]},"card_choices":[{"not_picked":["champ:BringItOn","champ:FaceSlap"],"picked":"champ:DeathBlow","floor":2},{"not_picked":["champ:Shatter","champ:Circumvent"],"picked":"champ:Haymaker","floor":4},{"not_picked":["champ:DeathBlow","champ:GutPunch"],"picked":"champ:FaceSlap","floor":6},{"not_picked":["champ:CrookedStrike","champ:Circumvent"],"picked":"champ:BringItOn","floor":8},{"not_picked":["champ:SkillfulDodge","champ:BladeFlurry"],"picked":"champ:FlashCut","floor":9},{"not_picked":["champ:SwordThrow","champ:SkillfulDodge"],"picked":"champ:GladiatorsShout","floor":10},{"not_picked":["champ:Haymaker","champ:AdrenalArmor"],"picked":"champ:RisingSlash","floor":11},{"not_picked":["champ:Haymaker","champ:FocusedBerserking"],"picked":"champ:StanceDance","floor":14},{"not_picked":["champ:EndlessRage","champ:Shatter","champ:Backstep"],"picked":"SKIP","floor":15},{"not_picked":["champ:Improvising","champ:CrownThrow"],"picked":"champ:StrikeOfGenius","floor":16},{"not_picked":["champ:BerserkersShout+1","champ:Encircle","champ:BladeFlurry"],"picked":"champ:GladiatorStyle","floor":19},{"not_picked":["champ:SwordThrow","champ:Shatter","champ:Balance"],"picked":"champ:RapidStrikes+1","floor":20},{"not_picked":["champ:GladiatorStyle","champ:BladeFlurry","champ:AdrenalArmor"],"picked":"champ:RageSigil","floor":23},{"not_picked":["champ:PerfectedStrike","champ:TornadoPunch+1","champ:BerserkerStyle+1"],"picked":"champ:ShieldSigil","floor":27},{"not_picked":["champ:SwordSigil","champ:HeartStrike","champ:DefensiveShout"],"picked":"champ:DancingMaster","floor":28},{"not_picked":["champ:FaceSlap","champ:DefensiveStyle","champ:GladiatorStyle"],"picked":"champ:Circumvent+1","floor":29},{"not_picked":["champ:Encircle","champ:IgnorePain","champ:FocusedDefense"],"picked":"champ:BringItOn","floor":31},{"not_picked":["champ:FanOfKnives","champ:EndlessRage+1","champ:EnragedBash"],"picked":"champ:Circumvent+1","floor":32},{"not_picked":["champ:FanOfKnives","champ:GutPunch","champ:BerserkersShout"],"picked":"champ:RisingSlash+1","floor":33},{"not_picked":["champ:DefensiveShout+1","champ:Circumvent","champ:Shatter+1"],"picked":"champ:ShieldWall+1","floor":34},{"not_picked":["champ:EnchantSword","champ:VampiricStrike","champ:CrownThrow"],"picked":"champ:PerfectForm","floor":35},{"not_picked":["champ:FalseCounter","champ:FocusedDefense+1","champ:FocusedBerserking+1"],"picked":"champ:ViciousMockery","floor":38},{"not_picked":["champ:BladeFlurry+1","champ:FlashCut+1","champ:SkillfulDodge"],"picked":"champ:SwordSigil+1","floor":46},{"not_picked":["champ:SkillfulDodge+1","champ:FlashCut+1","champ:StanceDance+1"],"picked":"champ:PerfectedStrike+1","floor":48},{"not_picked":["champ:FlashCut","champ:DefensiveShout","champ:Lariat+1"],"picked":"champ:SwordSigil+1","floor":49},{"not_picked":["champ:SkillfulDodge","champ:DefensiveStyle","champ:BerserkersShout"],"picked":"champ:ViciousMockery+1","floor":50},{"not_picked":["champ:Circumvent","champ:RisingSlash","champ:Riposte"],"picked":"champ:RapidStrikes+1","floor":51},{"not_picked":["champ:StanceDance","champ:Aggression","champ:FalseCounter"],"picked":"champ:StrikeOfGenius","floor":54}],"player_experience":86296,"relics_obtained":[{"floor":5,"key":"Omamori"},{"floor":6,"key":"War Paint"},{"floor":7,"key":"Simple Rune"},{"floor":8,"key":"champ:GladiatorsBookOfMartialProwess"},{"floor":10,"key":"hubris:OldNail"},{"floor":28,"key":"Torii"},{"floor":33,"key":"champ:SpectersHand"},{"floor":37,"key":"Replay:Rubber Ducky"},{"floor":43,"key":"Blue Doll"},{"floor":46,"key":"hubris:PeanutButter"},{"floor":50,"key":"Whetstone"},{"floor":54,"key":"Mummified Hand"}],"event_choices":[{"damage_healed":0,"gold_gain":0,"player_choice":"Relic","damage_taken":0,"max_hp_gain":0,"max_hp_loss":0,"event_name":"Wheel of Change","floor":5,"gold_loss":0},{"damage_healed":0,"gold_gain":0,"player_choice":"Ignored","damage_taken":0,"max_hp_gain":0,"max_hp_loss":0,"event_name":"Ghosts","floor":24,"gold_loss":0},{"damage_healed":0,"gold_gain":0,"player_choice":"Simplicity","damage_taken":0,"max_hp_gain":0,"max_hp_loss":0,"event_name":"Back to Basics","floor":25,"gold_loss":0,"cards_upgraded":["champ:Strike","champ:Strike","champ:Strike","champ:Strike","champ:Defend","champ:Defend","champ:Defend","champ:Defend"]},{"cards_removed":["champ:Taunt"],"damage_healed":0,"gold_gain":0,"player_choice":"Removed Skill","damage_taken":0,"max_hp_gain":0,"max_hp_loss":0,"event_name":"Falling","floor":40,"gold_loss":0}],"is_beta":false,"boss_relics":[{"not_picked":["ReplayTheSpireMod:DimensionalGlitch","SacredBark"],"picked":"Honey Jar"},{"not_picked":["hubris:BlackHole","champ:ChampionCrownUpgraded"],"picked":"hubris:GrandSneckoEye"}],"items_purged_floors":[4],"is_endless":false,"potions_floor_spawned":[6,11,15,27,28,29,33,34,38,49,51],"ascension_level":3}}