{"host":"krw8blyxua7at9ak","time":1608731996,"event":{"mods":["BaseMod","Highlight Path","Minty Spire (QoL Compilation)","ojb\u0027s Info Mod"],"gold_per_floor":[114,114,125,50,64,96,96,106,106,141,141,9,37,50,50,125,125,137,51,51,51,51,82,82,99,99,99,99],"floor_reached":27,"playtime":1182,"items_purged":["Pain"],"score":598,"play_id":"9ee9cb79-17db-404b-8062-01bece063112","local_time":"20201223145956","is_ascension_mode":true,"campfire_choices":[{"data":"Wraith Form v2","floor":7,"key":"SMITH"},{"data":"Deadly Poison","floor":15,"key":"SMITH"},{"floor":24,"key":"REST"}],"circlet_count":0,"master_deck":["AscendersBane","Strike_G","Strike_G","Strike_G","Strike_G","Strike_G","Defend_G","Defend_G","Defend_G","Defend_G","Defend_G","Survivor","Neutralize","Dagger Throw","Blade Dance","Wraith Form v2+1","Deadly Poison+1","Footwork+1","Corpse Explosion","Deflect","Adrenaline","Escape Plan","Footwork+1","Doubt","Well Laid Plans+1","Backstab","Parasite"],"relics":["Ring of the Snake","NeowsBlessing","WarpedTongs","Oddly Smooth Stone","Frozen Egg 2","Boot","Vajra","Cursed Key","Singing Bowl","Girya","Pocketwatch"],"acts_visited":["Exordium","TheCity"],"potions_floor_usage":[16,25,27,27],"damage_taken":[{"damage":0,"enemies":"Jaw Worm","floor":1,"turns":1},{"damage":0,"enemies":"Cultist","floor":3,"turns":1},{"damage":0,"enemies":"2 Louse","floor":5,"turns":1},{"damage":18,"enemies":"3 Sentries","floor":6,"turns":9},{"damage":6,"enemies":"Lots of Slimes","floor":8,"turns":4},{"damage":2,"enemies":"Gremlin Nob","floor":10,"turns":5},{"damage":0,"enemies":"Lagavulin","floor":13,"turns":7},{"damage":0,"enemies":"Blue Slaver","floor":14,"turns":3},{"damage":14,"enemies":"Hexaghost","floor":16,"turns":8},{"damage":1,"enemies":"Shell Parasite","floor":18,"turns":4},{"damage":35,"enemies":"Gremlin Leader","floor":23,"turns":9},{"damage":12,"enemies":"Chosen","floor":25,"turns":5},{"damage":25,"enemies":"Book of Stabbing","floor":27,"turns":4}],"seed_played":"-2176707380127505547","potions_obtained":[{"floor":6,"key":"Fire Potion"},{"floor":8,"key":"SpeedPotion"},{"floor":13,"key":"LiquidBronze"},{"floor":18,"key":"Poison Potion"},{"floor":25,"key":"ColorlessPotion"}],"is_trial":false,"path_per_floor":["M","?","M","$","M","E","R","M","T","E","?","$","E","M","R","B",null,"M","$","?","$","T","E","R","M","T","E"],"character_chosen":"THE_SILENT","items_purchased":["Deadly Poison","Footwork+1","Footwork+1"],"campfire_rested":1,"item_purchase_floors":[12,12,19],"current_hp_per_floor":[59,59,59,59,59,41,41,35,35,33,33,33,33,33,33,19,54,53,53,53,53,53,18,37,25,25,0,0],"gold":99,"neow_bonus":"THREE_ENEMY_KILL","is_daily":false,"chose_seed":false,"campfire_upgraded":2,"win_rate":0.0,"timestamp":1608731996,"path_taken":["M","?","M","?","?","E","R","M","T","E","?","$","E","M","R","BOSS","M","?","?","$","?","E","R","M","T","E"],"items_purchased_type":["Card","Card","Card"],"build_version":"2020-12-22","purchased_purges":1,"victory":false,"max_hp_per_floor":[66,66,66,66,66,66,66,66,66,66,66,66,66,66,66,66,66,66,66,66,66,66,66,66,66,66,66,66],"card_choices":[{"not_picked":["Flying Knee","Backflip"],"picked":"Underhanded Strike","floor":1},{"not_picked":["Bane","Blur"],"picked":"Dagger Throw","floor":3},{"not_picked":["Outmaneuver","Calculated Gamble"],"picked":"Blade Dance","floor":5},{"not_picked":["Crippling Poison","Poisoned Stab"],"picked":"Wraith Form v2","floor":6},{"not_picked":["PiercingWail","Bane","Reflex"],"picked":"SKIP","floor":8},{"not_picked":["Distraction","Cloak And Dagger","Slice"],"picked":"SKIP","floor":10},{"not_picked":["Cloak And Dagger","Crippling Poison"],"picked":"Corpse Explosion","floor":13},{"not_picked":["Calculated Gamble","Reflex"],"picked":"Deflect","floor":14},{"not_picked":["Grand Finale","Corpse Explosion"],"picked":"Adrenaline","floor":16},{"not_picked":["Predator","Deadly Poison+1"],"picked":"Escape Plan","floor":18},{"not_picked":["Setup+1","Endless Agony"],"picked":"Well Laid Plans+1","floor":23},{"not_picked":["PiercingWail","Bane"],"picked":"Backstab","floor":25}],"player_experience":343796,"relics_obtained":[{"floor":6,"key":"Oddly Smooth Stone"},{"floor":10,"key":"Frozen Egg 2"},{"floor":13,"key":"Vajra"},{"floor":22,"key":"Singing Bowl"},{"floor":23,"key":"Girya"},{"floor":26,"key":"Pocketwatch"}],"event_choices":[{"damage_healed":0,"gold_gain":0,"player_choice":"Rummage","damage_taken":0,"relics_obtained":["WarpedTongs"],"max_hp_gain":0,"max_hp_loss":0,"event_name":"Accursed Blacksmith","floor":2,"gold_loss":0,"cards_obtained":["Pain"]},{"cards_removed":["Underhanded Strike"],"damage_healed":0,"gold_gain":0,"player_choice":"Gave Card","damage_taken":0,"relics_obtained":["Boot"],"max_hp_gain":0,"max_hp_loss":0,"event_name":"WeMeetAgain","floor":11,"gold_loss":0},{"damage_healed":0,"gold_gain":0,"player_choice":"Ignored","damage_taken":0,"max_hp_gain":0,"max_hp_loss":0,"event_name":"Vampires","floor":20,"gold_loss":0}],"is_beta":false,"boss_relics":[{"not_picked":["Empty Cage","HoveringKite"],"picked":"Cursed Key"}],"items_purged_floors":[4],"is_endless":false,"potions_floor_spawned":[6,8,13,14,18,25],"killed_by":"Book of Stabbing","ascension_level":20}}