{"host":"agbyy69nq62afhwx","time":1608694395,"event":{"mods":["BaseMod","Colored Map","Highlight Path","Keyboard Shortcuts","Minty Spire (QoL Compilation)","Quick Restart","StSLib","SuperFastMode","everything is the same but u backflip on backflip"],"gold_per_floor":[113,38,38,38,38,38,52,52,76,76,76],"floor_reached":10,"playtime":156,"items_purged":["Strike_B"],"score":68,"play_id":"2edffab5-de3b-4a74-b5b9-60148960c6f5","local_time":"20201223123315","is_ascension_mode":true,"campfire_choices":[{"data":"Dualcast","floor":6,"key":"SMITH"}],"circlet_count":0,"master_deck":["Strike_B","Strike_B","Defend_B","Defend_B","Defend_B","Defend_B","Zap","Dualcast+1","Dark Shackles","Ball Lightning","Gash"],"relics":["Cracked Core","Golden Idol","White Beast Statue","Bag of Preparation"],"acts_visited":["Exordium"],"potions_floor_usage":[10],"damage_taken":[{"damage":1,"enemies":"Small Slimes","floor":1,"turns":4},{"damage":3,"enemies":"2 Louse","floor":7,"turns":2},{"damage":30,"enemies":"3 Sentries","floor":10,"turns":5}],"seed_played":"9007961700919625203","potions_obtained":[{"floor":1,"key":"ColorlessPotion"},{"floor":7,"key":"FearPotion"}],"is_trial":false,"path_per_floor":["M","$","?","?","$","R","M","?","T","E"],"character_chosen":"DEFECT","items_purchased":[],"campfire_rested":0,"item_purchase_floors":[],"current_hp_per_floor":[74,74,56,38,38,38,35,35,35,5,5],"gold":76,"neow_bonus":"RANDOM_COLORLESS","is_daily":false,"chose_seed":false,"campfire_upgraded":1,"win_rate":0.0,"timestamp":1608694395,"path_taken":["M","$","?","?","?","R","M","?","T","E"],"items_purchased_type":[],"build_version":"2020-12-13","purchased_purges":1,"victory":false,"max_hp_per_floor":[75,75,75,75,75,75,75,75,75,75,75],"card_choices":[{"not_picked":["Dramatic Entrance","Mind Blast"],"picked":"Dark Shackles","floor":0},{"not_picked":["Coolheaded","Stack"],"picked":"Ball Lightning","floor":1},{"not_picked":["Fission","Redo"],"picked":"Gash","floor":7}],"player_experience":353085,"relics_obtained":[{"floor":9,"key":"Bag of Preparation"}],"event_choices":[{"damage_healed":0,"gold_gain":0,"player_choice":"Take Damage","damage_taken":18,"relics_obtained":["Golden Idol"],"max_hp_gain":0,"max_hp_loss":0,"event_name":"Golden Idol","floor":3,"gold_loss":0},{"damage_healed":0,"gold_gain":0,"player_choice":"Success","damage_taken":18,"relics_obtained":["White Beast Statue"],"max_hp_gain":0,"max_hp_loss":0,"event_name":"Scrap Ooze","floor":4,"gold_loss":0},{"cards_removed":["Strike_B"],"damage_healed":0,"gold_gain":0,"player_choice":"Forget","damage_taken":0,"max_hp_gain":0,"max_hp_loss":0,"event_name":"Living Wall","floor":8,"gold_loss":0}],"is_beta":false,"boss_relics":[],"items_purged_floors":[2],"is_endless":false,"potions_floor_spawned":[1,7],"killed_by":"3 Sentries","ascension_level":5}}