{"host":"4a6fro0of1ie0h2w","time":1608742730,"event":{"mods":["Aspiration","BaseMod","CCEM","Colored Map","Conspire","Downfall","GifTheSpireLib","Halation","Highlight Path","Hubris","Infinite Spire","Marisa????????","Minty Spire (QoL Compilation)","Permanent Neow","Replay The Spire","StSLib","Stuff the Spire","The Servant 0.9.4"],"gold_per_floor":[99,117,137,87,20,20,20,20,20,5,455,54,73,105,120,120,120,120],"floor_reached":16,"playtime":631,"items_purged":["champ:Strike","Slimebound:Icky"],"score":103,"play_id":"7194449e-b619-45c0-ba99-6dce9675d05d","local_time":"20201223185850","is_ascension_mode":true,"campfire_choices":[{"data":"champ:EnchantShield","floor":1,"key":"SMITH"},{"data":"champ:Aggression","floor":8,"key":"SMITH"}],"circlet_count":0,"master_deck":["champ:Strike","champ:Strike","champ:Strike","champ:Defend","champ:Defend","champ:Defend","champ:Defend","champ:Execute","champ:Taunt","champ:EnchantShield+1","champ:Aggression+1","conspire:SpireCoStock","champ:Encircle","champ:CrookedStrike","Slimebound:Icky","Slimebound:Icky","champ:EnchantSword","champ:AdrenalArmor","champ:EnragedBash","champ:AdrenalArmor","champ:ViciousMockery","champ:StanceDance","champ:CalledShot","champ:BerserkersShout"],"relics":["champ:ChampionCrown","downfall:ShatteredFragment","StuffTheSpire:Mouthbags","Replay:WaspNest"],"acts_visited":["Exordium"],"potions_floor_usage":[16],"damage_taken":[{"damage":16,"enemies":"Jaw Worm","floor":2,"turns":5},{"damage":5,"enemies":"Small Slimes","floor":3,"turns":3},{"damage":13,"enemies":"downfall:FleeingMerchant","floor":5,"turns":4},{"damage":11,"enemies":"downfall:FleeingMerchant","floor":10,"turns":4},{"damage":24,"enemies":"downfall:FleeingMerchant","floor":12,"turns":4},{"damage":0,"enemies":"2 Louse","floor":13,"turns":2},{"damage":23,"enemies":"3 Sentries","floor":14,"turns":4},{"damage":2,"enemies":"3 Louse","floor":15,"turns":3},{"damage":59,"enemies":"downfall:Silent","floor":16,"turns":4}],"seed_played":"389382443807398403","potions_obtained":[{"floor":3,"key":"BlessingOfTheForge"},{"floor":13,"key":"SpeedPotion"},{"floor":15,"key":"Milkshake"}],"is_trial":false,"path_per_floor":["R","M","M","?","$","?","T","R","?","$","?","$","M","E","M","B"],"character_chosen":"THE_CHAMP","items_purchased":["champ:AdrenalArmor","champ:EnragedBash","StuffTheSpire:Mouthbags","champ:ViciousMockery"],"campfire_rested":0,"item_purchase_floors":[12,12,12,12],"current_hp_per_floor":[90,84,84,84,84,57,57,57,66,61,61,51,51,47,47,0,0,0],"gold":120,"neow_bonus":"ONE_RANDOM_RARE_CARD","is_daily":false,"chose_seed":false,"campfire_upgraded":2,"win_rate":0.0,"timestamp":1608742730,"path_taken":["R","M","M","?","$","?","T","R","?","$","?","?","?","E","M","BOSS"],"items_purchased_type":["Card","Card","Relic","Card"],"build_version":"2020-12-22","purchased_purges":2,"victory":false,"max_hp_per_floor":[90,90,90,90,90,90,90,90,90,90,90,90,90,90,90,90,90,90],"card_choices":[{"not_picked":["champ:RageSigil","champ:FlashCut"],"picked":"champ:Aggression","floor":2},{"not_picked":["champ:BerserkersShout","champ:FocusedDefense"],"picked":"champ:AdrenalArmor","floor":3},{"not_picked":["champ:StanceDance","champ:BerserkersShout"],"picked":"champ:Encircle","floor":5},{"not_picked":["champ:StanceDance","champ:BringItOn"],"picked":"champ:CrookedStrike","floor":10},{"not_picked":["champ:ShieldWall","champ:Control"],"picked":"champ:EnchantSword","floor":12},{"not_picked":["champ:DefensiveShout","champ:Circumvent"],"picked":"champ:StanceDance","floor":13},{"not_picked":["champ:HoldFirm","champ:CrookedStrike"],"picked":"champ:CalledShot","floor":14},{"not_picked":["champ:StanceDance","champ:Control"],"picked":"champ:BerserkersShout","floor":15}],"player_experience":211903,"relics_obtained":[{"floor":14,"key":"Replay:WaspNest"}],"event_choices":[{"damage_healed":0,"gold_gain":0,"player_choice":"Invest 1","damage_taken":0,"max_hp_gain":0,"max_hp_loss":0,"event_name":"conspire:Investor","floor":4,"gold_loss":0}],"is_beta":false,"boss_relics":[],"items_purged_floors":[5,12],"is_endless":false,"potions_floor_spawned":[3,13,15],"killed_by":"downfall:Silent","ascension_level":1}}