{"host":"fm9e0lfunjlbhzxv","time":1608701167,"event":{"mods":["2.2 Compatiblity","Astrologer","BaseMod","Colored Map","Colored Powertips","Downfall","Energized Spire","Gremlin Mod","Key Reminder","Minty Spire (QoL Compilation)","Permanent Neow","Rare Cards Sparkle","Relic Stats","StSLib","The Administrix","The Bug Knight","The Disciple","The Mystic","The Vixen","slay the spire mod where everything is the same but ironclad has a cowboy hat"],"gold_per_floor":[114,126,126,144,159,191,191,191,191,191,232,2,2,40,40,161,161,182,195,195,214,234,268,80,100,100,100,123,136,61,0,0,120,120,141,166,229,229,244,288,288,329,329,329,329],"floor_reached":44,"playtime":4361,"items_purged":["Injury","HollowMod:QuickDashStart"],"score":533,"play_id":"58dac2be-f3d4-4133-ae00-38fabdde74fd","local_time":"20201222212607","is_ascension_mode":false,"campfire_choices":[{"data":"HollowMod:RecoilStrike","floor":7,"key":"SMITH"},{"data":"HollowMod:DashSlash","floor":13,"key":"SMITH"},{"data":"HollowMod:SoulSplash","floor":15,"key":"SMITH"},{"floor":27,"key":"REST"},{"data":"HollowMod:MantisMark","floor":32,"key":"SMITH"},{"floor":41,"key":"REST"}],"circlet_count":0,"master_deck":["HollowMod:NailStrikeStart+1","HollowMod:NailStrikeStart","HollowMod:NailStrikeStart+1","HollowMod:QuickDashStart","HollowMod:QuickDashStart","HollowMod:QuickDashStart+1","HollowMod:FocusHealStart","HollowMod:PogoStrike","HollowMod:RecoilStrike+1","HollowMod:ShapeofUnn","HollowMod:SoulStrike","HollowMod:DashSlash+1","HollowMod:SoulVessel","HollowMod:SoulSplash+1","HollowMod:Hiveblood","HollowMod:CrystalDash","HollowMod:PureVessel","HollowMod:SoulSplash","HollowMod:MantisMark+1","Dark Shackles","HollowMod:DreamGate+1","HollowMod:GoodIntentions","Flash of Steel","HollowMod:LifebloodCocoon+1","HollowMod:CornifersMapStart","HollowMod:AwokenDreamNail","HollowMod:PureNailStrike+1","HollowMod:SoulStrike+1","HollowMod:CycloneSlash+1","HollowMod:HowlingWraiths","HollowMod:LifebloodCocoon+1"],"relics":["HollowMod:VesselMask","PreservedInsect","Letter Opener","HollowMod:MantisClawRelic","Shuriken","Golden Idol","MealTicket","keyreminder:keyreminder","HollowMod:PaleOreRelic","Philosopher\u0027s Stone","War Paint","Dead Branch","SlaversCollar","Turnip","Whetstone","HollowMod:LifeEnderRelic"],"acts_visited":["Exordium","TheCity","TheBeyond"],"potions_floor_usage":[14,22,23,33,37,40,40],"damage_taken":[{"damage":7,"enemies":"Small Slimes","floor":1,"turns":3},{"damage":1,"enemies":"Cultist","floor":2,"turns":4},{"damage":3,"enemies":"2 Louse","floor":4,"turns":3},{"damage":26,"enemies":"Gremlin Gang","floor":5,"turns":8},{"damage":23,"enemies":"Lagavulin","floor":6,"turns":7},{"damage":26,"enemies":"Gremlin Nob","floor":11,"turns":4},{"damage":10,"enemies":"HollowMod:MossKnight","floor":14,"turns":8},{"damage":47,"enemies":"Slime Boss","floor":16,"turns":9},{"damage":24,"enemies":"Chosen","floor":18,"turns":5},{"damage":24,"enemies":"Spheric Guardian","floor":19,"turns":5},{"damage":26,"enemies":"Shelled Parasite and Fungi","floor":21,"turns":5},{"damage":24,"enemies":"Snake Plant","floor":22,"turns":5},{"damage":22,"enemies":"Slavers","floor":23,"turns":5},{"damage":12,"enemies":"Sentry and Sphere","floor":25,"turns":5},{"damage":10,"enemies":"Centurion and Healer","floor":28,"turns":4},{"damage":6,"enemies":"3 Cultists","floor":29,"turns":4},{"damage":38,"enemies":"HollowMod:NKGrimm","floor":33,"turns":11},{"damage":18,"enemies":"3 Shapes","floor":35,"turns":2},{"damage":10,"enemies":"Orb Walker","floor":36,"turns":4},{"damage":40,"enemies":"Mind Bloom Boss Battle","floor":37,"turns":9},{"damage":34,"enemies":"HollowMod:SlobberingHusk","floor":39,"turns":7},{"damage":48,"enemies":"Reptomancer","floor":40,"turns":7},{"damage":19,"enemies":"Nemesis","floor":42,"turns":9},{"damage":43,"enemies":"Spire Growth","floor":44,"turns":2}],"seed_played":"-1895436613342974916","potions_obtained":[{"floor":1,"key":"LiquidMemories"},{"floor":2,"key":"Regen Potion"},{"floor":5,"key":"PowerPotion"},{"floor":11,"key":"Slimebound:ThreeZeroPotion"},{"floor":19,"key":"Strength Potion"},{"floor":22,"key":"BlessingOfTheForge"},{"floor":28,"key":"Slimebound:ThreeZeroPotion"},{"floor":33,"key":"LiquidMemories"},{"floor":37,"key":"GamblersBrew"}],"is_trial":false,"path_per_floor":["M","M","?","M","M","E","R","?","T","?","E","$","R","E","R","B",null,"M","M","?","M","M","E","$","M","T","R","M","M","?","?","R","B",null,"M","M","?","?","M","E","R","E","T","M"],"character_chosen":"THE_BUGKNIGHT","items_purchased":["HollowMod:Hiveblood","HollowMod:CrystalDash","Flash of Steel"],"campfire_rested":2,"item_purchase_floors":[12,12,24],"current_hp_per_floor":[73,75,75,75,61,44,44,37,37,37,17,32,32,75,75,53,75,63,57,57,49,25,3,18,16,16,38,39,33,33,33,33,16,75,57,47,62,62,43,5,27,18,18,0,0],"gold":329,"neow_bonus":"RANDOM_COMMON_RELIC","is_daily":false,"chose_seed":false,"campfire_upgraded":4,"win_rate":0.0,"timestamp":1608701167,"path_taken":["M","M","?","?","M","E","R","?","T","?","E","$","R","E","R","BOSS","M","M","?","M","M","E","$","?","T","R","M","M","?","?","R","BOSS","M","M","?","?","?","E","R","E","T","M"],"items_purchased_type":["Card","Card","Card"],"build_version":"2020-12-13","purchased_purges":2,"victory":false,"max_hp_per_floor":[75,75,75,75,75,75,75,75,75,75,75,75,75,75,75,75,75,75,75,75,75,75,75,75,75,75,75,75,75,75,75,75,75,75,75,75,75,75,75,75,75,75,75,75,75],"relic_stats":{"counters":[24,135],"Shuriken":[50],"Golden Idol":140,"Dead Branch":[51],"MealTicket":30,"PreservedInsect":216,"Turnip":[2],"Letter Opener":[235],"Whetstone":["HollowMod:NailStrikeStart","HollowMod:NailStrikeStart"],"War Paint":["HollowMod:QuickDashStart","HollowMod:DreamGate"],"obtain_stats":[{"HollowMod:LifeEnderRelic":42,"Golden Idol":10,"Dead Branch":26,"HollowMod:VesselMask":0,"PreservedInsect":0,"Letter Opener":6,"Whetstone":40,"War Paint":23,"keyreminder:keyreminder":11,"SlaversCollar":34,"Shuriken":9,"MealTicket":11,"Philosopher\u0027s Stone":17,"Turnip":37,"HollowMod:PaleOreRelic":14,"HollowMod:MantisClawRelic":8},{"HollowMod:LifeEnderRelic":23,"Golden Idol":5,"Dead Branch":14,"HollowMod:VesselMask":0,"PreservedInsect":0,"Letter Opener":5,"Whetstone":22,"War Paint":13,"keyreminder:keyreminder":6,"SlaversCollar":17,"Shuriken":5,"MealTicket":6,"Philosopher\u0027s Stone":8,"Turnip":20,"HollowMod:PaleOreRelic":7,"HollowMod:MantisClawRelic":5},{"HollowMod:LifeEnderRelic":133,"Golden Idol":25,"Dead Branch":76,"HollowMod:VesselMask":0,"PreservedInsect":0,"Letter Opener":25,"Whetstone":124,"War Paint":71,"keyreminder:keyreminder":29,"SlaversCollar":95,"Shuriken":25,"MealTicket":29,"Philosopher\u0027s Stone":46,"Turnip":110,"HollowMod:PaleOreRelic":37,"HollowMod:MantisClawRelic":25}]},"card_choices":[{"not_picked":["HollowMod:PureNailStrike","HollowMod:WraithStrike"],"picked":"HollowMod:RecoilStrike","floor":1},{"not_picked":["HollowMod:NewJinnsSoul","HollowMod:SoulSplash"],"picked":"HollowMod:SharpenedNail","floor":2},{"not_picked":["HollowMod:InfectedAttack","HollowMod:GrimmsGift"],"picked":"HollowMod:SoulStrike","floor":4},{"not_picked":["HollowMod:DoubleDash","HollowMod:HowlingWraiths"],"picked":"HollowMod:DashSlash","floor":5},{"not_picked":["HollowMod:theNailsmith","HollowMod:LordofShades"],"picked":"HollowMod:SoulVessel","floor":6},{"not_picked":["HollowMod:CycloneSlash","HollowMod:HeavyBlow"],"picked":"HollowMod:SoulSplash","floor":11},{"not_picked":["HollowMod:VengefulVoid","HollowMod:TaintedHusks","HollowMod:NewGlowingWomb"],"picked":"SKIP","floor":14},{"not_picked":["HollowMod:VengefulVoid","HollowMod:TaintedHusks","HollowMod:NewGlowingWomb"],"picked":"SKIP","floor":14},{"not_picked":["HollowMod:LordofShades","HollowMod:RadiancesLament"],"picked":"HollowMod:PureVessel","floor":16},{"not_picked":["HollowMod:DoubleDash","HollowMod:CrystalDash"],"picked":"HollowMod:SoulSplash","floor":18},{"not_picked":["HollowMod:ShadowDash","HollowMod:FastStrike+1"],"picked":"HollowMod:MantisMark","floor":19},{"not_picked":["HollowMod:SharpenedNail","HollowMod:ChannelNail","HollowMod:SoulSplash"],"picked":"SKIP","floor":21},{"not_picked":["HollowMod:SharpenedNail","HollowMod:ChannelNail"],"picked":"HollowMod:DreamGate","floor":22},{"not_picked":["HollowMod:CornifersMapStart","HollowMod:ShadowDash"],"picked":"HollowMod:GoodIntentions","floor":23},{"not_picked":["HollowMod:NewJinnsSoul","HollowMod:SlysStrikes"],"picked":"HollowMod:LifebloodCocoon+1","floor":25},{"not_picked":["HollowMod:DescendingDark+1","HollowMod:InfectionAssault+1","HollowMod:InfectedCysts"],"picked":"SKIP","floor":28},{"not_picked":["HollowMod:LuriensSpire","HollowMod:BrokenVessel+1"],"picked":"HollowMod:CornifersMapStart","floor":29},{"not_picked":["HollowMod:PaleKingsBlessing","HollowMod:NewInfectedGuardian"],"picked":"HollowMod:AwokenDreamNail","floor":33},{"not_picked":["HollowMod:SiblingsSouls","HollowMod:SiblingsShadow+1"],"picked":"HollowMod:PureNailStrike+1","floor":35},{"not_picked":["HollowMod:MonarchWings","HollowMod:PerfectDash+1"],"picked":"HollowMod:SoulStrike+1","floor":36},{"not_picked":["HollowMod:PureNailStrike+1","HollowMod:NewJinnsSoul"],"picked":"HollowMod:CycloneSlash+1","floor":37},{"not_picked":["HollowMod:HeavyBlow","HollowMod:SharpenedNail"],"picked":"HollowMod:HowlingWraiths","floor":39},{"not_picked":["HollowMod:CycloneSlash","HollowMod:SiblingsSouls"],"picked":"HollowMod:LifebloodCocoon+1","floor":40},{"not_picked":["HollowMod:DoubleDash","HollowMod:SoulSplash+1","HollowMod:ShapeofUnn"],"picked":"SKIP","floor":42}],"player_experience":634417,"relics_obtained":[{"floor":6,"key":"Letter Opener"},{"floor":9,"key":"Shuriken"},{"floor":11,"key":"MealTicket"},{"floor":14,"key":"HollowMod:PaleOreRelic"},{"floor":23,"key":"War Paint"},{"floor":26,"key":"Dead Branch"},{"floor":37,"key":"Turnip"},{"floor":40,"key":"Whetstone"},{"floor":42,"key":"HollowMod:LifeEnderRelic"}],"event_choices":[{"damage_healed":0,"gold_gain":0,"cards_transformed":["HollowMod:NailStrikeStart"],"player_choice":"Transformed","damage_taken":0,"max_hp_gain":0,"max_hp_loss":0,"event_name":"Transmorgrifier","floor":3,"gold_loss":0,"cards_obtained":["HollowMod:ShapeofUnn"]},{"damage_healed":0,"gold_gain":0,"player_choice":"Success","damage_taken":7,"relics_obtained":["HollowMod:MantisClawRelic"],"max_hp_gain":0,"max_hp_loss":0,"event_name":"Scrap Ooze","floor":8,"gold_loss":0},{"damage_healed":0,"gold_gain":0,"player_choice":"Take Wound","damage_taken":0,"relics_obtained":["Golden Idol"],"max_hp_gain":0,"max_hp_loss":0,"event_name":"Golden Idol","floor":10,"gold_loss":0,"cards_obtained":["Injury"]},{"damage_healed":0,"gold_gain":0,"player_choice":"1 cards matched","damage_taken":0,"max_hp_gain":0,"max_hp_loss":0,"event_name":"Match and Keep!","floor":20,"gold_loss":0,"cards_obtained":["Dark Shackles"]},{"cards_removed":["HollowMod:SharpenedNail"],"damage_healed":0,"gold_gain":0,"player_choice":"Gave Gold","damage_taken":0,"max_hp_gain":0,"max_hp_loss":0,"event_name":"Beggar","floor":30,"gold_loss":75},{"damage_healed":0,"gold_gain":0,"player_choice":"Paid Fearfully","damage_taken":0,"max_hp_gain":0,"max_hp_loss":0,"event_name":"Masked Bandits","floor":31,"gold_loss":61},{"damage_healed":0,"gold_gain":0,"player_choice":"Fight","damage_taken":0,"max_hp_gain":0,"max_hp_loss":0,"event_name":"MindBloom","floor":37,"gold_loss":0},{"damage_healed":0,"gold_gain":0,"player_choice":"Ignored","damage_taken":0,"max_hp_gain":0,"max_hp_loss":0,"event_name":"SecretPortal","floor":38,"gold_loss":0}],"is_beta":false,"boss_relics":[{"not_picked":["Velvet Choker","Snecko Eye"],"picked":"Philosopher\u0027s Stone"},{"not_picked":["energizedSpire:OgreHead","energizedSpire:StickyHand"],"picked":"SlaversCollar"}],"items_purged_floors":[12,24],"is_endless":false,"potions_floor_spawned":[1,2,5,11,19,22,28,33,35,36,37],"killed_by":"Spire Growth","ascension_level":0}}