{"host":"bq4pt811tk9yrmjl","time":1608736429,"event":{"mods":["AchievementEnabler","BaseMod","Colored Map","Colored Powertips","Defuse TimeMaze Blight","Minty Spire (QoL Compilation)","StSLib","SuperFastMode","UnlockEverythingMod"],"gold_per_floor":[113,113,188,188,37,37,37,71,71,71,92,17,35,60,60,185,185,203,217,132,132,151,151,151,166,166,166,166],"floor_reached":27,"playtime":349,"items_purged":[],"score":248,"play_id":"672b20bd-dab0-4c87-87a3-567d088ba019","local_time":"20201223131349","is_ascension_mode":true,"campfire_choices":[{"data":"Ball Lightning","floor":6,"key":"SMITH"},{"floor":15,"key":"REST"},{"floor":23,"key":"REST"}],"circlet_count":0,"master_deck":["Strike_B","Strike_B","Strike_B","Strike_B","Defend_B","Defend_B","Defend_B","Defend_B","Zap+1","Dualcast","Ball Lightning+1","Barrage","Go for the Eyes","FTL","Thunder Strike","Leap+1","Conserve Battery","Lockon"],"relics":["Cracked Core","NeowsBlessing","Golden Idol","ClockworkSouvenir","Mercury Hourglass","Art of War","Nuclear Battery","Gambling Chip","Torii"],"acts_visited":["Exordium","TheCity"],"potions_floor_usage":[14,14],"damage_taken":[{"damage":0,"enemies":"Jaw Worm","floor":1,"turns":1},{"damage":0,"enemies":"Lagavulin","floor":8,"turns":1},{"damage":0,"enemies":"2 Louse","floor":11,"turns":1},{"damage":0,"enemies":"Small Slimes","floor":13,"turns":2},{"damage":16,"enemies":"Exordium Wildlife","floor":14,"turns":2},{"damage":43,"enemies":"Hexaghost","floor":16,"turns":8},{"damage":25,"enemies":"2 Thieves","floor":18,"turns":4},{"damage":8,"enemies":"Spheric Guardian","floor":19,"turns":4},{"damage":9,"enemies":"Centurion and Healer","floor":22,"turns":7},{"damage":31,"enemies":"Snake Plant","floor":25,"turns":5},{"damage":1,"enemies":"Snecko","floor":27,"turns":3}],"seed_played":"-8757188558962466262","potions_obtained":[{"floor":8,"key":"PowerPotion"},{"floor":13,"key":"FearPotion"}],"is_trial":false,"path_per_floor":["M","?","?","?","$","R","?","E","T","T","M","$","M","M","R","B",null,"M","M","?","?","M","R","?","M","T","M"],"character_chosen":"DEFECT","items_purchased":["ClockworkSouvenir","Regen Potion"],"campfire_rested":2,"item_purchase_floors":[5,12],"current_hp_per_floor":[75,69,58,58,58,58,58,58,58,58,58,58,58,47,67,24,69,44,36,36,36,27,47,41,10,10,9,9],"gold":166,"neow_bonus":"THREE_ENEMY_KILL","is_daily":false,"chose_seed":false,"campfire_upgraded":1,"win_rate":0.0,"timestamp":1608736429,"path_taken":["M","?","?","?","$","R","?","E","T","?","M","$","M","M","R","BOSS","M","M","?","?","M","R","?","M","T","M"],"items_purchased_type":["Relic","Potion"],"build_version":"2020-12-22","purchased_purges":0,"victory":false,"max_hp_per_floor":[75,69,69,69,69,69,69,69,69,69,69,69,69,69,69,69,69,69,69,69,69,69,69,69,69,69,69,69],"card_choices":[{"not_picked":["Hologram","Storm"],"picked":"Ball Lightning","floor":1},{"not_picked":["Multi-Cast","Sweeping Beam"],"picked":"Barrage","floor":8},{"not_picked":["Beam Cell","Rebound","Stack"],"picked":"SKIP","floor":11},{"not_picked":["Ball Lightning","Conserve Battery"],"picked":"Go for the Eyes","floor":13},{"not_picked":["Ball Lightning","Redo"],"picked":"FTL","floor":14},{"not_picked":["Fission","Creative AI"],"picked":"Thunder Strike","floor":16},{"not_picked":["Rebound","Undo"],"picked":"Leap+1","floor":18},{"not_picked":["Stack+1","Hello World"],"picked":"Conserve Battery","floor":19},{"not_picked":["Genetic Algorithm","Ball Lightning"],"picked":"Lockon","floor":22},{"not_picked":["Storm","Rip and Tear","Ball Lightning"],"picked":"SKIP","floor":25}],"player_experience":106250,"relics_obtained":[{"floor":8,"key":"Mercury Hourglass"},{"floor":10,"key":"Art of War"},{"floor":26,"key":"Torii"}],"event_choices":[{"damage_healed":0,"gold_gain":0,"player_choice":"Lose Max HP","damage_taken":0,"relics_obtained":["Golden Idol"],"max_hp_gain":0,"max_hp_loss":6,"event_name":"Golden Idol","floor":2,"gold_loss":0},{"damage_healed":0,"gold_gain":75,"player_choice":"Gather Gold","damage_taken":11,"max_hp_gain":0,"max_hp_loss":0,"event_name":"World of Goop","floor":3,"gold_loss":0},{"damage_healed":0,"gold_gain":0,"player_choice":"Grow","damage_taken":0,"max_hp_gain":0,"max_hp_loss":0,"event_name":"Living Wall","floor":4,"gold_loss":0,"cards_upgraded":["Zap"]},{"damage_healed":0,"gold_gain":0,"player_choice":"Ignored","damage_taken":0,"max_hp_gain":0,"max_hp_loss":0,"event_name":"Liars Game","floor":7,"gold_loss":0},{"damage_healed":0,"gold_gain":0,"player_choice":"Obtained Relic","damage_taken":0,"relics_obtained":["Gambling Chip"],"max_hp_gain":0,"max_hp_loss":0,"event_name":"Addict","floor":20,"gold_loss":85},{"damage_healed":0,"gold_gain":0,"player_choice":"Ignored","damage_taken":0,"max_hp_gain":0,"max_hp_loss":0,"event_name":"Vampires","floor":21,"gold_loss":0},{"damage_healed":0,"gold_gain":0,"player_choice":"","damage_taken":6,"max_hp_gain":0,"max_hp_loss":0,"event_name":"Knowing Skull","floor":24,"potions_obtained":[],"gold_loss":0,"cards_obtained":[]}],"is_beta":false,"boss_relics":[{"not_picked":["SacredBark","Pandora\u0027s Box"],"picked":"Nuclear Battery"}],"items_purged_floors":[],"is_endless":false,"potions_floor_spawned":[8,13],"killed_by":"Snecko","ascension_level":1}}