{"host":"i0avyit1s6jb1siw","time":1608726433,"event":{"mods":["BaseMod","DeckTracker","Dota2Spire","Highlight Path","Minty Spire (QoL Compilation)","Quick Restart","Replay The Spire","StSLib","SuperFastMode"],"gold_per_floor":[114,133,58,58,74,74,86,86,163,182,196,196,230,244,244,318,318,318,318,318,243,243,243,243,243,243,243,243,243,243,243,243,243,243,243,79,79,79,79,79,79,79,79,79,79,79,79,79,79,79,79],"floor_reached":50,"playtime":1525,"items_purged":["Strike_G"],"score":1116,"play_id":"db602767-88c6-4782-9aa1-325038145189","local_time":"20201223132713","is_ascension_mode":true,"campfire_choices":[{"data":"Apotheosis","floor":6,"key":"SMITH"},{"floor":8,"key":"REST"},{"floor":15,"key":"REST"},{"floor":23,"key":"REST"},{"floor":28,"key":"REST"},{"floor":32,"key":"REST"},{"floor":42,"key":"REST"},{"floor":49,"key":"RECALL"}],"circlet_count":0,"master_deck":["AscendersBane","Strike_G+1","Defend_G+1","Defend_G+1","Defend_G+1","Defend_G+1","Defend_G+1","Survivor","Neutralize+1","Apotheosis+1","Well Laid Plans+1","Dagger Throw","PiercingWail","Quick Slash","Dagger Spray","Blade Dance","Flechettes","A Thousand Cuts","Sneak Up+1","PiercingWail+1","Cloak And Dagger","Escape Plan","Backflip+1","Calculated Gamble","Eviscerate","Tactician+1","Phantasmal Killer+1","Trip","Panacea","Wraith Form v2"],"relics":["Ring of the Snake","Lantern","Ectoplasm","Bag of Preparation","Garlic","Empty Cage","PreservedInsect","Du-Vu Doll","InkBottle","Torii","Quantum Egg"],"acts_visited":["Exordium","TheCity","TheBeyond"],"potions_floor_usage":[13,16,18,25,33,45],"damage_taken":[{"damage":0,"enemies":"Jaw Worm","floor":1,"turns":5},{"damage":0,"enemies":"2 Louse","floor":2,"turns":4},{"damage":0,"enemies":"Cultist","floor":5,"turns":3},{"damage":0,"enemies":"2 Fungi Beasts","floor":7,"turns":4},{"damage":0,"enemies":"Blue Slaver","floor":10,"turns":4},{"damage":7,"enemies":"Large Slime","floor":11,"turns":7},{"damage":4,"enemies":"Replay:BlueRogue","floor":13,"turns":7},{"damage":0,"enemies":"2 Fungi Beasts","floor":14,"turns":2},{"damage":7,"enemies":"Slime Boss","floor":16,"turns":8},{"damage":11,"enemies":"3 Byrds","floor":18,"turns":4},{"damage":5,"enemies":"Chosen","floor":19,"turns":4},{"damage":0,"enemies":"Centurion and Healer","floor":20,"turns":6},{"damage":29,"enemies":"Chosen and Byrds","floor":22,"turns":6},{"damage":19,"enemies":"Replay:Snechameleon","floor":24,"turns":8},{"damage":0,"enemies":"Cultist and Chosen","floor":25,"turns":4},{"damage":3,"enemies":"3 Cultists","floor":27,"turns":5},{"damage":5,"enemies":"Snake Plant","floor":29,"turns":5},{"damage":8,"enemies":"Cultist and Chosen","floor":30,"turns":7},{"damage":21,"enemies":"Automaton","floor":33,"turns":10},{"damage":0,"enemies":"Orb Walker","floor":35,"turns":3},{"damage":0,"enemies":"3 Darklings","floor":37,"turns":5},{"damage":2,"enemies":"4 Shapes","floor":38,"turns":3},{"damage":18,"enemies":"Nemesis","floor":40,"turns":5},{"damage":18,"enemies":"Giant Head","floor":45,"turns":6},{"damage":2,"enemies":"Writhing Mass","floor":47,"turns":8},{"damage":9,"enemies":"Nemesis","floor":48,"turns":7},{"damage":37,"enemies":"Time Eater","floor":50,"turns":3}],"seed_played":"-7378631437263917158","potions_obtained":[{"floor":5,"key":"LiquidMemories"},{"floor":7,"key":"PowerPotion"},{"floor":16,"key":"LifebloodPotion"},{"floor":20,"key":"Elixir"},{"floor":22,"key":"Death Potion"},{"floor":24,"key":"BlessingOfTheForge"},{"floor":27,"key":"DistilledChaos"},{"floor":38,"key":"Energy Potion"},{"floor":45,"key":"Elixir"},{"floor":47,"key":"CunningPotion"}],"is_trial":false,"path_per_floor":["M","M","?","?","M","R","M","R","T","M","M","?","E","M","R","B",null,"M","M","M","$","M","R","E","M","T","M","R","M","M","?","R","B",null,"M","$","M","M","$","E","?","R","T","?","E","?","M","E","R","B"],"character_chosen":"THE_SILENT","items_purchased":["PreservedInsect"],"campfire_rested":6,"item_purchase_floors":[36],"current_hp_per_floor":[44,44,44,24,24,24,24,43,43,43,36,36,32,32,51,44,61,50,45,45,45,16,35,16,16,16,13,32,27,19,19,38,17,54,54,54,54,52,52,34,24,43,43,43,25,25,23,14,14,0,0],"gold":79,"neow_bonus":"RANDOM_COLORLESS_2","is_daily":false,"chose_seed":false,"campfire_upgraded":1,"win_rate":0.0,"timestamp":1608726433,"path_taken":["M","M","?","?","M","R","M","R","T","M","M","?","E","M","R","BOSS","M","M","M","$","M","R","E","M","T","M","R","M","?","?","R","BOSS","M","$","M","M","$","E","?","R","T","?","E","?","?","E","R","BOSS"],"items_purchased_type":["Relic"],"build_version":"2020-12-22","purchased_purges":1,"victory":false,"max_hp_per_floor":[66,66,66,66,66,66,66,66,66,66,66,66,66,66,66,66,66,66,66,66,66,66,66,66,66,66,66,66,66,66,66,66,66,66,66,66,66,66,66,66,66,66,66,66,66,66,66,66,66,66,66],"card_choices":[{"not_picked":["Magnetism","Sadistic Nature"],"picked":"Apotheosis","floor":0},{"not_picked":["Flying Knee","Poisoned Stab"],"picked":"Well Laid Plans","floor":1},{"not_picked":["Underhanded Strike","Deflect"],"picked":"Dagger Throw","floor":2},{"not_picked":["Toxin Wave","Dagger Throw"],"picked":"PiercingWail","floor":5},{"not_picked":["ReplayTheSpireMod:Speed Training","PiercingWail"],"picked":"Quick Slash","floor":7},{"not_picked":["Hidden Blade","Backflip"],"picked":"Dagger Spray","floor":10},{"not_picked":["Sucker Punch","Draining Mist"],"picked":"Blade Dance","floor":11},{"not_picked":["Eviscerate","Backstab"],"picked":"Flechettes","floor":13},{"not_picked":["Slice","Expertise","Dodge and Roll"],"picked":"SKIP","floor":14},{"not_picked":["Poison Darts","Replay:Bag of Tricks"],"picked":"A Thousand Cuts","floor":16},{"not_picked":["ReplayTheSpireMod:Exploit Weakness","Backflip"],"picked":"Sneak Up+1","floor":18},{"not_picked":["Acrobatics","Sucker Punch"],"picked":"PiercingWail+1","floor":19},{"not_picked":["Slice","Dagger Throw+1"],"picked":"Cloak And Dagger","floor":20},{"not_picked":["ReplayTheSpireMod:Tripwire","Riddle With Holes","ReplayTheSpireMod:Shiv Toss"],"picked":"SKIP","floor":22},{"not_picked":["Dodge and Roll","Concentrate"],"picked":"Escape Plan","floor":24},{"not_picked":["Distraction","Unload"],"picked":"Backflip+1","floor":25},{"not_picked":["ReplayTheSpireMod:Speed Training","Eviscerate"],"picked":"Calculated Gamble","floor":27},{"not_picked":["Blade Dance","ReplayTheSpireMod:Tripwire"],"picked":"Eviscerate","floor":29},{"not_picked":["Toxin Wave","Hidden Blade+1"],"picked":"Tactician+1","floor":30},{"not_picked":["Night Terror","Grand Finale"],"picked":"Phantasmal Killer","floor":33},{"not_picked":["Skewer","Deadly Poison","Fluid Movement"],"picked":"SKIP","floor":35},{"not_picked":["Blade Dance","Outmaneuver","ReplayTheSpireMod:Exploit Weakness"],"picked":"SKIP","floor":37},{"not_picked":["Heel Hook+1","Skewer","Predator"],"picked":"SKIP","floor":38},{"not_picked":["Concentrate","Accuracy","Replay:Poison Smokescreen"],"picked":"SKIP","floor":40},{"not_picked":["HandOfGreed","Replay:Sssssssssstrike"],"picked":"Trip","floor":41},{"not_picked":["Jack Of All Trades","Poisoned Strike"],"picked":"Panacea","floor":41},{"not_picked":["Concentrate","ReplayTheSpireMod:Speed Training","Deadly Poison"],"picked":"SKIP","floor":45},{"not_picked":["Sucker Punch","Poisoned Stab","Flying Knee+1"],"picked":"SKIP","floor":47},{"not_picked":["Toxin Wave+1","Footwork+1"],"picked":"Wraith Form v2","floor":48}],"player_experience":2107651,"relics_obtained":[{"floor":13,"key":"Lantern"},{"floor":24,"key":"Bag of Preparation"},{"floor":26,"key":"Garlic"},{"floor":40,"key":"Du-Vu Doll"},{"floor":43,"key":"InkBottle"},{"floor":45,"key":"Torii"},{"floor":48,"key":"Quantum Egg"}],"event_choices":[{"cards_removed":["Strike_G"],"damage_healed":0,"gold_gain":0,"player_choice":"Card Removal","damage_taken":0,"max_hp_gain":0,"max_hp_loss":0,"event_name":"The Cleric","floor":3,"gold_loss":75},{"damage_healed":0,"gold_gain":0,"player_choice":"Entered Light","damage_taken":20,"max_hp_gain":0,"max_hp_loss":0,"event_name":"Shining Light","floor":4,"gold_loss":0,"cards_upgraded":["Defend_G","Well Laid Plans"]},{"damage_healed":0,"gold_gain":0,"player_choice":"Upgraded","damage_taken":0,"max_hp_gain":0,"max_hp_loss":0,"event_name":"Upgrade Shrine","floor":12,"gold_loss":0,"cards_upgraded":["Neutralize"]},{"damage_healed":0,"gold_gain":0,"player_choice":"Simplicity","damage_taken":0,"max_hp_gain":0,"max_hp_loss":0,"event_name":"Back to Basics","floor":31,"gold_loss":0,"cards_upgraded":["Strike_G","Strike_G","Strike_G","Defend_G","Defend_G","Defend_G","Defend_G"]},{"damage_healed":0,"gold_gain":0,"player_choice":"Memory 3","damage_taken":10,"max_hp_gain":0,"max_hp_loss":0,"event_name":"SensoryStone","floor":41,"gold_loss":0},{"damage_healed":0,"gold_gain":0,"player_choice":"Forge","damage_taken":0,"max_hp_gain":0,"max_hp_loss":0,"event_name":"Accursed Blacksmith","floor":46,"gold_loss":0,"cards_upgraded":["Phantasmal Killer"]}],"is_beta":false,"boss_relics":[{"not_picked":["Painkiller Herb","Replay:Ancient Bell"],"picked":"Ectoplasm"},{"not_picked":["Snecko Heart","Philosopher\u0027s Stone"],"picked":"Empty Cage"}],"items_purged_floors":[21],"is_endless":false,"potions_floor_spawned":[5,7,16,20,22,24,27,30,38,45,47],"killed_by":"Time Eater","ascension_level":20}}