{"host":"flm17o2q7bfjyna6","time":1608751157,"event":{"mods":["2.2 Compatiblity","Act Like it!","BaseMod","Better Altar","Better Match","Better Note","Better Sensory Stone","Better Skull","Better Third Choice","Better Vampires","Colored Map","Colored Powertips","DeckTracker","Hermit","Minty Spire (QoL Compilation)","Quick Restart","Replay The Spire","Reworked Bosses","Spicy Shops","StSLib","Wandering Minibosses"],"gold_per_floor":[118,68,68,68,68,94,94,121,121,121,43,61,61,77,77,179,179,190,172,222,14,24,24,24,24,24],"floor_reached":25,"playtime":644,"items_purged":[],"score":386,"play_id":"86ae1d3e-2f07-48c7-b057-f6ee38ff568a","local_time":"20201223141917","is_ascension_mode":true,"campfire_choices":[{"data":"Unload","floor":7,"key":"SMITH"},{"data":"Neutralize","floor":10,"key":"SMITH"},{"floor":15,"key":"DIG"},{"floor":23,"key":"REST"}],"circlet_count":0,"master_deck":["AscendersBane","Strike_G","Strike_G+1","Strike_G","Strike_G+1","Strike_G","Defend_G","Defend_G","Defend_G+1","Defend_G","Survivor","Neutralize+1","Deflect+1","Regret","Amnesia","Unload+1","Replay:Poison Smokescreen","Infinite Blades","Poisoned Stab","Burst","Deflect","Deadly Poison+1","Regret","Calculated Gamble"],"relics":["Ring of the Snake","NeowsBlessing","Akabeko","Ring of Hypnosis","Tiny Chest","Bottled Flame","Incense Burner","Replay:Wax Seal","Replay:Rubber Ducky","Letter Opener","TwistedFunnel","Whetstone"],"acts_visited":["Exordium","TheCity"],"potions_floor_usage":[19,25],"damage_taken":[{"damage":0,"enemies":"Small Slimes","floor":1,"turns":1},{"damage":0,"enemies":"Gremlin Nob","floor":6,"turns":1},{"damage":0,"enemies":"3 Sentries","floor":8,"turns":1},{"damage":0,"enemies":"2 Louse","floor":12,"turns":1},{"damage":0,"enemies":"Jaw Worm","floor":14,"turns":3},{"damage":10,"enemies":"Hexaghost","floor":16,"turns":11},{"damage":18,"enemies":"Chosen","floor":18,"turns":6},{"damage":13,"enemies":"2 Thieves","floor":19,"turns":4},{"damage":26,"enemies":"Shelled Parasite and Fungi","floor":22,"turns":5},{"damage":30,"enemies":"Replay:Snechameleon","floor":25,"turns":4}],"seed_played":"2543728788764114903","potions_obtained":[{"floor":1,"key":"Adrenaline Potion"},{"floor":6,"key":"BlessingOfTheForge"},{"floor":8,"key":"Death Potion"}],"is_trial":false,"path_per_floor":["M","?","?","?","?","E","R","E","T","R","$","M","T","M","R_BF","B",null,"M","M","?","$","M","R","?","E"],"character_chosen":"THE_SILENT","items_purchased":["Replay:Wax Seal","TwistedFunnel","Whetstone"],"campfire_rested":1,"item_purchase_floors":[11,21,21],"current_hp_per_floor":[63,63,63,49,49,49,49,49,49,49,49,49,49,49,49,39,62,44,31,31,31,5,26,26,0,0],"gold":24,"neow_bonus":"THREE_ENEMY_KILL","is_daily":false,"chose_seed":false,"campfire_upgraded":2,"win_rate":0.0,"timestamp":1608751157,"path_taken":["M","?","?","?","?","E","R","E","T","R","$","M","?","M","R_BF","BOSS","M","M","?","$","M","R","?","E"],"items_purchased_type":["Relic","Relic","Relic"],"build_version":"2020-12-22","purchased_purges":0,"victory":false,"max_hp_per_floor":[70,70,70,70,70,70,70,70,70,70,70,70,70,70,70,70,70,70,70,70,70,70,70,70,70,70],"card_choices":[{"not_picked":["ReplayTheSpireMod:Speed Training","Hidden Blade"],"picked":"Deflect","floor":1},{"not_picked":["Caltrops","Quick Slash"],"picked":"Unload","floor":6},{"not_picked":["Finisher","Deflect"],"picked":"Replay:Poison Smokescreen","floor":8},{"not_picked":["Acrobatics","Deflect"],"picked":"Infinite Blades","floor":12},{"not_picked":["Dagger Spray","Hidden Blade"],"picked":"Poisoned Stab","floor":14},{"not_picked":["Tools of the Trade","Phantasmal Killer"],"picked":"Burst","floor":16},{"not_picked":["Acrobatics+1","Quick Slash+1"],"picked":"Deflect","floor":18},{"not_picked":["Bouncing Flask","Hidden Blade"],"picked":"Deadly Poison+1","floor":19},{"not_picked":["Deadly Poison+1","PiercingWail"],"picked":"Calculated Gamble","floor":22}],"player_experience":1609722,"relics_obtained":[{"floor":5,"key":"Ring of Hypnosis"},{"floor":6,"key":"Tiny Chest"},{"floor":8,"key":"Bottled Flame"},{"floor":9,"key":"Incense Burner"},{"floor":13,"key":"Replay:Rubber Ducky"},{"floor":15,"key":"Letter Opener"}],"event_choices":[{"cards_removed":["Defend_G"],"damage_healed":0,"gold_gain":0,"player_choice":"Card Removal","damage_taken":0,"max_hp_gain":0,"max_hp_loss":0,"event_name":"The Cleric","floor":2,"gold_loss":50},{"damage_healed":0,"gold_gain":0,"player_choice":"Box","damage_taken":0,"relics_obtained":["Akabeko"],"max_hp_gain":0,"max_hp_loss":0,"event_name":"Big Fish","floor":3,"gold_loss":0,"cards_obtained":["Regret"]},{"damage_healed":63,"gold_gain":0,"player_choice":"Upgrade","damage_taken":14,"max_hp_gain":0,"max_hp_loss":70,"event_name":"betterThird:BetterShining","floor":4,"gold_loss":0,"cards_upgraded":["Deflect","Defend_G"]},{"damage_healed":0,"gold_gain":100,"player_choice":"Bet on Murderer","damage_taken":0,"max_hp_gain":0,"max_hp_loss":0,"event_name":"The Joust","floor":20,"gold_loss":50},{"cards_removed":["Regret"],"damage_healed":0,"gold_gain":0,"player_choice":"Give","damage_taken":0,"max_hp_gain":0,"max_hp_loss":0,"event_name":"betterNote:BetterNote","floor":24,"gold_loss":0,"cards_obtained":["None"]}],"is_beta":false,"boss_relics":[{"not_picked":["Replay:Bronze Core","Replay:Wanted Poster","Painkiller Herb"]}],"items_purged_floors":[],"is_endless":false,"potions_floor_spawned":[1,6,8],"killed_by":"Replay:Snechameleon","ascension_level":10}}