{"host":"kdt6w7ix8lwe69i9","time":1608699070,"event":{"mods":["Bartender","BaseMod","Downfall","Fiend Mod","Jorbs\u0027s Wanderer Trilogy","Minty Spire (QoL Compilation)","Reimu（博丽灵梦）","Robot Space Explorer","StSLib","The Cursed","The Disciple","The Dragon Tamer","The Druid","The Elementalist","The Forsaken","The Gatherer","The Judge","TheBandit"],"gold_per_floor":[110,128,128,203,221,221,221,221],"floor_reached":6,"playtime":417,"items_purged":[],"score":36,"play_id":"a5b558fe-c39e-4643-a8fb-deffb61a8aeb","local_time":"20201222235110","is_ascension_mode":false,"metric_token":1169,"campfire_choices":[],"circlet_count":0,"master_deck":["Gatherer:Strike_Gatherer","Gatherer:Strike_Gatherer","Gatherer:Strike_Gatherer","Gatherer:Strike_Gatherer","Gatherer:Strike_Gatherer","Gatherer:Defend_Gatherer","Gatherer:Defend_Gatherer","Gatherer:Defend_Gatherer","Gatherer:Defend_Gatherer","Gatherer:Defend_Gatherer","Gatherer:Centralize","Gatherer:FlowerWhip+1","Gatherer:ScrollOfWall","Gatherer:QuickSynthesis","theForsaken:PlagueCurse","Gatherer:FlowerShield"],"relics":["Gatherer:AlchemyBag","theForsaken:PlagueMask"],"acts_visited":["Exordium"],"potions_floor_usage":[6,6],"damage_taken":[{"damage":1,"enemies":"Jaw Worm","floor":1,"turns":3},{"damage":0,"enemies":"2 Louse","floor":2,"turns":1},{"damage":3,"enemies":"Cultist","floor":5,"turns":3},{"damage":71,"enemies":"Gremlin Nob","floor":6,"turns":4}],"seed_played":"-1065527186952741704","potions_obtained":[{"floor":2,"key":"SkillPotion"},{"floor":5,"key":"sneckomod:MuddlingPotion"}],"is_trial":false,"path_per_floor":["M","M","?","?","M","E"],"character_chosen":"THE_GATHERER","items_purchased":[],"campfire_rested":0,"item_purchase_floors":[],"current_hp_per_floor":[71,71,71,60,57,0,0,0],"gold":221,"neow_bonus":"UPGRADE_CARD","is_daily":false,"chose_seed":false,"campfire_upgraded":0,"win_rate":0.0,"timestamp":1608699070,"path_taken":["M","M","?","?","M","E"],"items_purchased_type":[],"build_version":"2020-12-13","purchased_purges":0,"victory":false,"max_hp_per_floor":[72,72,72,72,72,72,72,72],"card_choices":[{"not_picked":["Gatherer:Convert","Gatherer:SmartManeuver"],"picked":"Gatherer:ScrollOfWall","floor":1},{"not_picked":["Gatherer:Liquidism","Gatherer:FlowerFalling"],"picked":"Gatherer:QuickSynthesis","floor":2},{"not_picked":["Gatherer:CollectorsShot","Gatherer:Liquidism"],"picked":"Gatherer:FlowerShield","floor":5}],"player_experience":1582528,"relics_obtained":[],"event_choices":[{"damage_healed":0,"gold_gain":0,"player_choice":"Obtain Plague Curse","damage_taken":0,"max_hp_gain":0,"max_hp_loss":0,"event_name":"Plague Doctor","floor":3,"gold_loss":0,"cards_obtained":["theForsaken:PlagueCurse"]},{"damage_healed":0,"gold_gain":75,"player_choice":"Gather Gold","damage_taken":11,"max_hp_gain":0,"max_hp_loss":0,"event_name":"World of Goop","floor":4,"gold_loss":0}],"is_beta":false,"boss_relics":[],"items_purged_floors":[],"is_endless":false,"potions_floor_spawned":[2,5],"killed_by":"Gremlin Nob","ascension_level":0}}