{"host":"mqhvlr3kpxebko0t","time":1608685582,"event":{"mods":["AchievementEnabler","BaseMod","Colored Map","Colored Powertips","Keyboard Shortcuts","Minty Spire (QoL Compilation)","StSLib","SuperFastMode"],"gold_per_floor":[111,111,128,53,53,88,88,88,115,115,15,32,43,58,58,135,135,135,66,80,80,106,106,106],"floor_reached":23,"playtime":321,"items_purged":["Strike_B","Strike_B"],"score":375,"play_id":"a13f4951-5b3b-4227-a70f-1e95aae8ba9c","local_time":"20201223100622","is_ascension_mode":true,"campfire_choices":[{"data":"Chaos","floor":7.0,"key":"SMITH"},{"data":"Zap","floor":10.0,"key":"SMITH"},{"data":"Go for the Eyes","floor":15.0,"key":"SMITH"}],"circlet_count":0,"master_deck":["AscendersBane","Zap+1","Dualcast","Chaos+1","Compile Driver","Go for the Eyes+1","Coolheaded","Coolheaded","Rainbow","Gash","Self Repair","Steam","Defragment","Multi-Cast","Consume"],"relics":["Cracked Core","NeowsBlessing","CaptainsWheel","Toy Ornithopter","Pandora\u0027s Box","Red Mask"],"acts_visited":["Exordium","TheCity"],"potions_floor_usage":[18],"damage_taken":[{"damage":0.0,"enemies":"Small Slimes","floor":1.0,"turns":1.0},{"damage":0.0,"enemies":"2 Louse","floor":3.0,"turns":1.0},{"damage":0.0,"enemies":"3 Sentries","floor":6.0,"turns":1.0},{"damage":2.0,"enemies":"Jaw Worm","floor":12.0,"turns":2.0},{"damage":6.0,"enemies":"Large Slime","floor":13.0,"turns":5.0},{"damage":0.0,"enemies":"Blue Slaver","floor":14.0,"turns":4.0},{"damage":31.0,"enemies":"Hexaghost","floor":16.0,"turns":11.0},{"damage":0,"enemies":"3 Byrds","floor":18,"turns":1},{"damage":15,"enemies":"Chosen","floor":20,"turns":5},{"damage":57,"enemies":"Masked Bandits","floor":22,"turns":8},{"damage":14,"enemies":"Gremlin Leader","floor":23,"turns":2}],"seed_played":"-3989074497660862604","potions_obtained":[{"floor":1.0,"key":"FearPotion"},{"floor":12.0,"key":"PotionOfCapacity"},{"floor":16.0,"key":"SmokeBomb"},{"floor":22,"key":"SteroidPotion"}],"is_trial":false,"path_per_floor":["M","?","M","$","?","E","R","$","T","R","$","M","M","M","R","B",null,"M","$","M","?","?","E"],"character_chosen":"DEFECT","items_purchased":["Consume"],"campfire_rested":0,"item_purchase_floors":[19],"current_hp_per_floor":[64,57,57,57,62,62,62,62,62,62,62,60,54,54,54,28,64,69,69,61,61,11,0,0],"gold":106,"neow_bonus":"THREE_ENEMY_KILL","is_daily":false,"chose_seed":false,"campfire_upgraded":3,"win_rate":0.0,"timestamp":1608685582,"path_taken":["M","?","M","$","?","E","R","$","T","R","?","M","M","M","R","BOSS","M","$","M","?","?","E"],"items_purchased_type":["Card"],"build_version":"2020-12-13","purchased_purges":2,"victory":false,"max_hp_per_floor":[71,71,71,71,76,76,76,76,76,76,76,76,76,76,76,76,76,76,76,76,76,76,76,76],"card_choices":[{"not_picked":["Rip and Tear","Double Energy"],"picked":"Chaos","floor":1.0},{"not_picked":["Turbo","Chaos"],"picked":"Compile Driver","floor":3.0},{"not_picked":["Aggregate","Reboot"],"picked":"Go for the Eyes","floor":6.0},{"not_picked":["Heatsinks","Leap"],"picked":"Coolheaded","floor":12.0},{"not_picked":["Gash","Sunder","Stack"],"picked":"SKIP","floor":13.0},{"not_picked":["Sunder","Cold Snap"],"picked":"Coolheaded","floor":14.0},{"not_picked":["Buffer","Echo Form"],"picked":"Rainbow","floor":16.0},{"not_picked":["Barrage","Stack","Ball Lightning"],"picked":"SKIP","floor":20}],"player_experience":677678,"relics_obtained":[{"floor":6.0,"key":"CaptainsWheel"},{"floor":9.0,"key":"Toy Ornithopter"},{"floor":22,"key":"Red Mask"}],"event_choices":[{"cards_removed":["Strike_B"],"damage_healed":0.0,"max_hp_gain":0.0,"max_hp_loss":0.0,"gold_gain":0.0,"event_name":"Golden Wing","player_choice":"Card Removal","floor":2.0,"gold_loss":0.0,"damage_taken":7.0},{"damage_healed":0.0,"max_hp_gain":5.0,"max_hp_loss":0.0,"gold_gain":0.0,"event_name":"Big Fish","player_choice":"Donut","floor":5.0,"gold_loss":0.0,"damage_taken":0.0},{"damage_healed":0,"gold_gain":0,"player_choice":"Ignored","damage_taken":0,"max_hp_gain":0,"max_hp_loss":0,"event_name":"The Mausoleum","floor":21,"gold_loss":0},{"damage_healed":0,"gold_gain":0,"player_choice":"Fought Bandits","damage_taken":0,"max_hp_gain":0,"max_hp_loss":0,"event_name":"Masked Bandits","floor":22,"gold_loss":0}],"is_beta":false,"boss_relics":[{"not_picked":["Runic Pyramid","SacredBark"],"picked":"Pandora\u0027s Box"}],"items_purged_floors":[4,11],"is_endless":false,"potions_floor_spawned":[1,12,16,22],"killed_by":"Gremlin Leader","ascension_level":15}}