{"host":"9i65z0zqo49crzwy","time":1608693628,"event":{"mods":["AchievementEnabler","Aspiration","Bard","BaseMod","Beaked The Cultist","Bestiary","Better Altar","Better Match","Better Note","Better Sensory Stone","Better Skull","Better Third Choice","BetterRewards","CCEM","Clawfect","Colored Map","Conspire","Downfall","GifTheSpireLib","Halation","Hermit","Highlight Path","Hubris","Hunter ??","Infinite Spire","Jedi Mod","Jorbs\u0027s Wanderer Trilogy","Mad Scientist","Marisa????????","Mimic Mod","Minty Spire (QoL Compilation)","Permanent Neow","Replay The Spire","Shade Mod","Shop Mod","Spicy Shops","StSLib","Stuff the Spire","The Administrix","The Blackbeard","The Bug Knight","The Construct","The Cursed","The Disciple","The Gatherer","The Hierophant","The IronCluck","The Jungle","The Mystic","The Necromancer","The Problem Sleuth","The Runesmith","The Servant 0.9.4","The Spell Scribe","The Witch","TheHero","Unceasing Turn Reminder"],"gold_per_floor":[99,112,129,39,39,49,75,103,103,118,145,145,145,73,91,91,91],"floor_reached":16,"playtime":1170,"items_purged":["Replay:Hysterical Blindness","Shade:Strike_Shade","Shade:Strike_Shade"],"score":110,"play_id":"63d54cdf-9667-4e78-a1aa-4256e2fff34f","local_time":"20201222192028","is_ascension_mode":false,"campfire_choices":[{"data":"Shade:AnimateDead","floor":1,"key":"SMITH"}],"circlet_count":0,"master_deck":["Shade:Strike_Shade","Shade:Strike_Shade","Shade:Defend_Shade","Shade:Defend_Shade","Shade:Defend_Shade","Shade:Defend_Shade","Shade:AnimateDead+1","Shade:CarefulCut","Shade:Brains","Shade:Premonition","Shade:FleshLikeOak","Shade:Putrefaction","Shade:OpenGraves","Shade:FleshToFlesh","Shade:LichForm","Shade:AuraOfUnlife","Shade:AuraOfUnlife"],"relics":["Shade:YorickSkull","Counterbalance","Runesmith:AutoHammer","hubris:TenFootPole","halation:StarCompass","halation:PromiseList","hubris:EvacipatedBox","halation:PinkSoulGem"],"acts_visited":["Exordium"],"potions_floor_usage":[8,15,16],"damage_taken":[{"damage":0,"enemies":"Small Slimes","floor":2,"turns":5},{"damage":0,"enemies":"2 Louse","floor":3,"turns":4},{"damage":0,"enemies":"downfall:FleeingMerchant","floor":4,"turns":4},{"damage":1,"enemies":"Jaw Worm","floor":6,"turns":4},{"damage":10,"enemies":"3 Sentries","floor":8,"turns":9},{"damage":0,"enemies":"Red Slaver","floor":10,"turns":4},{"damage":2,"enemies":"Lagavulin","floor":11,"turns":7},{"damage":0,"enemies":"downfall:FleeingMerchant","floor":14,"turns":4},{"damage":8,"enemies":"Gremlin Gang","floor":15,"turns":7},{"damage":28,"enemies":"downfall:Defect","floor":16,"turns":6}],"seed_played":"-209704474136737331","potions_obtained":[{"floor":2,"key":"Fire Potion"},{"floor":3,"key":"jedi:mysterypotion"},{"floor":6,"key":"LiquidMemories"},{"floor":15,"key":"GamblersBrew"}],"is_trial":false,"path_per_floor":["R","M","M","$","?","M","T","E","?","M","E","$","?","$","M","B"],"character_chosen":"SHADE","items_purchased":["hubris:EvacipatedBox","Shade:AuraOfUnlife"],"campfire_rested":0,"item_purchase_floors":[12,14],"current_hp_per_floor":[65,65,65,65,70,69,69,59,59,59,57,33,33,33,25,0,0],"gold":91,"neow_bonus":"ONE_RARE_RELIC","is_daily":false,"chose_seed":false,"campfire_upgraded":1,"win_rate":0.0,"timestamp":1608693628,"path_taken":["R","M","M","$","?","M","T","E","?","?","E","?","?","$","M","BOSS"],"items_purchased_type":["Relic","Card"],"build_version":"2020-12-13","purchased_purges":3,"victory":false,"max_hp_per_floor":[65,65,65,65,70,70,70,70,70,70,70,70,70,70,70,70,70],"card_choices":[{"not_picked":["Shade:FeralStrike","Shade:FingerOfDeath"],"picked":"Shade:Brains","floor":2},{"not_picked":["Shade:SkeletonHug","Shade:Asphyxiate"],"picked":"Shade:Premonition","floor":3},{"not_picked":["Shade:WallOfFlesh","Shade:AncientSpear"],"picked":"Shade:FleshLikeOak","floor":4},{"not_picked":["Shade:WallOfFlesh","Shade:FreshBones"],"picked":"Shade:Putrefaction","floor":6},{"not_picked":["Shade:GreaterAnimation","Shade:CallOfTheGrave"],"picked":"Shade:OpenGraves","floor":8},{"not_picked":["Shade:Premonition","Shade:FeralStrike"],"picked":"Shade:FleshToFlesh","floor":10},{"not_picked":["Shade:Frenzy","Shade:LyeBath","Shade:FleshToFlesh"],"picked":"SKIP","floor":11},{"not_picked":["Shade:FreshBones","Shade:AuraOfUnlife"],"picked":"Shade:LichForm","floor":14},{"not_picked":["Shade:Awaken","Shade:GreyBargain","Shade:Excise"],"picked":"SKIP","floor":15}],"player_experience":122265,"relics_obtained":[{"floor":7,"key":"Runesmith:AutoHammer"},{"floor":8,"key":"hubris:TenFootPole"},{"floor":11,"key":"halation:PromiseList"}],"event_choices":[{"damage_healed":0,"gold_gain":0,"player_choice":"Donut","damage_taken":0,"max_hp_gain":5,"max_hp_loss":0,"event_name":"Big Fish","floor":5,"gold_loss":0}],"is_beta":false,"boss_relics":[],"items_purged_floors":[4,12,12],"is_endless":false,"potions_floor_spawned":[2,3,6,8,15],"killed_by":"downfall:Defect","ascension_level":0}}