{"host":"627up2rvtmm0cf0r","time":1608734936,"event":{"mods":["ATMod(阿瑾Mod)","Act Like it!","BaseMod","CapriCore","Card Filter","Card Forge","DeckTracker","Dota2Spire","Friendly Minions","Highlight Path","Minty Spire (QoL Compilation)","MostiFishMod","Permanent Neow","Quick Restart","Relic Stats","Shop Mod","Spicy Shops","StSLib","SuperFastMode","TestMod","[地精首领爬塔]The Maniac","【遗物卡牌】REMEMod","篝火指南"],"gold_per_floor":[109,109,109,129,139,166,180,105,105,117,127,189,218,229,229,333,333,352,451,257,182,202,236,248,248,248,261,293,309,309,326,11,122,122,145,160,160,97,115,244,244,271,271,73,310,323,453,480,272,1017,1017,470,13,250,260,260],"floor_reached":55,"playtime":2145,"items_purged":["Eruption","Strike_P","Strike_P","Defend_P","Vigilance","Defend_P","Defend_P+1","Defend_P+1","maniac:ReachVictory+1"],"score":1813,"play_id":"7d091b00-76aa-496c-9b95-58d50f56300f","local_time":"20201223224856","is_ascension_mode":true,"campfire_choices":[{"data":"AT_FamilyPortrait","floor":15.0,"key":"SMITH"},{"data":"MostiFishMod:PathToVictory","floor":30.0,"key":"SMITH"},{"floor":41.0,"key":"RECALL"}],"circlet_count":0,"master_deck":["AT_FamilyPortrait+1","MostiFishMod:PathToVictory+1","Discovery+1","Discovery+1","MostiFishMod:PathToVictory+1","Discovery+1"],"relics":["PureWater","Hammer of Thor","Seething Fire","Anvil of the Gods","DaveBox","testmod-TestBox","REME_ComplimentaryCards","AT_ATBox","PreservedInsect","testmod-GiftOfSatan","PatriotShield","Potion Belt","Happy Flower","White Beast Statue","testmod-DragonStarHat","Sozu","Membership Card","Matryoshka","FaceOfCleric","Dota2Spire:AghanimScepter","Dota2Spire:EtherealBlade","StrikeDummy","testmod-TheFather","AT_SilvercatRing","Fusion Hammer","AT_TheCollector","Pear","Mummified Hand","Dota2Spire:PhaseBoots","AT_ChloranthyRing","AT_SunfireAegis","AT_BellowingDragoncrestRing","Shuriken","AT_RedNoBalance","DollysMirror","AT_BladeRuinedKing","testmod-ArcanaOfDestiny","Bronze Scales"],"acts_visited":["Exordium","TheCity","TheBeyond","TheEnding"],"potions_floor_usage":[55,55,55,55],"damage_taken":[{"damage":0.0,"enemies":"Small Slimes","floor":1.0,"turns":3.0},{"damage":0.0,"enemies":"2 Louse","floor":4.0,"turns":1.0},{"damage":0.0,"enemies":"Jaw Worm","floor":5.0,"turns":1.0},{"damage":0.0,"enemies":"3 Sentries","floor":6.0,"turns":1.0},{"damage":0.0,"enemies":"Blue Slaver","floor":7.0,"turns":4.0},{"damage":0.0,"enemies":"2 Fungi Beasts","floor":10.0,"turns":5.0},{"damage":0.0,"enemies":"3 Louse","floor":11.0,"turns":5.0},{"damage":0.0,"enemies":"Gremlin Nob","floor":12.0,"turns":4.0},{"damage":0.0,"enemies":"Gremlin Nob","floor":13.0,"turns":1.0},{"damage":10.0,"enemies":"Gremlin Gang","floor":14.0,"turns":4.0},{"damage":0.0,"enemies":"The Guardian","floor":16.0,"turns":7.0},{"damage":0.0,"enemies":"2 Thieves","floor":18.0,"turns":4.0},{"damage":0.0,"enemies":"Chosen","floor":22.0,"turns":3.0},{"damage":0.0,"enemies":"Gremlin Leader","floor":23.0,"turns":5.0},{"damage":0.0,"enemies":"Sentry and Sphere","floor":24.0,"turns":4.0},{"damage":0.0,"enemies":"Snecko","floor":27.0,"turns":3.0},{"damage":0.0,"enemies":"Book of Stabbing","floor":28.0,"turns":1.0},{"damage":0.0,"enemies":"Snake Plant","floor":29.0,"turns":3.0},{"damage":0.0,"enemies":"3 Cultists","floor":31.0,"turns":3.0},{"damage":0.0,"enemies":"Champ","floor":33.0,"turns":3.0},{"damage":0.0,"enemies":"3 Darklings","floor":35.0,"turns":3.0},{"damage":18.0,"enemies":"3 Shapes","floor":36.0,"turns":3.0},{"damage":0.0,"enemies":"Spire Growth","floor":39.0,"turns":1.0},{"damage":0.0,"enemies":"Giant Head","floor":40.0,"turns":1.0},{"damage":0.0,"enemies":"Maw","floor":42.0,"turns":2.0},{"damage":0.0,"enemies":"Nemesis","floor":45.0,"turns":1.0},{"damage":0.0,"enemies":"Writhing Mass","floor":46.0,"turns":1.0},{"damage":0.0,"enemies":"Giant Head","floor":47.0,"turns":2.0},{"damage":0.0,"enemies":"Sphere and 2 Shapes","floor":48.0,"turns":1.0},{"damage":4.0,"enemies":"Awakened One","floor":50.0,"turns":2.0},{"damage":0,"enemies":"Shield and Spear","floor":54,"turns":1},{"damage":285,"enemies":"The Heart","floor":55,"turns":2}],"seed_played":"397181602037687975","potions_obtained":[{"floor":5.0,"key":"EntropicBrew"},{"floor":7.0,"key":"Strength Potion"},{"floor":10.0,"key":"AttackPotion"},{"floor":11.0,"key":"BottledMiracle"},{"floor":12.0,"key":"Swift Potion"}],"is_trial":false,"path_per_floor":["M","?","?","M","M","E","M","$","T","M","M","?","E","M","R","B",null,"M","?","$","?","M","E","M","?","T","M","E","M","R","M","R","B",null,"M","M","?","$","M","E","R","M","T","$","E","M","E","M","R","B",null,"R","$","E","B"],"character_chosen":"WATCHER","items_purchased":["Membership Card","testmod-TheFather","Discovery","AT_SilvercatRing","AT_TheCollector","Dota2Spire:PhaseBoots","Discovery","AT_BellowingDragoncrestRing","Shuriken","AT_SilverBalance","DollysMirror","AT_BladeRuinedKing","testmod-ArcanaOfDestiny"],"campfire_rested":0,"item_purchase_floors":[20,32,32,32,38,44,44,49,52,52,52,53,53],"current_hp_per_floor":[73,78,78,92,92,92,97,97,97,107,107,112,117,120,120,93,119,132,132,132,132,137,144,149,149,149,150,151,157,157,158,158,159,159,165,172,172,172,173,188,188,189,189,189,190,191,192,193,193,190,193,193,193,98,0,0],"gold":260,"neow_bonus":"RANDOM_COMMON_RELIC","is_daily":false,"chose_seed":false,"campfire_upgraded":2,"win_rate":0.0,"timestamp":1608734936,"path_taken":["M","?","?","M","M","E","M","?","T","M","?","?","E","M","R","BOSS","M","?","$","?","M","E","M","?","T","M","E","M","R","?","R","BOSS","M","M","?","$","M","E","R","M","T","$","E","M","E","M","R","BOSS","R","$","E","BOSS"],"items_purchased_type":["Relic","Relic","Card","Relic","Relic","Relic","Card","Relic","Relic","Relic","Relic","Relic","Relic"],"build_version":"2020-12-22","purchased_purges":9,"victory":false,"max_hp_per_floor":[77,82,82,92,92,92,97,97,97,107,107,112,117,122,122,127,127,132,132,132,132,137,144,149,149,149,150,151,157,157,158,158,159,159,165,176,176,176,177,188,188,189,189,189,190,191,192,193,193,194,194,194,194,195,195,195],"relic_stats":{"Sozu":22,"Happy Flower":[25],"FaceOfCleric":16,"counters":[32,85],"Mummified Hand":[57],"Shuriken":[24],"Bronze Scales":[3],"PreservedInsect":552,"obtain_stats":[{"PatriotShield":0,"AT_ATBox":0,"DaveBox":0,"Hammer of Thor":0,"Dota2Spire:EtherealBlade":26,"Sozu":17,"Matryoshka":23,"FaceOfCleric":25,"Mummified Hand":43,"DollysMirror":52,"testmod-TheFather":32,"testmod-DragonStarHat":13,"Fusion Hammer":34,"AT_RedNoBalance":54,"testmod-ArcanaOfDestiny":53,"Potion Belt":6,"AT_ChloranthyRing":45,"testmod-TestBox":0,"Pear":40,"Happy Flower":9,"PreservedInsect":0,"AT_SilverBalance":52,"AT_BladeRuinedKing":53,"Seething Fire":0,"AT_SilvercatRing":32,"White Beast Statue":12,"Dota2Spire:AghanimScepter":26,"testmod-GiftOfSatan":0,"AT_BellowingDragoncrestRing":49,"Anvil of the Gods":0,"AT_TheCollector":38,"Shuriken":52,"Bronze Scales":54,"Membership Card":20,"PureWater":0,"AT_SunfireAegis":47,"StrikeDummy":28,"REME_ComplimentaryCards":0,"Dota2Spire:PhaseBoots":44},{"PatriotShield":0,"AT_ATBox":0,"DaveBox":0,"Hammer of Thor":0,"Dota2Spire:EtherealBlade":15,"Sozu":11,"Matryoshka":14,"FaceOfCleric":15,"Mummified Hand":25,"DollysMirror":30,"testmod-TheFather":19,"testmod-DragonStarHat":9,"Fusion Hammer":20,"AT_RedNoBalance":31,"testmod-ArcanaOfDestiny":30,"Potion Belt":4,"AT_ChloranthyRing":26,"testmod-TestBox":0,"Pear":24,"Happy Flower":5,"PreservedInsect":0,"AT_SilverBalance":30,"AT_BladeRuinedKing":30,"Seething Fire":0,"AT_SilvercatRing":19,"White Beast Statue":8,"Dota2Spire:AghanimScepter":15,"testmod-GiftOfSatan":0,"AT_BellowingDragoncrestRing":29,"Anvil of the Gods":0,"AT_TheCollector":22,"Shuriken":30,"Bronze Scales":31,"Membership Card":12,"PureWater":0,"AT_SunfireAegis":28,"StrikeDummy":17,"REME_ComplimentaryCards":0,"Dota2Spire:PhaseBoots":25},{"PatriotShield":0,"AT_ATBox":0,"DaveBox":0,"Hammer of Thor":0,"Dota2Spire:EtherealBlade":52,"Sozu":36,"Matryoshka":48,"FaceOfCleric":52,"Mummified Hand":75,"DollysMirror":82,"testmod-TheFather":62,"testmod-DragonStarHat":25,"Fusion Hammer":65,"AT_RedNoBalance":82,"testmod-ArcanaOfDestiny":82,"Potion Belt":6,"AT_ChloranthyRing":76,"testmod-TestBox":0,"Pear":73,"Happy Flower":10,"PreservedInsect":0,"AT_SilverBalance":82,"AT_BladeRuinedKing":82,"Seething Fire":0,"AT_SilvercatRing":62,"White Beast Statue":24,"Dota2Spire:AghanimScepter":52,"testmod-GiftOfSatan":0,"AT_BellowingDragoncrestRing":80,"Anvil of the Gods":0,"AT_TheCollector":71,"Shuriken":82,"Bronze Scales":83,"Membership Card":40,"PureWater":0,"AT_SunfireAegis":79,"StrikeDummy":56,"REME_ComplimentaryCards":0,"Dota2Spire:PhaseBoots":75}]},"card_choices":[{"not_picked":["Evaluate","FlyingSleeves","EmptyMind"],"picked":"SKIP","floor":1.0},{"not_picked":["BowlingBash","Sanctity","Prostrate"],"picked":"SKIP","floor":4.0},{"not_picked":["AT_RealFormLess","ClearTheMind","Prostrate"],"picked":"SKIP","floor":5.0},{"not_picked":["EmptyBody","SashWhip","Crescendo"],"picked":"SKIP","floor":6.0},{"not_picked":["MostiFishMod:PathToVictory","Evaluate","MostiFishMod:Clarity"],"picked":"SKIP","floor":7.0},{"not_picked":["Evaluate","MostiFishMod:Clarity"],"picked":"MostiFishMod:PathToVictory","floor":7.0},{"not_picked":["AT_ChampionStep","MostiFishMod:LegendTransform","EmptyBody"],"picked":"SKIP","floor":10.0},{"not_picked":["Nirvana","Protect","FollowUp"],"picked":"SKIP","floor":11.0},{"not_picked":["REME_Repentance","JustLucky","CarveReality"],"picked":"SKIP","floor":13.0},{"not_picked":["SashWhip","CutThroughFate","REME_Repentance"],"picked":"SKIP","floor":14.0},{"not_picked":["FlyingSleeves+1","Tantrum","MostiFishMod:Clarity"],"picked":"SKIP","floor":18.0},{"not_picked":["PathToVictory","CrushJoints","TalkToTheHand"],"picked":"SKIP","floor":22.0},{"not_picked":["MostiFishMod:Clarity","FlurryOfBlows","ThirdEye+1"],"picked":"SKIP","floor":23.0},{"not_picked":["PathToVictory","Perseverance","SandsOfTime"],"picked":"SKIP","floor":24.0},{"not_picked":["Prostrate","FlyingSleeves","ThirdEye+1"],"picked":"SKIP","floor":27.0},{"not_picked":["MostiFishMod:Clarity+1","REME_Repentance","Prostrate"],"picked":"SKIP","floor":28.0},{"not_picked":["FlurryOfBlows","FollowUp+1","Nirvana"],"picked":"SKIP","floor":29.0},{"not_picked":["MostiFishMod:StarWish","Perseverance+1","ThirdEye+1"],"picked":"SKIP","floor":31.0},{"not_picked":["CutThroughFate","FollowUp+1","SandsOfTime"],"picked":"SKIP","floor":35.0},{"not_picked":["REME_Repentance+1","REME_MusicOfDeath+1","FollowUp+1"],"picked":"SKIP","floor":36.0},{"not_picked":["Wallop","REME_Repentance","EmptyFist+1"],"picked":"SKIP","floor":39.0},{"not_picked":["MostiFishMod:Adaptation","Evaluate+1","FlurryOfBlows"],"picked":"SKIP","floor":40.0},{"not_picked":["FlyingSleeves","Crescendo+1","ClearTheMind+1"],"picked":"SKIP","floor":42.0},{"not_picked":["Perseverance","EmptyMind","AT_SoftenMuscles+1"],"picked":"SKIP","floor":45.0},{"not_picked":["CrushJoints+1","Omniscience","ClearTheMind+1"],"picked":"SKIP","floor":46.0},{"not_picked":["Weave+1","EmptyBody+1","Protect"],"picked":"SKIP","floor":47.0},{"not_picked":["Sanctity+1","Perseverance"],"picked":"MostiFishMod:PathToVictory+1","floor":48.0},{"not_picked":["LikeWater+1","CutThroughFate","MostiFishMod:Clarity"],"picked":"SKIP","floor":54}],"player_experience":29517,"relics_obtained":[{"floor":6.0,"key":"Potion Belt"},{"floor":9.0,"key":"Happy Flower"},{"floor":12.0,"key":"White Beast Statue"},{"floor":13.0,"key":"testmod-DragonStarHat"},{"floor":23.0,"key":"Matryoshka"},{"floor":26.0,"key":"Dota2Spire:AghanimScepter"},{"floor":26.0,"key":"Dota2Spire:EtherealBlade"},{"floor":28.0,"key":"StrikeDummy"},{"floor":40.0,"key":"Pear"},{"floor":43.0,"key":"Mummified Hand"},{"floor":45.0,"key":"AT_ChloranthyRing"},{"floor":47.0,"key":"AT_SunfireAegis"},{"floor":54,"key":"Bronze Scales"}],"event_choices":[{"damage_healed":0.0,"max_hp_gain":5.0,"max_hp_loss":0.0,"gold_gain":0.0,"event_name":"Big Fish","player_choice":"Donut","floor":2.0,"gold_loss":0.0,"damage_taken":0.0},{"damage_healed":0.0,"max_hp_gain":0.0,"max_hp_loss":0.0,"gold_gain":0.0,"event_name":"Liars Game","player_choice":"Ignored","floor":3.0,"gold_loss":0.0,"damage_taken":0.0},{"damage_healed":0.0,"max_hp_gain":0.0,"max_hp_loss":0.0,"gold_gain":30.0,"event_name":"Dead Adventurer","player_choice":"Searched \u00273\u0027 times","floor":12.0,"gold_loss":0.0,"damage_taken":0.0},{"damage_healed":0.0,"max_hp_gain":0.0,"max_hp_loss":0.0,"gold_gain":99.0,"event_name":"Nest","player_choice":"Stole From Cult","floor":19.0,"gold_loss":0.0,"damage_taken":0.0},{"cards_removed":["Strike_P"],"damage_healed":0.0,"max_hp_gain":0.0,"max_hp_loss":0.0,"gold_gain":0.0,"event_name":"Beggar","player_choice":"Gave Gold","floor":21.0,"gold_loss":75.0,"damage_taken":0.0},{"damage_healed":0.0,"max_hp_gain":0.0,"max_hp_loss":0.0,"gold_gain":0.0,"event_name":"FaceTrader","player_choice":"Trade","floor":25.0,"gold_loss":0.0,"damage_taken":0.0,"relics_obtained":["FaceOfCleric"]},{"cards_removed":["Strike_P"],"damage_healed":0.0,"max_hp_gain":0.0,"max_hp_loss":0.0,"gold_gain":0.0,"event_name":"Falling","player_choice":"Removed Attack","floor":37.0,"gold_loss":0.0,"damage_taken":0.0}],"is_beta":false,"boss_relics":[{"not_picked":["TakeMeEscape","Runic Pyramid"],"picked":"Sozu"},{"not_picked":["MostiFishMod:Hod","testmod-SaigiyounoYou"],"picked":"Fusion Hammer"}],"items_purged_floors":[8,20,38,44,49,52,52,53,53],"is_endless":false,"potions_floor_spawned":[5,7,10,11,12,13,14,16,18,22,23,24,27,28,29,31,33,35,36,39,40,42,45,46,47,48,54],"killed_by":"The Heart","ascension_level":8}}