{"host":"6pgtslebjnyv5xmi","time":1608697501,"event":{"mods":["AchievementEnabler","BaseMod","Colored Map","Marisa£¨Ùöéë¡¡Øª×âÞÞ£©","Minty Spire (QoL Compilation)","Rare Cards Sparkle","StSLib","SuperFastMode","everything is the same but u backflip on backflip"],"gold_per_floor":[110,110,123,73,89,89,89,89,89,114,131,150,168,181,181,181,181],"floor_reached":16,"playtime":943,"items_purged":[],"score":140,"play_id":"b2f4c59b-9176-4cab-9220-4dfd221deb25","local_time":"20201223132501","is_ascension_mode":true,"campfire_choices":[{"data":"Entrench","floor":6,"key":"SMITH"},{"data":"Armaments","floor":8,"key":"SMITH"},{"data":"Body Slam","floor":15,"key":"SMITH"}],"circlet_count":0,"master_deck":["Strike_R","Strike_R","Defend_R+1","Defend_R","Defend_R","Defend_R+1","Bash","Warcry","Demon Form","Entrench+1","Body Slam+1","Armaments+1","Headbutt","Flex","Fire Breathing"],"relics":["Burning Blood","Art of War","War Paint","Pear"],"acts_visited":["Exordium"],"potions_floor_usage":[10,16],"damage_taken":[{"damage":13,"enemies":"Small Slimes","floor":1,"turns":5},{"damage":9,"enemies":"2 Louse","floor":3,"turns":4},{"damage":4,"enemies":"Cultist","floor":5,"turns":5},{"damage":21,"enemies":"3 Sentries","floor":10,"turns":11},{"damage":1,"enemies":"3 Louse","floor":11,"turns":3},{"damage":6,"enemies":"Exordium Wildlife","floor":12,"turns":7},{"damage":7,"enemies":"Lots of Slimes","floor":13,"turns":4},{"damage":16,"enemies":"Blue Slaver","floor":14,"turns":4},{"damage":38,"enemies":"Slime Boss","floor":16,"turns":3}],"seed_played":"-4312322490219193046","potions_obtained":[{"floor":1,"key":"FearPotion"},{"floor":3,"key":"DistilledChaos"},{"floor":12,"key":"PowerPotion"},{"floor":14,"key":"ElixirPotion"}],"is_trial":false,"path_per_floor":["M","?","M","?","M","R","?","R","T","E","M","M","M","M","R","B"],"character_chosen":"IRONCLAD","items_purchased":[],"campfire_rested":0,"item_purchase_floors":[],"current_hp_per_floor":[65,47,44,44,46,46,46,46,46,41,46,46,45,35,35,0,0],"gold":181,"neow_bonus":"TRANSFORM_TWO_CARDS","is_daily":false,"chose_seed":false,"campfire_upgraded":3,"win_rate":0.0,"timestamp":1608697501,"path_taken":["M","?","M","?","M","R","?","R","T","E","M","M","M","?","R","BOSS"],"items_purchased_type":[],"build_version":"2020-12-13","purchased_purges":0,"victory":false,"max_hp_per_floor":[72,72,72,72,72,72,72,72,72,82,82,82,82,82,82,82,82],"card_choices":[{"not_picked":["Shrug It Off","Warcry"],"picked":"Entrench","floor":1},{"not_picked":["Perfected Strike","Battle Trance"],"picked":"Body Slam","floor":3},{"not_picked":["Anger","Sever Soul"],"picked":"Armaments","floor":5},{"not_picked":["Carnage","Feed"],"picked":"Headbutt","floor":10},{"not_picked":["Entrench","Pommel Strike"],"picked":"Flex","floor":11},{"not_picked":["Cleave","Wild Strike","Havoc"],"picked":"SKIP","floor":12},{"not_picked":["Thunderclap","Iron Wave"],"picked":"Fire Breathing","floor":13},{"not_picked":["Whirlwind","Warcry","Bludgeon"],"picked":"SKIP","floor":14}],"player_experience":385880,"relics_obtained":[{"floor":10,"key":"Pear"}],"event_choices":[{"damage_healed":0,"gold_gain":0,"player_choice":"Success","damage_taken":18,"relics_obtained":["Art of War"],"max_hp_gain":0,"max_hp_loss":0,"event_name":"Scrap Ooze","floor":2,"gold_loss":0},{"cards_removed":["Strike_R"],"damage_healed":0,"gold_gain":0,"player_choice":"Card Removal","damage_taken":0,"max_hp_gain":0,"max_hp_loss":0,"event_name":"The Cleric","floor":4,"gold_loss":50},{"damage_healed":0,"gold_gain":0,"player_choice":"Gave Potion","damage_taken":0,"relics_obtained":["War Paint"],"max_hp_gain":0,"max_hp_loss":0,"event_name":"WeMeetAgain","floor":7,"gold_loss":0}],"is_beta":false,"boss_relics":[],"items_purged_floors":[],"is_endless":false,"potions_floor_spawned":[1,3,12,14],"killed_by":"Slime Boss","ascension_level":7}}