{"host":"sdl5b0uiznq00owb","time":1608702664,"event":{"mods":["BaseMod","Minty Spire (QoL Compilation)","Permanent Neow","Relic Stats"],"gold_per_floor":[110,13,13,34,59,59,102,102,102,102,121,145,188,206,206,332,332,356,356,356,381,402,402,402,402,402,446,461,84,84,102,102,233,233,248,311,644,662,679,712,712,737,737,766,786,786,797,824,824,824],"floor_reached":51,"playtime":5430,"items_purged":["Strike_G","Strike_G"],"score":1168,"play_id":"0d8b43f7-7431-41bb-bee3-6032c042142b","local_time":"20201222235104","is_ascension_mode":true,"campfire_choices":[{"data":"Footwork","floor":6.0,"key":"SMITH"},{"data":"Infinite Blades","floor":10.0,"key":"SMITH"},{"data":"Deadly Poison","floor":15.0,"key":"SMITH"},{"data":"After Image","floor":23.0,"key":"SMITH"},{"data":"Noxious Fumes","floor":32.0,"key":"SMITH"},{"data":"Envenom","floor":41,"key":"SMITH"},{"data":"Bouncing Flask","floor":46,"key":"SMITH"},{"data":"Burst","floor":49,"key":"SMITH"}],"circlet_count":0,"master_deck":["Defend_G","Defend_G","Defend_G","Defend_G","Defend_G","Survivor+1","Neutralize+1","Footwork+1","Deadly Poison+1","Dash","Infinite Blades+1","Blade Dance","Cloak And Dagger","Deflect","Corpse Explosion","Deadly Poison+1","After Image+1","Accuracy+1","Distraction+1","Leg Sweep+1","Footwork+1","Dodge and Roll+1","Blade Dance+1","Noxious Fumes+1","Backflip+1","Caltrops","Envenom+1","Cloak And Dagger+1","Burst+1","Bouncing Flask+1"],"relics":["Ring of the Snake","Mummified Hand","War Paint","Meat on the Bone","Astrolabe","MutagenicStrength","Blue Candle","Ice Cream","Shuriken","SacredBark","Ginger","Mango","FossilizedHelix","MealTicket","Blood Vial","StrikeDummy"],"acts_visited":["Exordium","TheCity","TheBeyond"],"potions_floor_usage":[40,50,50,50],"damage_taken":[{"damage":4.0,"enemies":"2 Louse","floor":1.0,"turns":2.0},{"damage":1.0,"enemies":"Jaw Worm","floor":4.0,"turns":7.0},{"damage":0.0,"enemies":"Cultist","floor":5.0,"turns":5.0},{"damage":4.0,"enemies":"Lagavulin","floor":7.0,"turns":10.0},{"damage":3.0,"enemies":"Large Slime","floor":11.0,"turns":6.0},{"damage":1.0,"enemies":"2 Fungi Beasts","floor":12.0,"turns":3.0},{"damage":14.0,"enemies":"Gremlin Nob","floor":13.0,"turns":4.0},{"damage":0.0,"enemies":"Lots of Slimes","floor":14.0,"turns":2.0},{"damage":31.0,"enemies":"The Guardian","floor":16.0,"turns":8.0},{"damage":4.0,"enemies":"2 Thieves","floor":18.0,"turns":3.0},{"damage":0.0,"enemies":"Chosen","floor":21.0,"turns":5.0},{"damage":4.0,"enemies":"Snecko","floor":22.0,"turns":4.0},{"damage":4.0,"enemies":"Gremlin Leader","floor":27.0,"turns":7.0},{"damage":3.0,"enemies":"3 Cultists","floor":28.0,"turns":3.0},{"damage":5.0,"enemies":"Snake Plant","floor":31.0,"turns":3.0},{"damage":13.0,"enemies":"Automaton","floor":33.0,"turns":9.0},{"damage":0.0,"enemies":"Orb Walker","floor":35.0,"turns":4.0},{"damage":0.0,"enemies":"Mind Bloom Boss Battle","floor":36.0,"turns":5.0},{"damage":0.0,"enemies":"3 Darklings","floor":38.0,"turns":4.0},{"damage":0.0,"enemies":"4 Shapes","floor":39.0,"turns":4.0},{"damage":2,"enemies":"Nemesis","floor":40,"turns":7},{"damage":15,"enemies":"Reptomancer","floor":42,"turns":4},{"damage":0,"enemies":"Giant Head","floor":44,"turns":7},{"damage":0,"enemies":"Sphere and 2 Shapes","floor":45,"turns":4},{"damage":0,"enemies":"Maw","floor":47,"turns":6},{"damage":7,"enemies":"Reptomancer","floor":48,"turns":6},{"damage":0,"enemies":"Donu and Deca","floor":50,"turns":7}],"seed_played":"6224265521609082251","potions_obtained":[{"floor":1.0,"key":"GhostInAJar"},{"floor":8.0,"key":"GhostInAJar"},{"floor":8.0,"key":"GhostInAJar"},{"floor":11.0,"key":"Strength Potion"},{"floor":14.0,"key":"SkillPotion"},{"floor":18.0,"key":"Regen Potion"},{"floor":22.0,"key":"BlessingOfTheForge"},{"floor":40,"key":"Strength Potion"},{"floor":44,"key":"PowerPotion"}],"is_trial":false,"path_per_floor":["M","$","?","M","M","R","E","?","T","R","M","M","E","M","R","B",null,"M","?","?","M","M","R","?","?","T","E","M","$","?","M","R","B",null,"M","?","?","M","M","E","R","E","T","E","M","R","M","E","R","B",null],"character_chosen":"THE_SILENT","items_purchased":["Deadly Poison","Caltrops","Shuriken"],"campfire_rested":0,"item_purchase_floors":[2,29,29],"current_hp_per_floor":[59,59,59,58,58,58,54,54,54,54,51,50,36,36,36,17,53,49,49,49,63,59,59,59,59,59,55,52,52,65,60,60,47,61,61,61,61,61,61,73,73,58,58,58,60,60,62,57,57,59],"gold":824,"neow_bonus":"UPGRADE_CARD","is_daily":false,"chose_seed":false,"campfire_upgraded":8,"win_rate":0.0,"timestamp":1608702664,"path_taken":["M","$","?","M","M","R","E","?","T","R","M","?","E","M","R","BOSS","M","?","?","?","M","R","?","?","T","E","?","$","?","M","R","BOSS","M","?","?","M","M","E","R","E","T","E","M","R","M","E","R","BOSS"],"items_purchased_type":["Card","Card","Relic"],"build_version":"2020-12-13","purchased_purges":2,"victory":true,"max_hp_per_floor":[70,70,65,65,65,65,65,65,65,65,65,65,65,65,65,65,65,65,65,65,65,65,65,65,65,65,65,65,65,65,65,65,65,65,65,65,65,65,65,79,79,79,79,79,79,79,79,79,79,79],"relic_stats":{"Blood Vial":8,"counters":[27,139],"Mummified Hand":[128],"Shuriken":[44],"Astrolabe":["Reflex","Accuracy","Distraction"],"Blue Candle":[0],"MealTicket":0,"Ginger":[6],"War Paint":["Survivor","Deadly Poison"],"obtain_stats":[{"Ice Cream":27,"Golden Idol":3,"Astrolabe":17,"Blue Candle":26,"SacredBark":34,"Mango":40,"Ginger":36,"War Paint":9,"Blood Vial":44,"Mummified Hand":7,"Shuriken":29,"MutagenicStrength":19,"MealTicket":43,"StrikeDummy":48,"FossilizedHelix":42,"Ring of the Snake":0,"Meat on the Bone":13},{"Ice Cream":13,"Golden Idol":1,"Astrolabe":9,"Blue Candle":12,"SacredBark":16,"Mango":21,"Ginger":18,"War Paint":4,"Blood Vial":23,"Mummified Hand":4,"Shuriken":14,"MutagenicStrength":10,"MealTicket":22,"StrikeDummy":26,"FossilizedHelix":22,"Ring of the Snake":0,"Meat on the Bone":7},{"Ice Cream":66,"Golden Idol":2,"Astrolabe":47,"Blue Candle":59,"SacredBark":81,"Mango":105,"Ginger":90,"War Paint":24,"Blood Vial":116,"Mummified Hand":24,"Shuriken":69,"MutagenicStrength":50,"MealTicket":109,"StrikeDummy":132,"FossilizedHelix":109,"Ring of the Snake":0,"Meat on the Bone":37}],"Ring of the Snake":[54],"Meat on the Bone":12},"card_choices":[{"not_picked":["Sucker Punch","All Out Attack"],"picked":"Footwork","floor":1.0},{"not_picked":["Crippling Poison","Deadly Poison"],"picked":"Dash","floor":4.0},{"not_picked":["PiercingWail","Cloak And Dagger"],"picked":"Infinite Blades","floor":5.0},{"not_picked":["Flying Knee","Finisher"],"picked":"Blade Dance","floor":7.0},{"not_picked":["Heel Hook","Bane"],"picked":"Cloak And Dagger","floor":11.0},{"not_picked":["Concentrate","Sucker Punch"],"picked":"Deflect","floor":12.0},{"not_picked":["Slice","Backflip"],"picked":"Corpse Explosion","floor":13.0},{"not_picked":["Deflect","All Out Attack"],"picked":"Deadly Poison","floor":14.0},{"not_picked":["Glass Knife","Doppelganger"],"picked":"After Image","floor":16.0},{"not_picked":["Escape Plan","Footwork"],"picked":"Leg Sweep+1","floor":18.0},{"not_picked":["Sucker Punch","Masterful Stab"],"picked":"Dodge and Roll+1","floor":21.0},{"not_picked":["Outmaneuver","Flechettes"],"picked":"Blade Dance+1","floor":22.0},{"not_picked":["Blade Dance","Backflip"],"picked":"Noxious Fumes","floor":27.0},{"not_picked":["Deflect","Choke"],"picked":"Backflip+1","floor":28.0},{"not_picked":["Endless Agony","Distraction","Quick Slash"],"picked":"SKIP","floor":31.0},{"not_picked":["Venomology","Adrenaline"],"picked":"Envenom","floor":33.0},{"not_picked":["Deadly Poison","Dash","Eviscerate"],"picked":"SKIP","floor":35.0},{"not_picked":["Sucker Punch","Infinite Blades+1","Eviscerate"],"picked":"SKIP","floor":38.0},{"not_picked":["Prepared","Endless Agony"],"picked":"Cloak And Dagger+1","floor":39.0},{"not_picked":["Accuracy","Deadly Poison"],"picked":"Burst","floor":40},{"not_picked":["Deadly Poison+1","Poisoned Stab","Tactician"],"picked":"SKIP","floor":42},{"not_picked":["Deflect+1","Underhanded Strike+1","Wraith Form v2"],"picked":"SKIP","floor":44},{"not_picked":["Heel Hook+1","Underhanded Strike+1"],"picked":"Bouncing Flask","floor":45},{"not_picked":["Cloak And Dagger","Deflect","Deadly Poison"],"picked":"SKIP","floor":47},{"not_picked":["Corpse Explosion","Venomology","Quick Slash+1"],"picked":"SKIP","floor":48}],"player_experience":663778,"relics_obtained":[{"floor":7.0,"key":"Mummified Hand"},{"floor":9.0,"key":"War Paint"},{"floor":13.0,"key":"Meat on the Bone"},{"floor":26.0,"key":"Blue Candle"},{"floor":27.0,"key":"Ice Cream"},{"floor":36.0,"key":"Ginger"},{"floor":40,"key":"Mango"},{"floor":42,"key":"FossilizedHelix"},{"floor":43,"key":"MealTicket"},{"floor":44,"key":"Blood Vial"},{"floor":48,"key":"StrikeDummy"}],"event_choices":[{"damage_healed":0.0,"max_hp_gain":0.0,"max_hp_loss":5.0,"gold_gain":0.0,"event_name":"Golden Idol","player_choice":"Lose Max HP","floor":3.0,"gold_loss":0.0,"damage_taken":0.0,"relics_obtained":["Golden Idol"]},{"damage_healed":0.0,"max_hp_gain":0.0,"max_hp_loss":0.0,"gold_gain":0.0,"event_name":"Lab","player_choice":"Got Potions","floor":8.0,"gold_loss":0.0,"damage_taken":0.0},{"damage_healed":0.0,"max_hp_gain":0.0,"max_hp_loss":0.0,"gold_gain":0.0,"event_name":"Drug Dealer","player_choice":"Inject Mutagens","floor":19.0,"gold_loss":0.0,"damage_taken":0.0,"relics_obtained":["MutagenicStrength"]},{"damage_healed":0.0,"max_hp_gain":0.0,"max_hp_loss":0.0,"gold_gain":0.0,"event_name":"Duplicator","player_choice":"Copied","floor":20.0,"gold_loss":0.0,"damage_taken":0.0,"cards_obtained":["Footwork"]},{"damage_healed":0.0,"max_hp_gain":0.0,"max_hp_loss":0.0,"gold_gain":0.0,"event_name":"The Mausoleum","player_choice":"Ignored","floor":24.0,"gold_loss":0.0,"damage_taken":0.0},{"damage_healed":0.0,"max_hp_gain":0.0,"max_hp_loss":0.0,"gold_gain":0.0,"event_name":"FaceTrader","player_choice":"Leave","floor":25.0,"gold_loss":0.0,"damage_taken":0.0},{"cards_removed":["Reflex"],"damage_healed":13.0,"max_hp_gain":0.0,"max_hp_loss":0.0,"gold_gain":0.0,"event_name":"Bonfire Elementals","player_choice":"Offered Uncommon","floor":30.0,"gold_loss":0.0,"damage_taken":0.0},{"damage_healed":0.0,"max_hp_gain":0.0,"max_hp_loss":0.0,"gold_gain":0.0,"event_name":"MindBloom","player_choice":"Fight","floor":36.0,"gold_loss":0.0,"damage_taken":0.0},{"damage_healed":0.0,"max_hp_gain":0.0,"max_hp_loss":0.0,"gold_gain":333.0,"event_name":"The Moai Head","player_choice":"Gave Idol","floor":37.0,"relics_lost":["Golden Idol"],"gold_loss":0.0,"damage_taken":0.0}],"is_beta":false,"boss_relics":[{"not_picked":["Coffee Dripper","Sozu"],"picked":"Astrolabe"},{"not_picked":["Runic Dome","Busted Crown"],"picked":"SacredBark"}],"items_purged_floors":[2,29],"is_endless":false,"potions_floor_spawned":[1,11,12,14,18,22,33,39,40,44,47,48],"ascension_level":7}}