{"host":"a61r67bv2jut9r88","time":1608705111,"event":{"mods":["AchievementEnabler","BaseMod","Downfall","Minty Spire (QoL Compilation)","Replay The Spire","Shop Mod","StSLib","SuperFastMode"],"gold_per_floor":[111,111,111,36,36,69,103,114,114,214,239,253,280,39,39,135,135,155,1,13,26,39,39,64,93,144,81,81,6,36,36,36,132,132,143,194,106,22,22,48,0,0,0,0,0],"floor_reached":44,"playtime":1717,"items_purged":["Delirium","Decay","Injury","Injury","Clash"],"score":668,"play_id":"698f4a25-0ad3-4576-aec5-d12db543a2df","local_time":"20201223143151","daily_mods":["SealedDeck","Heirloom","Flight","downfall:Lament"],"is_ascension_mode":false,"campfire_choices":[{"data":"Run Through","floor":15,"key":"PURGE"},{"floor":23,"key":"REST"},{"data":"Barricade","floor":28,"key":"SMITH"},{"data":"Feel No Pain","floor":28,"key":"SMITH"},{"data":"Twin Strike","floor":32,"key":"PURGE"},{"data":"Juggernaut","floor":42,"key":"SMITH"},{"data":"Flex","floor":42,"key":"SMITH"}],"circlet_count":0,"master_deck":["Perfected Strike+1","True Grit","Pummel","Anger","ReplayTheSpireMod:Strike From Hell","Feel No Pain+1","Replay:Undeath\u0027s Touch+1","Warcry","Pummel","Flex+1","Defy Death","Barricade+1","Clash+1","Juggernaut+1","Intimidate","Flex+1","Dark Embrace+1"],"relics":["Burning Blood","NeowsBlessing","Charon\u0027s Ashes","Ring of Misfortune","Ring of Searing","TungstenRod","Pet Ghost","Mango","Oddly Smooth Stone","Blood Vial","Mummified Hand","Replay:Ancient Bell","Lantern","Replay:WaspNest","Replay:Arrowhead","Replay:Wax Seal","Membership Card","Meat on the Bone","Question Card","Toy Ornithopter","King of Hearts","Ooze Armor","Ginger","Molten Egg 2","Red Mask","Self Forming Clay"],"acts_visited":["Exordium","TheCity","TheBeyond"],"potions_floor_usage":[16,44],"damage_taken":[{"damage":0,"enemies":"Small Slimes","floor":1,"turns":1},{"damage":0,"enemies":"3 Sentries","floor":6,"turns":1},{"damage":0,"enemies":"Gremlin Nob","floor":7,"turns":1},{"damage":7,"enemies":"Jaw Worm","floor":8,"turns":2},{"damage":19,"enemies":"Lagavulin","floor":11,"turns":3},{"damage":0,"enemies":"2 Louse","floor":12,"turns":1},{"damage":8,"enemies":"3 Sentries","floor":13,"turns":3},{"damage":32,"enemies":"Hexaghost","floor":16,"turns":5},{"damage":6,"enemies":"Spheric Guardian","floor":18,"turns":3},{"damage":5,"enemies":"Shell Parasite","floor":20,"turns":3},{"damage":17,"enemies":"Snecko","floor":21,"turns":4},{"damage":16,"enemies":"Snake Plant","floor":22,"turns":3},{"damage":27,"enemies":"Book of Stabbing","floor":24,"turns":4},{"damage":28,"enemies":"Gremlin Leader","floor":25,"turns":4},{"damage":10,"enemies":"Replay:Snechameleon","floor":30,"turns":4},{"damage":33,"enemies":"Collector","floor":33,"turns":6},{"damage":20,"enemies":"3 Shapes","floor":35,"turns":3},{"damage":12,"enemies":"2 Orb Walkers","floor":36,"turns":3},{"damage":11,"enemies":"Orb Walker","floor":38,"turns":3},{"damage":8,"enemies":"R_Hoarder","floor":40,"turns":5},{"damage":199,"enemies":"Giant Head","floor":44,"turns":4}],"seed_played":"8311063392460839041","potions_obtained":[{"floor":1,"key":"Doom Potion"},{"floor":7,"key":"Dexterity Potion"},{"floor":12,"key":"Dexterity Potion"},{"floor":13,"key":"Fire Potion"},{"floor":20,"key":"LiquidMemories"}],"is_trial":true,"path_per_floor":["M","?","?","$","$","E","E","M","T","?","E","M","E","$","R","B",null,"M","$","M","M","M","R","E","E","T","$","R","$","E","?","R","B",null,"M","?","$","M","$","E","?","R","T","E"],"character_chosen":"IRONCLAD","items_purchased":["Mummified Hand","Replay:Wax Seal","Membership Card"],"campfire_rested":1,"item_purchase_floors":[14,19,19],"current_hp_per_floor":[80,64,64,64,64,70,76,75,89,89,76,82,80,80,80,56,94,94,94,94,83,75,94,73,65,65,65,65,65,63,63,63,50,94,80,76,76,73,73,73,73,73,73,0,0],"gold":0,"neow_bonus":"","is_daily":false,"chose_seed":false,"campfire_upgraded":4,"win_rate":0.0,"timestamp":1608705111,"path_taken":["M","?","?","$","$","E","E","?","T","?","E","M","E","$","R","BOSS","M","$","M","?","M","R","E","E","T","$","R","$","E","?","R","BOSS","M","?","$","M","$","E","?","R","T","E"],"items_purchased_type":["Relic","Relic","Relic"],"build_version":"2020-12-22","purchased_purges":5,"victory":false,"max_hp_per_floor":[80,80,80,80,80,80,80,80,94,94,94,94,94,94,94,94,94,94,94,94,94,94,94,94,94,94,94,94,94,94,94,94,94,94,94,94,94,94,94,94,94,94,94,94,94],"card_choices":[{"not_picked":["Perfected Strike","Rampage"],"picked":"Warcry","floor":1},{"not_picked":["Evolve","Bludgeon","Thunderclap"],"picked":"SKIP","floor":6},{"not_picked":["Headbutt","Shockwave"],"picked":"Pummel","floor":7},{"not_picked":["Pommel Strike","Dropkick"],"picked":"Flex","floor":8},{"not_picked":["Rupture","Pommel Strike","Iron Wave"],"picked":"SKIP","floor":11},{"not_picked":["Shrug It Off","Run Through","Replay:Undeath\u0027s Touch"],"picked":"SKIP","floor":12},{"not_picked":["Perfected Strike","Anger"],"picked":"Defy Death","floor":13},{"not_picked":["Immolate","Demonic Infusion"],"picked":"Barricade","floor":16},{"not_picked":["Guardian:Aged","Voices"],"picked":"Injury","floor":17},{"not_picked":["Languid","CurseOfTheBell"],"picked":"Decay","floor":17},{"not_picked":["ReplayTheSpireMod:IOU","Replay:Hysterical Blindness"],"picked":"Injury","floor":17},{"not_picked":["ReplayReversal","Havoc"],"picked":"Clash+1","floor":18},{"not_picked":["Warcry","Dropkick","Cleave"],"picked":"SKIP","floor":20},{"not_picked":["Defy Death","ReplayTheSpireMod:Limb From Limb","Clothesline+1"],"picked":"SKIP","floor":21},{"not_picked":["ReplayReversal+1","Power Through+1","Warcry"],"picked":"SKIP","floor":22},{"not_picked":["Anger","Armaments","Clothesline"],"picked":"SKIP","floor":24},{"not_picked":["Spot Weakness","Sever Soul","Replay:Undeath\u0027s Touch+1"],"picked":"SKIP","floor":25},{"not_picked":["ReplayTheSpireMod:Strike From Hell+1","Carnage","Disarm"],"picked":"Juggernaut","floor":30},{"not_picked":["True Grit+1","Pommel Strike+1","Headbutt+1","Clothesline"],"picked":"SKIP","floor":35},{"not_picked":["Perfected Strike","Sentinel","Twin Strike+1"],"picked":"Intimidate","floor":36},{"not_picked":["Anger","Searing Blow+1","Power Through"],"picked":"Flex+1","floor":38},{"not_picked":["Warcry+1","Rage+1","ReplayTheSpireMod:Muscle Training"],"picked":"Dark Embrace+1","floor":40}],"player_experience":411310,"relics_obtained":[{"floor":3,"key":"Ring of Misfortune"},{"floor":3,"key":"Ring of Searing"},{"floor":6,"key":"TungstenRod"},{"floor":7,"key":"Pet Ghost"},{"floor":9,"key":"Mango"},{"floor":11,"key":"Oddly Smooth Stone"},{"floor":13,"key":"Blood Vial"},{"floor":24,"key":"Meat on the Bone"},{"floor":25,"key":"Question Card"},{"floor":26,"key":"Toy Ornithopter"},{"floor":30,"key":"King of Hearts"},{"floor":36,"key":"Ginger"},{"floor":40,"key":"Molten Egg 2"},{"floor":43,"key":"Self Forming Clay"}],"event_choices":[{"damage_healed":0,"gold_gain":0,"player_choice":"Entered Light","damage_taken":16,"max_hp_gain":0,"max_hp_loss":0,"event_name":"Shining Light","floor":2,"gold_loss":0,"cards_upgraded":["Perfected Strike","Replay:Undeath\u0027s Touch"]},{"damage_healed":0,"gold_gain":100,"player_choice":"Pray","damage_taken":0,"max_hp_gain":0,"max_hp_loss":0,"event_name":"Golden Shrine","floor":10,"gold_loss":0},{"damage_healed":0,"gold_gain":0,"player_choice":"Fight","damage_taken":0,"max_hp_gain":0,"max_hp_loss":0,"event_name":"Mysterious Sphere","floor":36,"gold_loss":0},{"damage_healed":0,"gold_gain":0,"player_choice":"Paid","damage_taken":0,"relics_obtained":["Red Mask"],"max_hp_gain":0,"max_hp_loss":0,"event_name":"Tomb of Lord Red Mask","floor":41,"gold_loss":48}],"is_beta":false,"boss_relics":[{"not_picked":["Electric Blood","Snecko Heart"],"picked":"Replay:Ancient Bell"},{"not_picked":["PreservedInsect","ReplayTheSpireMod:TigerMarble"],"picked":"Lantern"},{"not_picked":["Frozen Egg 2","Paper Frog"],"picked":"Replay:WaspNest"},{"not_picked":["Champion Belt","champ:DeflectingBracers"],"picked":"Replay:Arrowhead"},{"not_picked":["Cursed Key","Calling Bell"],"picked":"Ooze Armor"}],"items_purged_floors":[4,19,27,29,37],"is_endless":false,"potions_floor_spawned":[1,7,12,13,20,21,25,33,36],"killed_by":"Giant Head","ascension_level":0}}