{"host":"j204k34h42bd6fas","time":1608744864,"event":{"mods":["Aspiration","BaseMod","Colored Map","Colored Powertips","Conspire","Energized Spire","Hubris","Infinite Spire","JesterMod","Mimic Mod","Minty Spire (QoL Compilation)","Rare Cards Sparkle","Relic Stats","Replay The Spire","Say the Spire","StSLib","The Cursed","The Marked"],"gold_per_floor":[114,114,114,8,8,40,315,343,369,61,71,71,102,119,215,312,312,332,342,257,271,282,316,316,351,351,351,364,364,364,403,403,508,508,538,538,538,83,116,116,116,116,170,170,26,54,54,106,106,122],"floor_reached":51,"playtime":1659,"items_purged":["Regret","Regret"],"score":820,"play_id":"8f53052a-cc5a-4448-bc47-cf00f5b52a77","local_time":"20201223123424","is_ascension_mode":true,"campfire_choices":[{"data":"Apotheosis","floor":12,"key":"SMITH"},{"data":"Havoc","floor":32,"key":"SMITH"},{"data":"Inflame","floor":40,"key":"SMITH"},{"data":"Bludgeon","floor":42,"key":"SMITH"},{"floor":49,"key":"REST"}],"circlet_count":0,"master_deck":["Strike_R","Strike_R","Strike_R","Strike_R","Strike_R","Defend_R","Defend_R","Defend_R","Defend_R","Bash+1","ReplayTheSpireMod:Strike From Hell","Warcry","Inflame+1","Reaper","Warcry","Apotheosis+1","Warcry","Havoc+1","Cleave","Massacre","Thunderclap","Immolate","Wild Strike","Shockwave","Spot Weakness","Cleave+1","Power Through","infinitespire:Starlight","Bludgeon+1","Battle Trance","Flex","Anger+1","Writhe","Ghostly Armor+1","Limit Break","Inflame+1","Offering","Inflame+1","ReplayTheSpireMod:Private Reserves","Trip","Exhume","ReplayTheSpireMod:Limb From Limb+1"],"relics":["Burning Blood","NeowsBlessing","conspire:DeflatedDodgeball","Pantograph","StrikeDummy","Bronze Scales","Paper Frog","energizedSpire:DeadBattery","infinitespire:Lucky Rock","Replay:Accelerometer","Frozen Egg 2","Pet Ghost","infinitespire:FocusingShard","Replay:Bandana","hubris:Backtick","Ice Cream","Vajra","aspiration:Lifesprig","infinitespire:Bottled Soul"],"acts_visited":["Exordium","TheCity","TheBeyond"],"potions_floor_usage":[22,22,22,22,23,25,28,33,33,35,48],"damage_taken":[{"damage":0,"enemies":"Cultist","floor":1,"turns":1},{"damage":0,"enemies":"3 Sentries","floor":6,"turns":2},{"damage":0,"enemies":"Gremlin Nob","floor":8,"turns":1},{"damage":2,"enemies":"2 Louse","floor":11,"turns":2},{"damage":20,"enemies":"Lagavulin","floor":13,"turns":6},{"damage":1,"enemies":"Small Slimes","floor":14,"turns":3},{"damage":38,"enemies":"The Guardian","floor":16,"turns":8},{"damage":0,"enemies":"Spheric Guardian","floor":18,"turns":3},{"damage":17,"enemies":"2 Thieves","floor":19,"turns":2},{"damage":18,"enemies":"Centurion and Healer","floor":21,"turns":4},{"damage":18,"enemies":"Snecko","floor":22,"turns":3},{"damage":47,"enemies":"Book of Stabbing","floor":23,"turns":4},{"damage":5,"enemies":"Replay:Snechameleon","floor":25,"turns":4},{"damage":31,"enemies":"Snake Plant","floor":28,"turns":3},{"damage":0,"enemies":"3 Cultists","floor":31,"turns":3},{"damage":69,"enemies":"hubris:MusketHawk","floor":33,"turns":8},{"damage":20,"enemies":"Orb Walker","floor":35,"turns":3},{"damage":6,"enemies":"3 Shapes","floor":39,"turns":3},{"damage":22,"enemies":"Transient","floor":46,"turns":5},{"damage":39,"enemies":"Reptomancer","floor":48,"turns":4},{"damage":50,"enemies":"Replay:Hell Engine","floor":50,"turns":7}],"seed_played":"-2492329548889867804","potions_obtained":[{"floor":1,"key":"conspire:TimeTravelPotion"},{"floor":8,"key":"GamblersBrew"},{"floor":16,"key":"EntropicBrew"},{"floor":23,"key":"Block Potion"},{"floor":25,"key":"Dexterity Potion"},{"floor":31,"key":"PowerPotion"},{"floor":35,"key":"Fruit Juice"},{"floor":39,"key":"BlessingOfTheForge"},{"floor":48,"key":"FearPotion"}],"is_trial":false,"path_per_floor":["M","?","?","$","?","E","?","E","T","$","M","R","E","M","R_BF","B",null,"M","M","?","M","M","E","AVR","E","T","?","M","?","?","M","R","B",null,"M","?","?","$","M","R","?","R","T","?","$","M","$","E","R","B",null],"character_chosen":"IRONCLAD","items_purchased":["Warcry","Inflame","Apotheosis","Warcry","Havoc","Vajra","Offering","Inflame+1","ReplayTheSpireMod:Private Reserves","Exhume"],"campfire_rested":1,"item_purchase_floors":[4,4,10,10,10,38,38,38,38,45],"current_hp_per_floor":[80,80,80,80,80,80,80,80,80,80,80,80,66,74,74,48,80,80,69,69,68,74,33,33,51,51,51,26,52,52,78,78,17,80,71,71,71,71,80,80,80,80,80,80,80,64,64,37,61,68],"gold":122,"neow_bonus":"THREE_ENEMY_KILL","is_daily":false,"chose_seed":false,"campfire_upgraded":4,"win_rate":0.0,"timestamp":1608744864,"path_taken":["M","?","?","$","?","E","?","E","T","$","M","R","E","?","R_BF","BOSS","M","M","?","M","M","E","AVR","E","T","?","?","?","?","M","R","BOSS","M","?","?","$","?","R","?","R","T","?","$","M","?","E","R","BOSS"],"items_purchased_type":["Card","Card","Card","Card","Card","Relic","Card","Card","Card","Card"],"build_version":"2020-12-22","purchased_purges":2,"victory":true,"max_hp_per_floor":[80,80,80,80,80,80,80,80,80,80,80,80,80,80,80,80,80,80,80,80,80,80,80,80,80,80,80,80,80,80,80,80,80,80,85,81,81,81,81,81,81,81,81,81,81,81,81,81,81,81],"relic_stats":{"counters":[21,79],"Pantograph":28,"Bronze Scales":[174],"obtain_stats":[{"Ice Cream":34,"Replay:Accelerometer":23,"aspiration:Lifesprig":43,"NeowsBlessing":0,"Vajra":38,"infinitespire:FocusingShard":26,"infinitespire:Lucky Rock":20,"Frozen Egg 2":24,"energizedSpire:DeadBattery":17,"Burning Blood":0,"Pet Ghost":25,"Replay:Bandana":30,"hubris:Backtick":34,"infinitespire:Bottled Soul":48,"Pantograph":6,"Bronze Scales":9,"conspire:DeflatedDodgeball":5,"StrikeDummy":8,"Paper Frog":13},{"Ice Cream":16,"Replay:Accelerometer":12,"aspiration:Lifesprig":18,"NeowsBlessing":0,"Vajra":17,"infinitespire:FocusingShard":13,"infinitespire:Lucky Rock":9,"Frozen Egg 2":12,"energizedSpire:DeadBattery":7,"Burning Blood":0,"Pet Ghost":13,"Replay:Bandana":14,"hubris:Backtick":16,"infinitespire:Bottled Soul":20,"Pantograph":2,"Bronze Scales":3,"conspire:DeflatedDodgeball":1,"StrikeDummy":3,"Paper Frog":5},{"Ice Cream":57,"Replay:Accelerometer":39,"aspiration:Lifesprig":63,"NeowsBlessing":0,"Vajra":60,"infinitespire:FocusingShard":43,"infinitespire:Lucky Rock":28,"Frozen Egg 2":39,"energizedSpire:DeadBattery":23,"Burning Blood":0,"Pet Ghost":43,"Replay:Bandana":46,"hubris:Backtick":57,"infinitespire:Bottled Soul":72,"Pantograph":3,"Bronze Scales":4,"conspire:DeflatedDodgeball":1,"StrikeDummy":4,"Paper Frog":12}],"Burning Blood":98},"card_choices":[{"not_picked":["True Grit","Clash"],"picked":"ReplayTheSpireMod:Strike From Hell","floor":1},{"not_picked":["Hemokinesis","Pommel Strike"],"picked":"Reaper","floor":6},{"not_picked":["Intimidate","Body Slam"],"picked":"Warcry","floor":8},{"not_picked":["Thunderclap","Reaper"],"picked":"Cleave","floor":11},{"not_picked":["True Grit","Replay:Undeath\u0027s Touch"],"picked":"Massacre","floor":13},{"not_picked":["Flex","Ghostly Armor"],"picked":"Thunderclap","floor":14},{"not_picked":["Exhume","Corruption"],"picked":"Immolate","floor":16},{"not_picked":["Perfected Strike+1","Defy Death"],"picked":"Wild Strike","floor":18},{"not_picked":["Clothesline","Shrug It Off"],"picked":"Shockwave","floor":19},{"not_picked":["Infernal Blade","Run Through"],"picked":"Spot Weakness","floor":21},{"not_picked":["Iron Wave","Corruption"],"picked":"Cleave+1","floor":22},{"not_picked":["Perfected Strike","ReplayTheSpireMod:Strike From Hell"],"picked":"Power Through","floor":23},{"not_picked":["Rampage","hubris:CleavingFinish"],"picked":"Bludgeon","floor":25},{"not_picked":["Run Through","Sever Soul"],"picked":"Anger+1","floor":28},{"not_picked":["ReplayTheSpireMod:Corrosion Curse+1","Metallicize+1"],"picked":"Ghostly Armor+1","floor":31},{"not_picked":["Juggernaut+1","Reaper"],"picked":"Limit Break","floor":33},{"not_picked":["Thunderclap","Warcry"],"picked":"Inflame+1","floor":35},{"not_picked":["Run Through","conspire:ExplosiveBarrier+1","ReplayReversal+1"],"picked":"SKIP","floor":39},{"not_picked":["Replay:Bootleg Shield Generator","ReplayTheSpireMod:Private Reserves"],"picked":"Trip","floor":44},{"not_picked":["ReplayTheSpireMod:Strike From Hell","Anger+1","Clash+1"],"picked":"SKIP","floor":46},{"not_picked":["Cleave","Shrug It Off+1"],"picked":"ReplayTheSpireMod:Limb From Limb+1","floor":48}],"player_experience":287175,"relics_obtained":[{"floor":6,"key":"Pantograph"},{"floor":8,"key":"StrikeDummy"},{"floor":9,"key":"Bronze Scales"},{"floor":13,"key":"Paper Frog"},{"floor":23,"key":"Replay:Accelerometer"},{"floor":25,"key":"Pet Ghost"},{"floor":26,"key":"infinitespire:FocusingShard"},{"floor":43,"key":"aspiration:Lifesprig"},{"floor":48,"key":"infinitespire:Bottled Soul"}],"event_choices":[{"damage_healed":0,"gold_gain":0,"player_choice":"Leave","damage_taken":0,"max_hp_gain":0,"max_hp_loss":0,"event_name":"The Cleric","floor":2,"gold_loss":0},{"damage_healed":0,"gold_gain":0,"player_choice":"Grow","damage_taken":0,"max_hp_gain":0,"max_hp_loss":0,"event_name":"Living Wall","floor":3,"gold_loss":0,"cards_upgraded":["Bash"]},{"damage_healed":0,"gold_gain":0,"player_choice":"Box","damage_taken":0,"relics_obtained":["conspire:DeflatedDodgeball"],"max_hp_gain":0,"max_hp_loss":0,"event_name":"Big Fish","floor":5,"gold_loss":0,"cards_obtained":["Regret"]},{"damage_healed":0,"gold_gain":275,"player_choice":"Desecrate","damage_taken":0,"max_hp_gain":0,"max_hp_loss":0,"event_name":"Golden Shrine","floor":7,"gold_loss":0,"cards_obtained":["Regret"]},{"damage_healed":0,"gold_gain":0,"player_choice":"Obtained Relic","damage_taken":0,"relics_obtained":["infinitespire:Lucky Rock"],"max_hp_gain":0,"max_hp_loss":0,"event_name":"Addict","floor":20,"gold_loss":85},{"damage_healed":0,"gold_gain":0,"player_choice":"2 cards matched","damage_taken":0,"max_hp_gain":0,"max_hp_loss":0,"event_name":"Match and Keep!","floor":27,"gold_loss":0,"cards_obtained":["Battle Trance","Flex"]},{"damage_healed":26,"gold_gain":0,"player_choice":"Heal","damage_taken":0,"max_hp_gain":0,"max_hp_loss":0,"event_name":"The Library","floor":29,"gold_loss":0},{"damage_healed":0,"gold_gain":0,"player_choice":"Opened","damage_taken":0,"relics_obtained":["Replay:Bandana"],"max_hp_gain":0,"max_hp_loss":0,"event_name":"The Mausoleum","floor":30,"gold_loss":0,"cards_obtained":["Writhe"]},{"damage_healed":0,"gold_gain":0,"player_choice":"Max HP","damage_taken":0,"max_hp_gain":0,"max_hp_loss":4,"event_name":"Winding Halls","floor":36,"gold_loss":0},{"damage_healed":0,"gold_gain":0,"player_choice":"Bought 0 Potions","damage_taken":0,"max_hp_gain":0,"max_hp_loss":0,"event_name":"The Woman in Blue","floor":37,"gold_loss":0},{"damage_healed":0,"gold_gain":0,"player_choice":"Memory 1","damage_taken":0,"max_hp_gain":0,"max_hp_loss":0,"event_name":"SensoryStone","floor":44,"gold_loss":0}],"is_beta":false,"boss_relics":[{"not_picked":["Black Blood","ReplayTheSpireMod:DimensionalGlitch"],"picked":"energizedSpire:DeadBattery"},{"not_picked":["aspiration:PoetsPen_weak","ChewingGum"],"picked":"hubris:Backtick"}],"items_purged_floors":[10,24],"is_endless":false,"potions_floor_spawned":[1,8,16,18,21,23,25,31,35,39,48],"ascension_level":4}}