{"host":"17j25xn3vk5d1e3v","time":1608753191,"event":{"mods":["AchievementEnabler","Act Like it!","BaseMod","GifTheSpireLib","Hermit","HexUI Lib","Hubris","Minty Spire (QoL Compilation)","Replay The Spire","StSLib"],"gold_per_floor":[112,131,149,165,184,211,227,262,288,288,300,300,73,105,105,210,210,228,327,340,340,51,128,128,201,201,232,232,232,259,292,292,391,391,449,449,463,463,544,570,570,428,498,498,512,531,156,172,172,172,172],"floor_reached":50,"playtime":2129,"items_purged":["Strike_B","Amnesia","Parasite"],"score":752,"play_id":"5db6b60b-0f5d-4fba-a905-7c2e77abe6f0","local_time":"20201223205311","is_ascension_mode":true,"campfire_choices":[{"floor":10,"key":"REST"},{"floor":15,"key":"DIG"},{"floor":24,"key":"REST"},{"floor":28,"key":"REST"},{"floor":29,"key":"DIG"},{"floor":32,"key":"DIG"},{"floor":41,"key":"DIG"},{"floor":49,"key":"RECALL"}],"circlet_count":0,"master_deck":["Strike_B+1","Strike_B","Strike_B+1","Defend_B","Defend_B","Defend_B","Defend_B","Zap+1","Dualcast","Reinforced Body+1","Melter","Redo","Ball Lightning","Panic Button","Storm+1","BootSequence","Capacitor","Coolheaded","Hologram","Electrodynamics+1","Sweeping Beam+1","Static Discharge","Time Bomb","Capacitor+1","Melter+1","Compile Driver","Thunder Strike","Tempest","Capacitor","Capacitor","Hologram","Capacitor+1"],"relics":["Cracked Core","Anchor","StoneCalendar","Replay:Rubber Ducky","WingedGreaves","PreservedInsect","Shovel","Regal Pillow","Ring of Chaos","ReplayTheSpireMod:Ring of Challenge","Ring of Misfortune","Blue Doll","Guide Book","Orichalcum","Bottled Tornado","Iron Hammer","Nunchaku","hubris:64BitClover","Red Mask","Meat on the Bone","Boot","Busted Crown","Ice Cream","Whetstone","Bag of Preparation","ReplayTheSpireMod:Lightbulb"],"acts_visited":["Exordium","TheCity","TheBeyond"],"potions_floor_usage":[16,16,23,39,40,50],"damage_taken":[{"damage":1,"enemies":"Cultist","floor":1,"turns":3},{"damage":0,"enemies":"2 Louse","floor":2,"turns":2},{"damage":0,"enemies":"Small Slimes","floor":3,"turns":4},{"damage":3,"enemies":"3 Louse","floor":4,"turns":3},{"damage":6,"enemies":"Looter","floor":5,"turns":2},{"damage":14,"enemies":"Gremlin Nob","floor":6,"turns":3},{"damage":7,"enemies":"Exordium Thugs","floor":7,"turns":3},{"damage":31,"enemies":"3 Sentries","floor":8,"turns":8},{"damage":0,"enemies":"2 Fungi Beasts","floor":11,"turns":4},{"damage":0,"enemies":"Replay:BlueRogue","floor":14,"turns":4},{"damage":15,"enemies":"Fading Forest","floor":16,"turns":11},{"damage":1,"enemies":"Shell Parasite","floor":18,"turns":4},{"damage":1,"enemies":"Chosen","floor":20,"turns":6},{"damage":53,"enemies":"Book of Stabbing","floor":23,"turns":7},{"damage":11,"enemies":"Slavers","floor":25,"turns":5},{"damage":21,"enemies":"Book of Stabbing","floor":27,"turns":7},{"damage":0,"enemies":"Masked Bandits","floor":30,"turns":2},{"damage":3,"enemies":"Gremlin Leader","floor":31,"turns":4},{"damage":3,"enemies":"Automaton","floor":33,"turns":8},{"damage":0,"enemies":"3 Shapes","floor":35,"turns":2},{"damage":0,"enemies":"3 Darklings","floor":37,"turns":2},{"damage":3,"enemies":"2 Orb Walkers","floor":39,"turns":3},{"damage":30,"enemies":"Nemesis","floor":40,"turns":5},{"damage":7,"enemies":"Writhing Mass","floor":45,"turns":4},{"damage":0,"enemies":"Maw","floor":46,"turns":5},{"damage":0,"enemies":"Sphere and 2 Shapes","floor":48,"turns":3},{"damage":54,"enemies":"Donu and Deca","floor":50,"turns":6}],"seed_played":"6225007057952116707","potions_obtained":[{"floor":1,"key":"Languid Potion"},{"floor":6,"key":"FocusPotion"},{"floor":11,"key":"Ancient Potion"},{"floor":14,"key":"LifebloodPotion"},{"floor":25,"key":"Fire Potion"},{"floor":27,"key":"PowerPotion"},{"floor":39,"key":"Weak Potion"},{"floor":46,"key":"ColorlessPotion"}],"is_trial":false,"path_per_floor":["M","M","M","M","M","E","M","E","T","R","M","?","$","E","R","B",null,"M","?","M","?","$","E","R","E","T","E","R","R","?","E","R","B",null,"M","?","M","?","?","E","R","$","T","?","M","M","$","M","R","B"],"character_chosen":"DEFECT","items_purchased":["PreservedInsect","Blue Doll","Guide Book","Capacitor","ReplayTheSpireMod:Lightbulb","Capacitor+1"],"campfire_rested":3,"item_purchase_floors":[13,22,22,42,47,47],"current_hp_per_floor":[74,74,74,71,65,51,44,13,13,35,35,32,32,32,32,27,75,74,74,73,73,73,20,57,46,46,25,62,62,62,59,59,56,75,75,75,75,71,68,38,38,38,38,38,43,43,43,43,43,0,0],"gold":172,"neow_bonus":"UPGRADE_CARD","is_daily":false,"chose_seed":false,"campfire_upgraded":0,"win_rate":0.0,"timestamp":1608753191,"path_taken":["M","M","?","M","M","E","M","E","T","R","M","?","$","E","R","BOSS","M","?","M","?","$","E","R","E","T","E","R","R","?","E","R","BOSS","M","?","M","?","?","E","R","?","T","?","M","M","$","M","R","BOSS"],"items_purchased_type":["Relic","Relic","Relic","Card","Relic","Card"],"build_version":"2020-12-22","purchased_purges":3,"victory":false,"max_hp_per_floor":[75,75,75,75,75,75,75,75,75,75,75,75,75,75,75,75,75,75,75,75,75,75,75,75,75,75,75,75,75,75,75,75,75,75,75,75,75,71,71,71,71,71,71,71,71,71,68,68,68,68,68],"card_choices":[{"not_picked":["ReplayTheSpireMod:System Scan","Rebound"],"picked":"Reinforced Body","floor":1},{"not_picked":["ReplayTheSpireMod:GoodbyeWorld","Cold Snap"],"picked":"Melter","floor":2},{"not_picked":["Leap","Reprogram"],"picked":"Redo","floor":3},{"not_picked":["Rebound","Streamline"],"picked":"Ball Lightning","floor":4},{"not_picked":["Beam Cell","Go for the Eyes"],"picked":"Panic Button","floor":5},{"not_picked":["Conserve Battery","Hologram"],"picked":"Storm","floor":6},{"not_picked":["Auto Shields","Chill"],"picked":"BootSequence","floor":7},{"not_picked":["Reprogram","Core Surge"],"picked":"Capacitor","floor":8},{"not_picked":["Stack","Gash"],"picked":"Coolheaded","floor":11},{"not_picked":["Go for the Eyes","ReplayTheSpireMod:Reroute Power"],"picked":"Hologram","floor":14},{"not_picked":["hubris:SpecializedCircuitry","Biased Cognition"],"picked":"Electrodynamics","floor":16},{"not_picked":["Compile Driver","Glacier"],"picked":"Sweeping Beam+1","floor":18},{"not_picked":["BasicCrystalCard","FTL"],"picked":"Static Discharge","floor":20},{"not_picked":["Chill+1","Beam Cell"],"picked":"Time Bomb","floor":23},{"not_picked":["Stack","Multi-Cast"],"picked":"Capacitor+1","floor":25},{"not_picked":["Cold Snap","Gash"],"picked":"Melter+1","floor":27},{"not_picked":["Leap","Steam"],"picked":"Compile Driver","floor":30},{"not_picked":["Gash","Rebound","Sweeping Beam"],"picked":"SKIP","floor":31},{"not_picked":["Amplify","Seek"],"picked":"Thunder Strike","floor":33},{"not_picked":["Coolheaded+1"],"picked":"SKIP","floor":35},{"not_picked":[],"picked":"Tempest","floor":37},{"not_picked":["Steam"],"picked":"SKIP","floor":40},{"not_picked":["Chaos"],"picked":"SKIP","floor":45},{"not_picked":[],"picked":"Hologram","floor":46},{"not_picked":["FTL+1"],"picked":"SKIP","floor":48}],"player_experience":191636,"relics_obtained":[{"floor":6,"key":"Anchor"},{"floor":8,"key":"StoneCalendar"},{"floor":9,"key":"Replay:Rubber Ducky"},{"floor":14,"key":"Shovel"},{"floor":15,"key":"Regal Pillow"},{"floor":21,"key":"ReplayTheSpireMod:Ring of Challenge"},{"floor":21,"key":"Ring of Misfortune"},{"floor":23,"key":"Orichalcum"},{"floor":25,"key":"Bottled Tornado"},{"floor":26,"key":"Iron Hammer"},{"floor":27,"key":"Nunchaku"},{"floor":29,"key":"hubris:64BitClover"},{"floor":30,"key":"Red Mask"},{"floor":31,"key":"Meat on the Bone"},{"floor":32,"key":"Boot"},{"floor":39,"key":"Ice Cream"},{"floor":40,"key":"Whetstone"},{"floor":41,"key":"Bag of Preparation"}],"event_choices":[{"damage_healed":0,"gold_gain":0,"player_choice":"Success","damage_taken":3,"relics_obtained":["WingedGreaves"],"max_hp_gain":0,"max_hp_loss":0,"event_name":"Scrap Ooze","floor":12,"gold_loss":0},{"damage_healed":0,"gold_gain":99,"player_choice":"Stole From Cult","damage_taken":0,"max_hp_gain":0,"max_hp_loss":0,"event_name":"Nest","floor":19,"gold_loss":0},{"damage_healed":0,"gold_gain":0,"player_choice":"Fought Bandits","damage_taken":0,"max_hp_gain":0,"max_hp_loss":0,"event_name":"Masked Bandits","floor":30,"gold_loss":0},{"damage_healed":0,"gold_gain":0,"player_choice":"Max HP","damage_taken":0,"max_hp_gain":0,"max_hp_loss":4,"event_name":"Winding Halls","floor":38,"gold_loss":0},{"damage_healed":0,"gold_gain":0,"player_choice":"Fight","damage_taken":0,"max_hp_gain":0,"max_hp_loss":0,"event_name":"Mysterious Sphere","floor":39,"gold_loss":0},{"damage_healed":0,"gold_gain":0,"player_choice":"Memory 1","damage_taken":0,"max_hp_gain":0,"max_hp_loss":0,"event_name":"SensoryStone","floor":44,"gold_loss":0}],"is_beta":false,"boss_relics":[{"not_picked":["hubris:RunicObelisk","Nuclear Battery"],"picked":"Ring of Chaos"},{"not_picked":["hubris:TerracottaHorce","Tiny House"],"picked":"Busted Crown"}],"items_purged_floors":[13,42,47],"is_endless":false,"potions_floor_spawned":[1,6,11,14,16,20,25,27,39,46],"killed_by":"Donu and Deca","ascension_level":2}}