{"host":"nox","time":1608703600,"event":{"mods":["Aspiration","BaseMod","Better Third Choice","Colored Powertips","Conspire","Hubris","Infinite Spire","Minty Spire (QoL Compilation)","Quick Restart","Rare Cards Sparkle","Replay The Spire","Shop Mod","Spikes Relics","StSLib","SuperFastMode","The Alterego","vexMod"],"gold_per_floor":[111,131,59,69,81,81,106,121,145,173,216,245,298,310,322,432,444,470,482,512,544,569,611,623,670,706,718,765,777,840,867,879,992,1004,1035,1065,1094,327,340,340,358,358,382,394,424,424,434,466,466,466,466,466,73,105,105],"floor_reached":56,"playtime":5320,"items_purged":[],"score":1620,"play_id":"9f997f95-6f8e-430d-a549-f1f0de82183e","local_time":"20201223130640","is_ascension_mode":true,"campfire_choices":[{"data":"ReplayTheSpireMod:Scrap Shanks","floor":6.0,"key":"SMITH"},{"data":"ShadowRift","floor":15.0,"key":"SMITH"},{"floor":24.0,"key":"REST"},{"floor":32.0,"key":"REST"},{"floor":40.0,"key":"REST"},{"floor":49.0,"key":"RECALL"},{"data":"infinitespire:UltimateForm","floor":52,"key":"SMITH"}],"circlet_count":0,"master_deck":["Strike_G","Strike_G","Strike_G","Strike_G","Strike_G","Defend_G","Defend_G","Defend_G","Defend_G","Defend_G","Survivor+1","Neutralize","Cloak And Dagger","Flying Knee","ReplayTheSpireMod:Scrap Shanks+1","Prepared","Venomology","ShadowRift+1","Prepared","Terror","After Image+1","infinitespire:UltimateForm+1","infinitespire:Neurotoxin","Unload","After Image","Malaise","Outmaneuver","After Image","ReplayTheSpireMod:Scrap Shanks","Backflip+1","Slice+1","Acrobatics+1","ReplayTheSpireMod:Scrap Shanks","Blade Dance+1","Calculated Gamble","ReplayTheSpireMod:Exploit Weakness+1","ReplayTheSpireMod:From All Sides","Sneak Up+1","Envenom"],"relics":["Snecko Scales","Replay:Towering Pillar of Hats","Lantern","hubris:Towel","Replay:Bronze Core","vexMod:HeadHunter","ReplayFunnel","ShockBauble","aspiration:Lifesprig","Gremlin Food","hubris:EmptyBottle","vexMod:RetaliationKit","SpikesRelics:ToyHorsey","PreservedInsect","Paper Crane","MerchantsRug","conspire:Dentures","ReplayTheSpireMod:Shallot"],"acts_visited":["Exordium","TheCity","TheBeyond","TheEnding"],"potions_floor_usage":[50,50,50,55,55,55,55],"damage_taken":[{"damage":0.0,"enemies":"Jaw Worm","floor":1.0,"turns":4.0},{"damage":0.0,"enemies":"Small Slimes","floor":2.0,"turns":3.0},{"damage":0.0,"enemies":"2 Louse","floor":4.0,"turns":2.0},{"damage":0.0,"enemies":"Looter","floor":5.0,"turns":2.0},{"damage":0.0,"enemies":"Gremlin Nob","floor":7.0,"turns":2.0},{"damage":7.0,"enemies":"Blue Slaver","floor":8.0,"turns":2.0},{"damage":0.0,"enemies":"Large Slime","floor":10.0,"turns":3.0},{"damage":0.0,"enemies":"3 Sentries","floor":11.0,"turns":4.0},{"damage":6.0,"enemies":"Lots of Slimes","floor":12.0,"turns":4.0},{"damage":24.0,"enemies":"The Guardian","floor":16.0,"turns":6.0},{"damage":8.0,"enemies":"2 Thieves","floor":18.0,"turns":4.0},{"damage":0.0,"enemies":"3 Byrds","floor":20.0,"turns":4.0},{"damage":20.0,"enemies":"Shelled Parasite and Fungi","floor":21.0,"turns":3.0},{"damage":6.0,"enemies":"Centurion and Healer","floor":22.0,"turns":5.0},{"damage":28.0,"enemies":"Slavers","floor":23.0,"turns":5.0},{"damage":4.0,"enemies":"conspire:SneckoGhost","floor":25.0,"turns":5.0},{"damage":17.0,"enemies":"Slavers","floor":28.0,"turns":5.0},{"damage":0.0,"enemies":"Snake Plant","floor":31.0,"turns":4.0},{"damage":3.0,"enemies":"Collector","floor":33.0,"turns":7.0},{"damage":25.0,"enemies":"3 Darklings","floor":35.0,"turns":6.0},{"damage":0.0,"enemies":"Orb Walker","floor":36.0,"turns":3.0},{"damage":27.0,"enemies":"4 Shapes","floor":37.0,"turns":5.0},{"damage":15.0,"enemies":"Jaw Worm Horde","floor":39.0,"turns":3.0},{"damage":0.0,"enemies":"Maw","floor":41.0,"turns":4.0},{"damage":9.0,"enemies":"Spire Growth","floor":44.0,"turns":4.0},{"damage":0.0,"enemies":"Giant Head","floor":45.0,"turns":4.0},{"damage":0.0,"enemies":"Transient","floor":47.0,"turns":5.0},{"damage":1.0,"enemies":"R_Hoarder","floor":48.0,"turns":4.0},{"damage":34,"enemies":"conspire:OrnateMirror","floor":50,"turns":5},{"damage":8,"enemies":"Shield and Spear","floor":54,"turns":4},{"damage":28,"enemies":"The Heart","floor":55,"turns":6}],"seed_played":"2600920386407802342","potions_obtained":[{"floor":1.0,"key":"Dexterity Potion"},{"floor":4.0,"key":"PowerPotion"},{"floor":8.0,"key":"Swift Potion"},{"floor":12.0,"key":"PowerPotion"},{"floor":13.0,"key":"CunningPotion"},{"floor":18.0,"key":"DuplicationPotion"},{"floor":20.0,"key":"Ancient Potion"},{"floor":23.0,"key":"LiquidBronze"},{"floor":33.0,"key":"Weak Potion"},{"floor":35.0,"key":"PowerPotion"},{"floor":41.0,"key":"LiquidMemories"},{"floor":45.0,"key":"Venom Potion"}],"is_trial":false,"path_per_floor":["M","M","$","M","M","R","E","M","T","M","E","M","?","?","R","B",null,"M","AVR","M","M","M","E","R","E","T","?","E","?","T","M","R","B",null,"M","M","M","$","M","R","M","?","T","M","E","?","M","E","R","B",null,"R","$","E","B",null],"character_chosen":"THE_SILENT","items_purchased":["ReplayTheSpireMod:Scrap Shanks","hubris:EmptyBottle","ReplayTheSpireMod:Scrap Shanks","vexMod:RetaliationKit","Gremlin Horn","Paper Crane","MerchantsRug","conspire:Dentures"],"campfire_rested":3,"item_purchase_floors":[3,38,38,38,38,53,53,53],"current_hp_per_floor":[70,70,70,70,70,70,70,63,63,63,63,57,40,40,40,16,70,62,62,62,42,36,8,29,25,25,25,8,15,15,15,36,33,100,75,75,48,48,33,63,63,63,63,54,54,54,54,53,53,19,100,100,100,92,64],"gold":105,"neow_bonus":"BOSS_RELIC","is_daily":false,"chose_seed":false,"campfire_upgraded":3,"win_rate":0.0,"timestamp":1608703600,"path_taken":["M","M","$","M","M","R","E","M","T","M","E","M","?","?","R","BOSS","M","AVR","M","M","M","E","R","E","T","?","E","?","?","M","R","BOSS","M","M","M","$","M","R","M","?","T","?","E","?","?","E","R","BOSS","R","$","E","BOSS"],"items_purchased_type":["Card","Relic","Card","Relic","Relic","Relic","Relic","Relic"],"build_version":"2020-11-17","purchased_purges":0,"victory":true,"max_hp_per_floor":[70,70,70,70,70,70,70,70,70,70,70,70,70,70,70,70,70,70,70,70,70,70,70,70,70,70,70,70,70,70,70,70,70,100,100,100,100,100,100,100,100,100,100,100,100,100,100,100,100,100,100,100,100,100,100],"card_choices":[{"not_picked":["Slice","Deadly Poison"],"picked":"Cloak And Dagger","floor":1.0},{"not_picked":["InfectiousVector","Bouncing Flask"],"picked":"Flying Knee","floor":2.0},{"not_picked":["Acrobatics","Blade Dance"],"picked":"Prepared","floor":4.0},{"not_picked":["Acrobatics","Dodge and Roll","Blade Dance"],"picked":"SKIP","floor":5.0},{"not_picked":["Endless Agony","Sucker Punch"],"picked":"Venomology","floor":7.0},{"not_picked":["Deadly Poison","Cloak And Dagger","Outmaneuver"],"picked":"SKIP","floor":8.0},{"not_picked":["Replay:Poison Smokescreen","Riddle With Holes","Toxin Wave"],"picked":"SKIP","floor":10.0},{"not_picked":["Dodge and Roll","Sucker Punch"],"picked":"ShadowRift","floor":11.0},{"not_picked":["Bane","hubris:SlightOfHand"],"picked":"Prepared","floor":12.0},{"not_picked":["Prepared","Calculated Gamble"],"picked":"Terror","floor":13.0},{"not_picked":["Malaise","Burst"],"picked":"After Image","floor":16.0},{"not_picked":["Dagger Spray","Tactician","Sucker Punch"],"picked":"SKIP","floor":18.0},{"not_picked":["Well Laid Plans","Riddle With Holes"],"picked":"infinitespire:Neurotoxin","floor":20.0},{"not_picked":["PiercingWail","Blade Dance","Dagger Spray"],"picked":"SKIP","floor":21.0},{"not_picked":["Dodge and Roll+1","Setup"],"picked":"Unload","floor":22.0},{"not_picked":["Malaise","Unload"],"picked":"After Image","floor":23.0},{"not_picked":["Slice+1","conspire:DoublingDagger+1"],"picked":"Malaise","floor":23.0},{"not_picked":["Hidden Blade","Draining Mist"],"picked":"Outmaneuver","floor":25.0},{"not_picked":["Atom Bomb","aspiration:Lunge","ReplayTheSpireMod:Necrosis"],"picked":"SKIP","floor":25.0},{"not_picked":["Replay:Bag of Tricks","Poison Darts"],"picked":"After Image","floor":28.0},{"not_picked":["Dodge and Roll","Accuracy"],"picked":"ReplayTheSpireMod:Scrap Shanks","floor":28.0},{"not_picked":["Backflip","Dagger Throw","Tactician"],"picked":"SKIP","floor":31.0},{"not_picked":["PiercingWail+1","Escape Plan"],"picked":"Backflip+1","floor":35.0},{"not_picked":["Endless Agony+1","hubris:Counter"],"picked":"Slice+1","floor":36.0},{"not_picked":["Quick Slash","ShadowRift+1"],"picked":"Acrobatics+1","floor":37.0},{"not_picked":["Underhanded Strike+1","Toxin Wave"],"picked":"Blade Dance+1","floor":39.0},{"not_picked":["hubris:SlightOfHand","Slice"],"picked":"Calculated Gamble","floor":40.0},{"not_picked":["hubris:SlightOfHand+1","Footwork+1","Dodge and Roll"],"picked":"SKIP","floor":41.0},{"not_picked":["hubris:Counter","ReplayTheSpireMod:Speed Training+1","Deflect+1"],"picked":"SKIP","floor":44.0},{"not_picked":["Adrenaline","Tools of the Trade","aspiration:Lunge"],"picked":"SKIP","floor":45.0},{"not_picked":["Poisoned Stab","Slice","Burst"],"picked":"SKIP","floor":45.0},{"not_picked":["Flying Knee+1","Choke+1"],"picked":"ReplayTheSpireMod:Exploit Weakness+1","floor":47.0},{"not_picked":["Malaise","Adrenaline"],"picked":"ReplayTheSpireMod:From All Sides","floor":48.0},{"not_picked":["Cloak And Dagger","Quick Slash"],"picked":"Sneak Up+1","floor":48.0},{"not_picked":["Glass Knife","ReplayTheSpireMod:Necrosis"],"picked":"Envenom","floor":54},{"not_picked":["Predator","ReplayTheSpireMod:The Works","Bouncing Flask"],"picked":"SKIP","floor":54}],"player_experience":237442,"relics_obtained":[{"floor":7.0,"key":"Replay:Towering Pillar of Hats"},{"floor":9.0,"key":"MawBank"},{"floor":11.0,"key":"Lantern"},{"floor":23.0,"key":"ReplayFunnel"},{"floor":25.0,"key":"ShockBauble"},{"floor":26.0,"key":"aspiration:Lifesprig"},{"floor":28.0,"key":"Gremlin Food"},{"floor":30.0,"key":"Dream Catcher"},{"floor":45.0,"key":"SpikesRelics:ToyHorsey"},{"floor":48.0,"key":"PreservedInsect"},{"floor":54,"key":"ReplayTheSpireMod:Shallot"}],"event_choices":[{"damage_healed":0.0,"max_hp_gain":0.0,"max_hp_loss":0.0,"gold_gain":0.0,"event_name":"Match and Keep!","player_choice":"0 cards matched","floor":42.0,"gold_loss":0.0,"damage_taken":0.0,"cards_obtained":[]},{"damage_healed":0.0,"max_hp_gain":0.0,"max_hp_loss":0.0,"gold_gain":0.0,"event_name":"Purifier","player_choice":"Ignored","floor":46.0,"gold_loss":0.0,"damage_taken":0.0}],"is_beta":true,"boss_relics":[{"not_picked":["vexMod:MegatonBomb","Astrolabe"],"picked":"Replay:Bronze Core"},{"not_picked":["Sozu","CosmicIsotope"],"picked":"vexMod:BigBerry"}],"items_purged_floors":[],"is_endless":false,"potions_floor_spawned":[1,4,8,12,18,20,21,23,33,35,41,44,45,54],"ascension_level":4}}