{"host":"byu8oejwd0fdcxn8","time":1608717652,"event":{"mods":["Act Like it!","Arknights The Spire","Aspiration","Astrologer","BaseMod","Colored Map","Lobotomy","LobotomyExtend","Minty Spire (QoL Compilation)","StSLib"],"gold_per_floor":[110,110,110,28,28,28,45,45,100,100,126,140,164,11,11,11,11],"floor_reached":16,"playtime":410,"items_purged":[],"score":86,"play_id":"9dad061d-7635-4971-94f3-6f3fd8af312d","local_time":"20201223190052","is_ascension_mode":false,"campfire_choices":[{"floor":15,"key":"REST"}],"circlet_count":0,"master_deck":["ats:Powerful Strike+1","ats:Powerful Strike","ats:Powerful Strike","ats:Armor Crushing Shot","ats:Defend Up","ats:Defend Up","ats:Defend Up+1","ats:Defend Up","ats:Emotion Absorption","ats:Emotion Absorption","ats:Very Hot Blade","ats:Counter Healing Mode","ats:Support Order+1","ats:Explosion Area Strengthen","ats:Consecutive Shot: Auto","ats:Consecutive Shot: Auto"],"relics":["ats:Sanity","aspiration:Nostalgia","PureWater","LetterFromLob","aspiration:StickyExplosives_weak","ats:Originium","Dream Catcher","ats:Originium","Odd Mushroom","Nunchaku","Boot"],"acts_visited":["Exordium"],"potions_floor_usage":[16],"damage_taken":[{"damage":0,"enemies":"Small Slimes","floor":1,"turns":2},{"damage":11,"enemies":"Jaw Worm","floor":7,"turns":3},{"damage":26,"enemies":"The Mushroom Lair","floor":11,"turns":4},{"damage":0,"enemies":"2 Louse","floor":12,"turns":3},{"damage":25,"enemies":"The Guardian","floor":16,"turns":13}],"seed_played":"-1380211065492657431","potions_obtained":[{"floor":7,"key":"LiquidBronze"}],"is_trial":false,"path_per_floor":["M","?","?","$","$","R","M","?","T","R","?","M","T","$","R","B"],"character_chosen":"DOCTOR_CLASS","items_purchased":["ats:Counter Healing Mode","Boot"],"campfire_rested":1,"item_purchase_floors":[4,14],"current_hp_per_floor":[72,54,40,40,40,40,29,29,29,29,3,3,3,3,24,0,0],"gold":11,"neow_bonus":"NOSTALGIA","is_daily":false,"chose_seed":false,"campfire_upgraded":0,"win_rate":0.0,"timestamp":1608717652,"path_taken":["M","?","?","?","$","R","M","?","T","R","?","M","?","$","R","BOSS"],"items_purchased_type":["Card","Relic"],"build_version":"2020-12-22","purchased_purges":0,"victory":false,"max_hp_per_floor":[72,72,72,72,72,72,72,72,72,72,72,72,72,72,72,72,72],"card_choices":[{"not_picked":["ats:Shell Defense","ats:Consecutive Shot: Auto"],"picked":"ats:Very Hot Blade","floor":1},{"not_picked":["ats:Revitalization","ats:Shell Defense"],"picked":"ats:Support Order","floor":7},{"not_picked":["ats:Counter Healing Mode","ats:Encircling Forest"],"picked":"ats:Explosion Area Strengthen","floor":11},{"not_picked":["ats:Attack Strengthen","ats:Shadow Raid"],"picked":"ats:Consecutive Shot: Auto","floor":12},{"not_picked":["ats:Blood Oath","ats:Assault Order"],"picked":"ats:Consecutive Shot: Auto","floor":15}],"player_experience":1068769,"relics_obtained":[{"floor":1,"key":"LetterFromLob"},{"floor":6,"key":"ats:Originium"},{"floor":9,"key":"Dream Catcher"},{"floor":10,"key":"ats:Originium"},{"floor":11,"key":"Odd Mushroom"},{"floor":13,"key":"Nunchaku"}],"event_choices":[{"damage_healed":0,"gold_gain":0,"player_choice":"Success","damage_taken":18,"relics_obtained":["aspiration:StickyExplosives_weak"],"max_hp_gain":0,"max_hp_loss":0,"event_name":"Scrap Ooze","floor":2,"gold_loss":0},{"damage_healed":0,"gold_gain":0,"player_choice":"Entered Light","damage_taken":14,"max_hp_gain":0,"max_hp_loss":0,"event_name":"Shining Light","floor":3,"gold_loss":0,"cards_upgraded":["ats:Powerful Strike","ats:Defend Up"]},{"damage_healed":0,"gold_gain":0,"player_choice":"Grow","damage_taken":0,"max_hp_gain":0,"max_hp_loss":0,"event_name":"Living Wall","floor":8,"gold_loss":0,"cards_upgraded":["ats:Support Order"]},{"damage_healed":0,"gold_gain":0,"player_choice":"Fought Mushrooms","damage_taken":0,"max_hp_gain":0,"max_hp_loss":0,"event_name":"Mushrooms","floor":11,"gold_loss":0}],"is_beta":false,"boss_relics":[],"items_purged_floors":[],"is_endless":false,"potions_floor_spawned":[7],"killed_by":"The Guardian","ascension_level":0}}