{"host":"rwzz6mk6bpmb57ql","time":1608698539,"event":{"mods":["AchievementEnabler","BaseMod","BetterRewards","Colored Map","Highlight Path","Hubris","Minty Spire (QoL Compilation)","Replay The Spire","StSLib"],"gold_per_floor":[6117,6129,6129,6129,6141,6141,6171,5297,5297,5323,4262,4187,4142,4158,4158,4233,4233,4252,4252,4279,4292,3891,3919,3919,3377,3377,3402,3402,3372,3372,3386,3386,3457,3457,3477,2973,2989,3016,2552,2577,2597,2623,2623,2623,2637,2668,2668,2678,2678,2678,2678,2678,2281,2315,2317],"floor_reached":56,"playtime":3100,"items_purged":["Strike_R","Strike_R","Flex","Strike_R","Bash+1","Defend_R"],"score":2662,"play_id":"f5a67ca4-c0e3-4034-a94f-e47377b9e615","local_time":"20201222224219","is_ascension_mode":true,"campfire_choices":[{"floor":6.0,"key":"RECALL"},{"data":"hubris:EnhanceAbility","floor":15.0,"key":"SMITH"},{"data":"Berserk","floor":24,"key":"SMITH"},{"data":"Body Slam","floor":28,"key":"SMITH"},{"data":"Entrench","floor":30,"key":"SMITH"},{"data":"ReplayUltimateDefense","floor":32,"key":"SMITH"},{"data":"ReplayUltimateDefense","floor":44,"key":"SMITH"},{"data":"Shockwave","floor":49,"key":"SMITH"},{"data":"Entrench","floor":52,"key":"SMITH"}],"circlet_count":0,"master_deck":["AscendersBane","ReplayTheSpireMod:Stacked","ReplayUltimateDefense+1","Entrench+1","Shrug It Off","Shockwave+1","Shrug It Off","hubris:EnhanceAbility+1","Body Slam+1","Flame Barrier","Berserk+1","ReplayTheSpireMod:Stacked","Flame Barrier","Entrench+1","Barricade+1","ReplayUltimateDefense+1","ReplayUltimateDefense+1","Berserk+1"],"relics":["Burning Blood","Potion Belt","hubris:TinFlute","Replay:WaspNest","hubris:EmptyBottle","Red Skull","Orrery","WingedGreaves","Meat on the Bone","Empty Cage","Lantern","Red Mask","Potion Belt","Replay:Accelerometer","Membership Card","Dream Catcher","Blue Candle","ReplayFunnel","Darkstone Periapt","hubris:Backtick","Mummified Hand","Turnip","Garlic","DollysMirror","Bronze Scales","hubris:TenFootPole","Replay:Rubber Ducky","OrangePellets","Kunai","Toy Ornithopter","hubris:ToyBattleship","hubris:Metronome","Replay:Bandana","Blood Vial","Guide Book","Oddly Smooth Stone"],"acts_visited":[],"potions_floor_usage":[18,18,20,20,23,27,27,27,27,27,31,31,31,31,31,31,31,31,31,31,31,31,31,31,31,31,31,31,31,31,31,31,33,33,33,33,35,40,40,41,41,45,45,50,50,54,54,54,54,55,55,55,55,55],"damage_taken":[{"damage":12.0,"enemies":"Small Slimes","floor":1.0,"turns":4.0},{"damage":12.0,"enemies":"Jaw Worm","floor":2.0,"turns":3.0},{"damage":6.0,"enemies":"Cultist","floor":5.0,"turns":3.0},{"damage":42.0,"enemies":"Gremlin Nob","floor":7.0,"turns":5.0},{"damage":34.0,"enemies":"3 Sentries","floor":10.0,"turns":3.0},{"damage":7.0,"enemies":"Looter","floor":13.0,"turns":5.0},{"damage":7.0,"enemies":"2 Fungi Beasts","floor":14.0,"turns":5.0},{"damage":9.0,"enemies":"Hexaghost","floor":16.0,"turns":7.0},{"damage":16,"enemies":"3 Byrds","floor":18,"turns":5},{"damage":4,"enemies":"Masked Bandits","floor":20,"turns":3},{"damage":24,"enemies":"Spheric Guardian","floor":21,"turns":9},{"damage":0,"enemies":"Book of Stabbing","floor":23,"turns":8},{"damage":0,"enemies":"Gremlin Leader","floor":27,"turns":10},{"damage":0,"enemies":"Snake Plant","floor":31,"turns":1},{"damage":37,"enemies":"Champ","floor":33,"turns":20},{"damage":0,"enemies":"3 Darklings","floor":35,"turns":7},{"damage":1,"enemies":"Orb Walker","floor":37,"turns":6},{"damage":6,"enemies":"Reptomancer","floor":40,"turns":6},{"damage":1,"enemies":"Spire Growth","floor":41,"turns":5},{"damage":1,"enemies":"Giant Head","floor":42,"turns":8},{"damage":1,"enemies":"3 Darklings","floor":45,"turns":8},{"damage":1,"enemies":"Reptomancer","floor":46,"turns":3},{"damage":1,"enemies":"4 Shapes","floor":48,"turns":7},{"damage":24,"enemies":"Awakened One","floor":50,"turns":7},{"damage":1,"enemies":"Shield and Spear","floor":54,"turns":2},{"damage":1,"enemies":"The Heart","floor":55,"turns":7}],"seed_played":"2975010771797551649","potions_obtained":[{"floor":1.0,"key":"BlessingOfTheForge"},{"floor":10.0,"key":"Languid Potion"},{"floor":14.0,"key":"Swift Potion"},{"floor":16.0,"key":"EssenceOfSteel"},{"floor":18,"key":"Explosive Potion"},{"floor":20,"key":"Fire Potion"},{"floor":27,"key":"Swift Potion"},{"floor":29,"key":"EntropicBrew"},{"floor":29,"key":"Energy Potion"},{"floor":31,"key":"ColorlessPotion"},{"floor":37,"key":"Weak Potion"},{"floor":42,"key":"Elixir"},{"floor":46,"key":"Death Potion"},{"floor":48,"key":"LiquidMemories"}],"is_trial":false,"path_per_floor":["M","M","?","?","M","R","E","$","T","E","$","?","M","M","R","B",null,"M","?","?","M","$","E","R","$","T","E","R","?","R","M","R","B",null,"M","$","M","T","$","E","M","E","T","R","M","E","T","M","R","B",null,"R","$","E","B",null],"character_chosen":"IRONCLAD","items_purchased":["Replay:WaspNest","hubris:EmptyBottle","Death Potion","FearPotion","ReplayUltimateDefense","Orrery","hubris:EnhanceAbility","WingedGreaves","Meat on the Bone","Potion Belt","Dexterity Potion","BlessingOfTheForge","Membership Card","Dream Catcher","Blue Candle","Entrench","LifebloodPotion","Turnip","Garlic","DollysMirror","Energy Potion","ReplayUltimateDefense","hubris:TenFootPole","Replay:Rubber Ducky","OrangePellets","PowerPotion","Berserk","Replay:Bandana","Blood Vial","Guide Book","LiquidMemories","Adrenaline Potion"],"campfire_rested":0,"item_purchase_floors":[8,8,8,8,8,11,11,11,11,22,22,22,25,25,25,25,25,36,36,36,36,39,39,39,39,39,53,53,53,53,53,53],"current_hp_per_floor":[132,126,126,119,119,119,141,141,141,113,113,113,112,111,111,108,136,126,126,128,110,110,116,116,116,116,122,122,122,122,128,128,97,133,139,139,144,144,144,144,145,145,145,145,145,145,145,145,145,137,143,143,143,145,145],"gold":2317,"neow_bonus":"UPGRADE_CARD","is_daily":false,"chose_seed":false,"campfire_upgraded":8,"win_rate":0.0,"timestamp":1608698539,"path_taken":["M","M","?","?","?","R","E","?","T","E","$","?","M","M","R","BOSS","M","?","?","M","$","E","R","$","T","E","R","?","R","M","R","BOSS","M","$","M","?","$","E","M","E","T","R","?","E","?","M","R","BOSS","R","$","E","BOSS"],"items_purchased_type":["Relic","Relic","Potion","Potion","Card","Relic","Card","Relic","Relic","Relic","Potion","Potion","Relic","Relic","Relic","Card","Potion","Relic","Relic","Relic","Potion","Card","Relic","Relic","Relic","Potion","Card","Relic","Relic","Relic","Potion","Potion"],"build_version":"2020-12-13","purchased_purges":6,"victory":true,"max_hp_per_floor":[145,145,145,145,145,145,145,145,145,145,145,145,145,145,145,145,145,145,145,145,145,145,145,145,145,145,145,145,145,145,145,145,145,145,145,145,145,145,145,145,145,145,145,145,145,145,145,145,145,145,145,145,145,145,145],"card_choices":[{"not_picked":["ReplayTheSpireMod:Limb From Limb","Clothesline"],"picked":"Flex","floor":1.0},{"not_picked":["Clothesline","Iron Wave"],"picked":"ReplayTheSpireMod:Stacked","floor":2.0},{"not_picked":["Intimidate","hubris:ReadiedAction","Replay:Undeath\u0027s Touch"],"picked":"SKIP","floor":5.0},{"not_picked":["hubris:ReadiedAction","Second Wind","ReplayTheSpireMod:Strike From Hell"],"picked":"SKIP","floor":7.0},{"not_picked":["Iron Wave","Rage"],"picked":"Entrench","floor":10.0},{"not_picked":["Warcry","Thunderclap"],"picked":"Shrug It Off","floor":11.0},{"not_picked":["ReplayTheSpireMod:Limb From Limb","ReplayTheSpireMod:LeadingStrike"],"picked":"Shockwave","floor":11.0},{"not_picked":["Dark Embrace","Combust"],"picked":"Shrug It Off","floor":11.0},{"not_picked":["ReplayTheSpireMod:Strike From Hell","Armaments"],"picked":"Body Slam","floor":13.0},{"not_picked":["Iron Wave","Sword Boomerang"],"picked":"Flame Barrier","floor":14.0},{"not_picked":["Exhume","Feed"],"picked":"Berserk","floor":16.0},{"not_picked":["Thunderclap","Perfected Strike"],"picked":"ReplayTheSpireMod:Stacked","floor":18},{"not_picked":["Havoc","Blood for Blood"],"picked":"Flame Barrier","floor":21},{"not_picked":["Cleave","Warcry","True Grit"],"picked":"SKIP","floor":23},{"not_picked":["Run Through","Hemokinesis","Shockwave"],"picked":"SKIP","floor":27},{"not_picked":["Fire Breathing","Life Link","Headbutt"],"picked":"SKIP","floor":31},{"not_picked":["Offering","hubris:StunningStrike"],"picked":"Barricade","floor":33},{"not_picked":["hubris:ReadiedAction","Havoc+1","Replay:Undeath\u0027s Touch"],"picked":"SKIP","floor":35},{"not_picked":["Flame Barrier","Blood for Blood","Disarm"],"picked":"SKIP","floor":37},{"not_picked":["Power Through","hubris:SharpeningStone+1","Battle Trance"],"picked":"SKIP","floor":40},{"not_picked":["ReplayTheSpireMod:Muscle Training","Clash","Headbutt"],"picked":"SKIP","floor":41},{"not_picked":["Uppercut","Immolate","Blood for Blood+1"],"picked":"SKIP","floor":42},{"not_picked":["Searing Blow","Heavy Blade","Pummel"],"picked":"SKIP","floor":45},{"not_picked":["Blood for Blood","Cleave","Reckless Charge"],"picked":"SKIP","floor":46},{"not_picked":["Rupture+1","Pommel Strike","Shrug It Off"],"picked":"SKIP","floor":48},{"not_picked":["ReplayReversal","Headbutt","Havoc"],"picked":"SKIP","floor":54}],"player_experience":87828,"relics_obtained":[{"floor":7.0,"key":"hubris:TinFlute"},{"floor":10.0,"key":"Red Skull"},{"floor":20,"key":"Red Mask"},{"floor":23,"key":"Replay:Accelerometer"},{"floor":26,"key":"ReplayFunnel"},{"floor":27,"key":"Darkstone Periapt"},{"floor":38,"key":"Bronze Scales"},{"floor":40,"key":"Kunai"},{"floor":42,"key":"Toy Ornithopter"},{"floor":46,"key":"hubris:ToyBattleship"},{"floor":47,"key":"hubris:Metronome"},{"floor":54,"key":"Oddly Smooth Stone"}],"event_choices":[{"cards_removed":["Defend_R"],"damage_healed":0.0,"max_hp_gain":0.0,"max_hp_loss":0.0,"gold_gain":0.0,"event_name":"Living Wall","player_choice":"Forget","floor":3.0,"gold_loss":0.0,"damage_taken":0.0},{"cards_removed":["Defend_R"],"damage_healed":0.0,"max_hp_gain":0.0,"max_hp_loss":0.0,"gold_gain":0.0,"event_name":"Golden Wing","player_choice":"Card Removal","floor":4.0,"gold_loss":0.0,"damage_taken":7.0},{"cards_removed":["Strike_R"],"damage_healed":0.0,"max_hp_gain":0.0,"max_hp_loss":0.0,"gold_gain":0.0,"event_name":"The Cleric","player_choice":"Card Removal","floor":12.0,"gold_loss":75.0,"damage_taken":0.0},{"damage_healed":0,"gold_gain":0,"player_choice":"Ignored","damage_taken":0,"max_hp_gain":0,"max_hp_loss":0,"event_name":"Vampires","floor":19,"gold_loss":0},{"damage_healed":0,"gold_gain":0,"player_choice":"Fought Bandits","damage_taken":0,"max_hp_gain":0,"max_hp_loss":0,"event_name":"Masked Bandits","floor":20,"gold_loss":0},{"damage_healed":0,"gold_gain":0,"player_choice":"Bought 2 Potions","damage_taken":0,"max_hp_gain":0,"max_hp_loss":0,"event_name":"The Woman in Blue","floor":29,"gold_loss":0}],"is_beta":false,"boss_relics":[{"not_picked":["Ooze Armor","Sozu"],"picked":"Empty Cage"},{"not_picked":["ReplayTheSpireMod:DimensionalGlitch","Replay:Bronze Core"],"picked":"hubris:Backtick"}],"items_purged_floors":[8,11,22,25,36,39],"is_endless":false,"potions_floor_spawned":[1,10,14,16,18,20,27,31,37,42,46,48],"ascension_level":16}}