{"host":"3jpwrwmmgyabjceh","time":1608733177,"event":{"mods":["AchievementEnabler","BaseMod","Colored Map","Colored Powertips","Highlight Path","Minty Spire (QoL Compilation)","Quick Restart","StSLib"],"gold_per_floor":[111,127,146,157,174,174,193,204,204,204,154,165,165,90,90,192,192,211,211,221,121,121,121,154,154,154],"floor_reached":25,"playtime":654,"items_purged":["Strike_R","Strike_R"],"score":300,"play_id":"549b2c00-0cc6-4f4d-ac18-92d7083d0586","local_time":"20201223171937","is_ascension_mode":true,"campfire_choices":[{"data":"Bash","floor":6,"key":"SMITH"},{"data":"Spot Weakness","floor":10,"key":"SMITH"},{"data":"Heavy Blade","floor":13,"key":"SMITH"},{"data":"Iron Wave","floor":15,"key":"SMITH"},{"data":"Barricade","floor":23,"key":"SMITH"}],"circlet_count":0,"master_deck":["Defend_R","Defend_R","Defend_R","Bash+1","Spot Weakness+1","Iron Wave+1","Twin Strike","Heavy Blade+1","Ghostly Armor","Barricade+1","Spot Weakness+1","Twin Strike+1","Rampage+1","Demon Form"],"relics":["Burning Blood","Astrolabe","Nloth\u0027s Gift","Potion Belt","HornCleat"],"acts_visited":["Exordium","TheCity"],"potions_floor_usage":[7,16,16,18],"damage_taken":[{"damage":6,"enemies":"Cultist","floor":1,"turns":3},{"damage":3,"enemies":"Small Slimes","floor":2,"turns":4},{"damage":3,"enemies":"2 Louse","floor":3,"turns":2},{"damage":2,"enemies":"2 Fungi Beasts","floor":4,"turns":3},{"damage":11,"enemies":"Gremlin Gang","floor":5,"turns":5},{"damage":7,"enemies":"3 Louse","floor":7,"turns":3},{"damage":7,"enemies":"Looter","floor":8,"turns":3},{"damage":26,"enemies":"Exordium Thugs","floor":12,"turns":5},{"damage":19,"enemies":"Slime Boss","floor":16,"turns":7},{"damage":14,"enemies":"Spheric Guardian","floor":18,"turns":5},{"damage":21,"enemies":"2 Thieves","floor":20,"turns":4},{"damage":79,"enemies":"Book of Stabbing","floor":24,"turns":6},{"damage":16,"enemies":"3 Cultists","floor":25,"turns":4}],"seed_played":"5394271461233998309","potions_obtained":[{"floor":1,"key":"BlessingOfTheForge"},{"floor":2,"key":"SpeedPotion"},{"floor":3,"key":"Strength Potion"},{"floor":7,"key":"Weak Potion"},{"floor":20,"key":"FairyPotion"}],"is_trial":false,"path_per_floor":["M","M","M","M","M","R","M","M","T","R","?","M","R","$","R","B",null,"M","?","M","$","?","R","E","M"],"character_chosen":"IRONCLAD","items_purchased":[],"campfire_rested":0,"item_purchase_floors":[],"current_hp_per_floor":[88,88,88,88,83,83,82,81,81,81,81,61,61,61,61,48,78,70,70,55,55,55,55,13,0,0],"gold":154,"neow_bonus":"TEN_PERCENT_HP_BONUS","is_daily":false,"chose_seed":false,"campfire_upgraded":5,"win_rate":0.0,"timestamp":1608733177,"path_taken":["M","?","M","M","M","R","M","M","T","R","?","M","R","$","R","BOSS","M","?","?","$","?","R","E","M"],"items_purchased_type":[],"build_version":"2020-12-22","purchased_purges":2,"victory":false,"max_hp_per_floor":[88,88,88,88,88,88,88,88,88,88,88,88,88,88,88,88,88,88,88,88,88,88,88,88,88,88],"card_choices":[{"not_picked":["Fire Breathing","Flex","Perfected Strike"],"picked":"SKIP","floor":1},{"not_picked":["Burning Pact","Flame Barrier"],"picked":"Spot Weakness","floor":2},{"not_picked":["Armaments","Evolve"],"picked":"Iron Wave","floor":3},{"not_picked":["Wild Strike","Shrug It Off"],"picked":"Twin Strike","floor":4},{"not_picked":["Sword Boomerang","Warcry"],"picked":"Heavy Blade","floor":5},{"not_picked":["Flex","Warcry","Perfected Strike"],"picked":"SKIP","floor":7},{"not_picked":["Twin Strike","Infernal Blade","Reckless Charge"],"picked":"SKIP","floor":8},{"not_picked":["Searing Blow","Metallicize"],"picked":"Ghostly Armor","floor":12},{"not_picked":["Exhume","Feed"],"picked":"Barricade","floor":16},{"not_picked":["Heavy Blade","Thunderclap","Wild Strike"],"picked":"SKIP","floor":18},{"not_picked":["Disarm","Havoc","Corruption"],"picked":"SKIP","floor":20},{"not_picked":["Second Wind","Inflame"],"picked":"Demon Form","floor":24}],"player_experience":258660,"relics_obtained":[{"floor":9,"key":"InkBottle"},{"floor":24,"key":"HornCleat"}],"event_choices":[{"cards_removed":["Strike_R"],"damage_healed":0,"gold_gain":0,"player_choice":"Card Removal","damage_taken":0,"max_hp_gain":0,"max_hp_loss":0,"event_name":"The Cleric","floor":11,"gold_loss":50},{"damage_healed":0,"gold_gain":0,"player_choice":"Traded Relic","damage_taken":0,"relics_obtained":["Nloth\u0027s Gift"],"max_hp_gain":0,"max_hp_loss":0,"event_name":"N\u0027loth","floor":19,"relics_lost":["InkBottle"],"gold_loss":0},{"damage_healed":0,"gold_gain":0,"player_choice":"Opened","damage_taken":0,"relics_obtained":["Potion Belt"],"max_hp_gain":0,"max_hp_loss":0,"event_name":"The Mausoleum","floor":22,"gold_loss":0}],"is_beta":false,"boss_relics":[{"not_picked":["Ectoplasm","Black Star"],"picked":"Astrolabe"}],"items_purged_floors":[14,21],"is_endless":false,"potions_floor_spawned":[1,2,3,7,20],"killed_by":"3 Cultists","ascension_level":5}}