{"host":"2hea6pl5vmah38iy","time":1608713325,"event":{"mods":["AchievementEnabler","BaseMod","Colored Map","DeckTracker","Keyboard Shortcuts","Minty Spire (QoL Compilation)","Rare Cards Sparkle","StSLib","SuperFastMode","everything is the same but u backflip on backflip"],"gold_per_floor":[116,116,116,116,15,41,41,58,58,58,58,58],"floor_reached":11,"playtime":188,"items_purged":["Defend_G"],"score":160,"play_id":"740b8f06-3e9f-4f80-9683-0a984f99b961","local_time":"20201223174845","is_ascension_mode":true,"campfire_choices":[{"data":"Neutralize","floor":7,"key":"SMITH"}],"circlet_count":0,"master_deck":["AscendersBane","Strike_G","Strike_G","Strike_G+1","Strike_G","Defend_G","Defend_G","Defend_G","Defend_G+1","Survivor","Neutralize+1","Blade Dance","Backflip","Underhanded Strike","Poisoned Stab"],"relics":["Ring of the Snake","NeowsBlessing","Sundial","Boot","Anchor"],"acts_visited":["Exordium"],"potions_floor_usage":[],"damage_taken":[{"damage":0,"enemies":"Small Slimes","floor":1,"turns":1},{"damage":0,"enemies":"Gremlin Nob","floor":6,"turns":1},{"damage":0,"enemies":"2 Louse","floor":8,"turns":1},{"damage":23,"enemies":"Lagavulin","floor":11,"turns":6}],"seed_played":"-4119558104039154598","potions_obtained":[{"floor":8,"key":"Strength Potion"}],"is_trial":false,"path_per_floor":["M","?","$","?","$","E","R","M","T","?","E"],"character_chosen":"THE_SILENT","items_purchased":["Backflip"],"campfire_rested":0,"item_purchase_floors":[5],"current_hp_per_floor":[59,46,46,34,34,34,34,34,34,27,4,4],"gold":58,"neow_bonus":"THREE_ENEMY_KILL","is_daily":false,"chose_seed":false,"campfire_upgraded":1,"win_rate":0.0,"timestamp":1608713325,"path_taken":["M","?","$","?","$","E","R","M","T","?","E"],"items_purchased_type":["Card"],"build_version":"2020-12-22","purchased_purges":1,"victory":false,"max_hp_per_floor":[66,66,66,66,66,66,66,66,66,66,66,66],"card_choices":[{"not_picked":["Bane","Dagger Throw"],"picked":"Blade Dance","floor":1},{"not_picked":["Predator","All Out Attack"],"picked":"Underhanded Strike","floor":6},{"not_picked":["Concentrate","Bane"],"picked":"Poisoned Stab","floor":8}],"player_experience":442516,"relics_obtained":[{"floor":6,"key":"Boot"},{"floor":9,"key":"Anchor"}],"event_choices":[{"damage_healed":0,"gold_gain":0,"player_choice":"Entered Light","damage_taken":13,"max_hp_gain":0,"max_hp_loss":0,"event_name":"Shining Light","floor":2,"gold_loss":0,"cards_upgraded":["Strike_G","Defend_G"]},{"damage_healed":0,"gold_gain":0,"player_choice":"Success","damage_taken":12,"relics_obtained":["Sundial"],"max_hp_gain":0,"max_hp_loss":0,"event_name":"Scrap Ooze","floor":4,"gold_loss":0},{"cards_removed":["Strike_G"],"damage_healed":0,"gold_gain":0,"player_choice":"Card Removal","damage_taken":7,"max_hp_gain":0,"max_hp_loss":0,"event_name":"Golden Wing","floor":10,"gold_loss":0}],"is_beta":false,"boss_relics":[],"items_purged_floors":[5],"is_endless":false,"potions_floor_spawned":[8],"killed_by":"Lagavulin","ascension_level":14}}