{"host":"k5ezbu40hxyit46v","time":1608703975,"event":{"mods":["Act Like it!","Aspiration","Astrologer","BaseMod","BetterRewards","Conspire","DeckTracker","Energized Spire","Googly Eyes","Halation","HexUI Lib","Highlight Path","Hubris","Infinite Spire","Jedi Mod","Mad Scientist","Marisa????????","Minty Spire (QoL Compilation)","Quarter Circle Forward PUNCH!","Quick Restart","Replay The Spire","Reworked Bosses","Shop Mod","Spikes Relics","StSLib","The Administrix","The Awakened One except there are too many feathers","The Bladedancer","The Cursed","The IronCluck","The Servant 0.9.4","The Wild Card","everything is the same but u backflip on backflip","slay the spire mod where everything is the same but ironclad has a cowboy hat","vexMod"],"gold_per_floor":[117,138,149,74,87,87,87,87],"floor_reached":7,"playtime":99,"items_purged":["Strike_B"],"score":82,"play_id":"32ea3aa0-bae2-42e4-a829-a0a704b607c7","local_time":"20201223011255","is_ascension_mode":true,"campfire_choices":[{"data":"ReplayTheSpireMod:Dual Polarity","floor":6.0,"key":"SMITH"}],"circlet_count":0,"master_deck":["AscendersBane","Strike_B","Strike_B","Strike_B","Defend_B","Defend_B","Defend_B","Defend_B","Zap","Dualcast","ReplayTheSpireMod:Dual Polarity+1","Self Repair"],"relics":["Cracked Core","NeowsBlessing","Ice Cream"],"acts_visited":["Exordium"],"potions_floor_usage":[],"damage_taken":[{"damage":0.0,"enemies":"Jaw Worm","floor":1.0,"turns":1.0},{"damage":0.0,"enemies":"2 Louse","floor":3.0,"turns":1.0},{"damage":0.0,"enemies":"Small Slimes","floor":5.0,"turns":1.0},{"damage":0,"enemies":"3 Sentries","floor":7,"turns":1}],"seed_played":"5966338208957269851","potions_obtained":[{"floor":3.0,"key":"Weak Potion"},{"floor":5.0,"key":"Toxic Potion"}],"is_trial":false,"path_per_floor":["M","?","M","$","M","R","E"],"character_chosen":"DEFECT","items_purchased":[],"campfire_rested":0,"item_purchase_floors":[],"current_hp_per_floor":[64,41,41,41,41,41,41,41],"gold":87,"neow_bonus":"THREE_ENEMY_KILL","is_daily":false,"chose_seed":false,"campfire_upgraded":1,"win_rate":0.0,"timestamp":1608703975,"path_taken":["M","?","M","$","M","R","E"],"items_purchased_type":[],"build_version":"2020-12-13","purchased_purges":1,"victory":false,"max_hp_per_floor":[71,71,71,71,71,71,71,71],"card_choices":[{"not_picked":["jedi:markofdeath","jedi:BurstLightning"],"picked":"ReplayTheSpireMod:Dual Polarity","floor":1.0},{"not_picked":["jedi:blockon","Consume"],"picked":"Self Repair","floor":2.0},{"not_picked":["Panic Button","jedi:BurstLightning","Beam Cell"],"picked":"SKIP","floor":3.0},{"not_picked":["Panic Button","Steam","Tempest"],"picked":"SKIP","floor":5.0}],"player_experience":1216143,"relics_obtained":[{"floor":2.0,"key":"Ice Cream"}],"event_choices":[],"is_beta":false,"boss_relics":[],"items_purged_floors":[4],"is_endless":false,"potions_floor_spawned":[3,5],"killed_by":"3 Sentries","ascension_level":20}}