{"host":"qrt7o4dq2qslzw13","time":1608713329,"event":{"mods":["AchievementEnabler","BaseMod","Colored Map","Colored Powertips","Minty Spire (QoL Compilation)","Quick Restart","Rare Cards Sparkle","StSLib","SuperFastMode"],"gold_per_floor":[369,381,431,450,462,462,482,482,482,482,482,131,163,183,183,254,254,267,281,281,281,0,0,11,11,38,38,52,52,65,93,93,93,93],"floor_reached":33,"playtime":705,"items_purged":[],"score":534,"play_id":"b148f3f8-3d4e-49d8-a11a-1f7a1b5f05db","local_time":"20201223034849","is_ascension_mode":true,"campfire_choices":[{"floor":6.0,"key":"REST"},{"floor":8.0,"key":"REST"},{"floor":15.0,"key":"REST"},{"floor":23.0,"key":"REST"},{"data":"Havoc","floor":25.0,"key":"SMITH"},{"data":"Second Wind","floor":27.0,"key":"SMITH"},{"floor":29.0,"key":"REST"},{"floor":32,"key":"REST"}],"circlet_count":0,"master_deck":["AscendersBane","Strike_R+1","Strike_R+1","Strike_R+1","Strike_R+1","Strike_R+1","Defend_R+1","Defend_R+1","Defend_R+1","Defend_R+1","Bash","Normality","Power Through","True Grit","Thunderclap","Flame Barrier","Armaments+1","Parasite","Second Wind+1","Wild Strike","Hemokinesis","Disarm","Immolate","Sever Soul","Sentinel","Shrug It Off","Pommel Strike","Impatience","Spot Weakness","Havoc+1","Rupture","Flex+1","Juggernaut+1"],"relics":["Burning Blood","Meat on the Bone","Lee\u0027s Waffle","Paper Frog","SlaversCollar","PreservedInsect","Potion Belt","Frozen Egg 2"],"acts_visited":["Exordium","TheCity"],"potions_floor_usage":[31,31,31,31,31,31,31,31,31],"damage_taken":[{"damage":7.0,"enemies":"2 Louse","floor":1.0,"turns":5.0},{"damage":6.0,"enemies":"Cultist","floor":2.0,"turns":4.0},{"damage":31.0,"enemies":"Jaw Worm","floor":4.0,"turns":9.0},{"damage":30.0,"enemies":"Blue Slaver","floor":5.0,"turns":5.0},{"damage":11.0,"enemies":"Exordium Wildlife","floor":7.0,"turns":7.0},{"damage":50.0,"enemies":"Gremlin Nob","floor":13.0,"turns":6.0},{"damage":10.0,"enemies":"Exordium Thugs","floor":14.0,"turns":4.0},{"damage":65.0,"enemies":"The Guardian","floor":16.0,"turns":15.0},{"damage":23.0,"enemies":"Shell Parasite","floor":18.0,"turns":6.0},{"damage":21.0,"enemies":"Chosen","floor":19.0,"turns":4.0},{"damage":22.0,"enemies":"Centurion and Healer","floor":24.0,"turns":9.0},{"damage":16.0,"enemies":"Snake Plant","floor":28.0,"turns":5.0},{"damage":61.0,"enemies":"Cultist and Chosen","floor":30.0,"turns":10.0},{"damage":13,"enemies":"Book of Stabbing","floor":31,"turns":3},{"damage":76,"enemies":"Automaton","floor":33,"turns":6}],"seed_played":"-8592759899813338402","potions_obtained":[{"floor":5.0,"key":"LiquidBronze"},{"floor":7.0,"key":"Explosive Potion"},{"floor":14.0,"key":"Explosive Potion"},{"floor":19.0,"key":"SteroidPotion"},{"floor":24.0,"key":"Swift Potion"},{"floor":30.0,"key":"EntropicBrew"}],"is_trial":false,"path_per_floor":["M","M","?","M","M","R","M","R","T","?","?","$","E","M","R","B",null,"M","M","?","T","$","R","M","R","T","R","M","R","M","E","R","B"],"character_chosen":"IRONCLAD","items_purchased":["Second Wind","Lee\u0027s Waffle","Wild Strike","Block Potion","Shrug It Off","Pommel Strike","Impatience","Spot Weakness"],"campfire_rested":6,"item_purchase_floors":[12,12,12,12,22,22,22,22],"current_hp_per_floor":[67,67,60,35,11,33,28,50,50,27,45,82,50,58,82,35,70,53,50,50,50,50,74,58,58,58,58,48,72,29,50,74,0,0],"gold":93,"neow_bonus":"TWO_FIFTY_GOLD","is_daily":false,"chose_seed":false,"campfire_upgraded":2,"win_rate":0.0,"timestamp":1608713329,"path_taken":["M","M","?","?","M","R","M","R","T","?","?","$","E","M","R","BOSS","M","M","?","?","$","R","M","R","T","R","M","R","?","E","R","BOSS"],"items_purchased_type":["Card","Relic","Card","Potion","Card","Card","Card","Card"],"build_version":"2020-12-22","purchased_purges":0,"victory":false,"max_hp_per_floor":[75,75,75,75,75,75,75,75,75,75,75,82,82,82,82,82,82,82,82,82,82,82,82,82,82,82,82,82,82,82,82,82,82,82],"card_choices":[{"not_picked":["Havoc","Cleave"],"picked":"Power Through","floor":1.0},{"not_picked":["Cleave","Flex"],"picked":"True Grit","floor":2.0},{"not_picked":["Cleave","Wild Strike"],"picked":"Thunderclap","floor":4.0},{"not_picked":["Flex","Dropkick"],"picked":"Flame Barrier","floor":5.0},{"not_picked":["Thunderclap","Sword Boomerang"],"picked":"Armaments","floor":7.0},{"not_picked":["Armaments","Pommel Strike"],"picked":"Hemokinesis","floor":13.0},{"not_picked":["Clash","Armaments"],"picked":"Disarm","floor":14.0},{"not_picked":["Fiend Fire","Feed"],"picked":"Immolate","floor":16.0},{"not_picked":["Shrug It Off","Clothesline"],"picked":"Sever Soul","floor":18.0},{"not_picked":["Shrug It Off","Body Slam"],"picked":"Sentinel","floor":19.0},{"not_picked":["Searing Blow+1","Cleave"],"picked":"Havoc","floor":24.0},{"not_picked":["Spot Weakness+1","Dark Embrace"],"picked":"Rupture","floor":28.0},{"not_picked":["Flame Barrier","Heavy Blade"],"picked":"Flex+1","floor":30.0},{"not_picked":["Power Through","Carnage"],"picked":"Juggernaut+1","floor":31}],"player_experience":469686,"relics_obtained":[{"floor":9.0,"key":"Meat on the Bone"},{"floor":13.0,"key":"Paper Frog"},{"floor":21.0,"key":"PreservedInsect"},{"floor":26.0,"key":"Potion Belt"},{"floor":31,"key":"Frozen Egg 2"}],"event_choices":[{"damage_healed":0.0,"max_hp_gain":0.0,"max_hp_loss":0.0,"gold_gain":50.0,"event_name":"FaceTrader","player_choice":"Touch","floor":3.0,"gold_loss":0.0,"damage_taken":7.0},{"damage_healed":0.0,"max_hp_gain":0.0,"max_hp_loss":0.0,"gold_gain":0.0,"event_name":"Shining Light","player_choice":"Entered Light","floor":10.0,"gold_loss":0.0,"damage_taken":23.0,"cards_upgraded":["Strike_R","Armaments"]},{"damage_healed":18.0,"max_hp_gain":0.0,"max_hp_loss":0.0,"gold_gain":0.0,"event_name":"Mushrooms","player_choice":"Healed and dodged fight","floor":11.0,"gold_loss":0.0,"damage_taken":0.0,"cards_obtained":["Parasite"]},{"damage_healed":0.0,"max_hp_gain":0.0,"max_hp_loss":0.0,"gold_gain":0.0,"event_name":"Back to Basics","player_choice":"Simplicity","floor":20.0,"gold_loss":0.0,"damage_taken":0.0,"cards_upgraded":["Strike_R","Strike_R","Strike_R","Strike_R","Defend_R","Defend_R","Defend_R","Defend_R"]}],"is_beta":false,"boss_relics":[{"not_picked":["Philosopher\u0027s Stone","Runic Cube"],"picked":"SlaversCollar"}],"items_purged_floors":[],"is_endless":false,"potions_floor_spawned":[5,7,14,19,24,30],"killed_by":"Automaton","ascension_level":20}}