{"host":"9kuc8qxv67wkis18","time":1608686665,"event":{"mods":["2.2 Compatiblity","AchievementEnabler","Aspiration","Astrologer","Bard","BaseMod","Beaked The Cultist","Bestiary","Better Note","Better Third Choice","Block Reminder","Challenge The Spire","Conspire","Curses Come First","GifTheSpireLib","Glutton Mod","Halation","Hermit","Highlight Path","Hubris","Infinite Spire","Jorbs\u0027s Wanderer Trilogy","Marked Mod","Melee Mod","Minty Spire (QoL Compilation)","Permanent Neow","Potionbrewer","Random Character Button","Rare Cards Sparkle","Replay The Spire","Shade Mod","Somnambulant","Spikes Relics","StSLib","Stuff the Spire","The Accelerator","The Blue Laboratory","The Construct","The Cursed","The Florist","The Forsaken","The Hierophant","The Judge","The Juggle","The Jungle","The Necromancer","The Showman","The Wild Card","TheArtist","Thieving Mod","everything is the same but u backflip on backflip","thorton","vexMod"],"gold_per_floor":[115,134,151,161,11,11,23,23,50,50,83,83,83,108,108,108,108],"floor_reached":16,"playtime":3551,"items_purged":[],"score":110,"play_id":"9d0969c1-6b14-451f-a9b5-3981544718d6","local_time":"20201222202425","is_ascension_mode":false,"campfire_choices":[{"data":"hermit:Showdown","floor":6,"key":"SMITH"},{"data":"hermit:FullyLoaded","floor":8,"key":"SMITH"},{"data":"hermit:Strike_Hermit","floor":10,"key":"SMITH"},{"data":"hermit:Strike_Hermit","floor":15,"key":"SMITH"}],"circlet_count":0,"master_deck":["hermit:Strike_Hermit","hermit:Strike_Hermit+1","hermit:Strike_Hermit+1","hermit:Defend_Hermit","hermit:Defend_Hermit","hermit:Defend_Hermit","hermit:Defend_Hermit","hermit:Snapshot","hermit:Covet","hermit:FullyLoaded+1","hermit:WideOpen","hermit:Showdown+1","Regret"],"relics":["hermit:Momento","vexMod:MemoryStick","aspiration:TomeofQuesting","construct:FoamFinger","PreservedInsect","halation:EternalFortune","Kunai"],"acts_visited":["Exordium"],"potions_floor_usage":[11],"damage_taken":[{"damage":9,"enemies":"infinitespire:Voidling","floor":1,"turns":4},{"damage":0,"enemies":"Small Slimes","floor":2,"turns":3},{"damage":11,"enemies":"Cultist","floor":3,"turns":5},{"damage":8,"enemies":"Lots of Slimes","floor":4,"turns":5},{"damage":0,"enemies":"Blue Slaver","floor":7,"turns":2},{"damage":3,"enemies":"Lagavulin","floor":11,"turns":4},{"damage":17,"enemies":"3 Sentries","floor":14,"turns":4},{"damage":33,"enemies":"Hexaghost","floor":16,"turns":9}],"seed_played":"-7631275354176918429","potions_obtained":[{"floor":2,"key":"Reflective Coating"},{"floor":7,"key":"blueLaboratory:FruitPunch"},{"floor":11,"key":"blueLaboratory:RecallPotion"},{"floor":14,"key":"Fire Potion"}],"is_trial":false,"path_per_floor":["M","M","M","M","$","R","M","R","T","R","E","?","?","E","R","B"],"character_chosen":"HERMIT","items_purchased":["vexMod:MemoryStick"],"campfire_rested":0,"item_purchase_floors":[5],"current_hp_per_floor":[66,66,55,47,47,47,47,47,47,47,46,46,49,32,32,0,0],"gold":108,"neow_bonus":"REMOVE_CARD","is_daily":false,"chose_seed":false,"campfire_upgraded":4,"win_rate":0.0,"timestamp":1608686665,"path_taken":["M","M","?","M","$","R","M","R","T","R","E","?","?","E","R","BOSS"],"items_purchased_type":["Relic"],"build_version":"2020-12-13","purchased_purges":0,"victory":false,"max_hp_per_floor":[75,75,75,75,75,75,75,75,75,75,77,77,80,80,80,80,80],"card_choices":[{"not_picked":["hermit:Snipe","hermit:TakeCover"],"picked":"hermit:FullyLoaded","floor":1},{"not_picked":["hermit:Scavenge","hermit:Ricochet","hermit:Desperado"],"picked":"SKIP","floor":2},{"not_picked":["hermit:Combo","hermit:ItchyTrigger"],"picked":"hermit:WideOpen","floor":3},{"not_picked":["hermit:TrackingShot","hermit:Reprieve"],"picked":"hermit:Showdown","floor":4},{"not_picked":["hermit:Dive","hermit:HoleUp","hermit:Manifest"],"picked":"SKIP","floor":7},{"not_picked":["hermit:LuckOfTheDraw","hermit:Feint","hermit:Glare"],"picked":"SKIP","floor":11},{"not_picked":["hermit:Gestalt","hermit:ItchyTrigger","hermit:Vantage"],"picked":"SKIP","floor":14}],"player_experience":114773,"relics_obtained":[{"floor":9,"key":"aspiration:TomeofQuesting"},{"floor":11,"key":"construct:FoamFinger"},{"floor":14,"key":"Kunai"}],"event_choices":[{"damage_healed":0,"gold_gain":0,"player_choice":"Box","damage_taken":0,"relics_obtained":["PreservedInsect"],"max_hp_gain":0,"max_hp_loss":0,"event_name":"Big Fish","floor":12,"gold_loss":0,"cards_obtained":["Regret"]}],"is_beta":false,"boss_relics":[],"items_purged_floors":[],"is_endless":false,"potions_floor_spawned":[2,7,11,14],"killed_by":"Hexaghost","ascension_level":0}}