{"host":"ywbsnexmk111etbw","time":1608732475,"event":{"mods":["Act Like it!","BaseMod","Colored Powertips","Curses Come First","Downfall","Hubris","Infinite Spire","Marisa????????","Minty Spire (QoL Compilation)","Pale of the Ancients","Permanent Neow","Replay The Spire","StSLib","The Cursed","The Dragon Tamer","The Mystic","The Necromancer"],"gold_per_floor":[112,127,139,139,139,173,173,199,199,214,245,245,262,113,113,213,213,228,241,241,241,241,253,253,277,302,302,331,346,101,148,148,247,247,278,312,312,312,363,363,363,363,363,399,441,366,159,159,159,159,159],"floor_reached":50,"playtime":1982,"items_purged":["hubris:Lust"],"score":881,"play_id":"0bce540d-1b58-4d47-835e-f51c54dfa4d5","local_time":"20201223090755","is_ascension_mode":false,"metric_token":1107,"campfire_choices":[{"data":"DTMod:Outburst","floor":7.0,"key":"SMITH"},{"floor":12.0,"key":"REST"},{"data":"DTMod:DoubleHit","floor":15.0,"key":"SMITH"},{"data":"DTMod:RepeatStrike","floor":32.0,"key":"SMITH"},{"data":"hubris:DuctTapeCard","floor":44,"key":"SMITH"},{"data":"DTMod:MaximumCharge","floor":49,"key":"SMITH"}],"dtmod_dragon_data":[0,58,1,0,8,5],"circlet_count":0,"master_deck":["DTMod:Strike","DTMod:Strike","DTMod:Strike","DTMod:Strike","DTMod:DoubleHit+1","DTMod:TargetDefense","DTMod:TargetDefense","DTMod:TargetDefense","DTMod:TargetDefense","DTMod:SwitchingTactic","DTMod:BuildUp","DTMod:FlameSlash","DTMod:MaximumCharge+1","DTMod:Outburst+1","DTMod:BreakAttack","DTMod:Feint","DTMod:RepeatStrike+1","DTMod:HeatWave+1","DTMod:ComboAttack+1","DTMod:BlazingStrike","DTMod:BreakAttack","DTMod:SneakAttack+1","DTMod:OpeningTactic","hubris:DuctTapeCard+2","DTMod:Threaten+1","DTMod:Observe+1","DTMod:Prediction","DTMod:ComboAttack","DTMod:Feint+1"],"relics":["DTMod:PactStone","ReplayTheSpireMod:TigerMarble","Meat on the Bone","Strawberry","Lantern","Nunchaku","Sling","hubris:ScarierMask","Pocketwatch","ReplayTheSpireMod:Ring of Addiction","Potion Belt","Chameleon Ring","Simple Rune","Replay:Baseball","hubris:BottledRain","hubris:Reverence","MealTicket","infinitespire:EvilPickle","Replay:Ancient Bell","DTMod:BasicTextbook","hubris:DuctTape","hubris:Teleporter","Replay:Bottled Snecko","Gremlin Horn","infinitespire:Joker Card","Orichalcum"],"acts_visited":["Exordium","TheCity","TheBeyond"],"potions_floor_usage":[33,33,33,46,50,50,50],"damage_taken":[{"damage":0.0,"enemies":"Small Slimes","floor":1.0,"turns":2.0},{"damage":1.0,"enemies":"Cultist","floor":2.0,"turns":3.0},{"damage":0.0,"enemies":"2 Louse","floor":3.0,"turns":2.0},{"damage":0.0,"enemies":"3 Sentries","floor":6.0,"turns":6.0},{"damage":0.0,"enemies":"Gremlin Nob","floor":8.0,"turns":3.0},{"damage":0.0,"enemies":"Blue Slaver","floor":10.0,"turns":1.0},{"damage":0.0,"enemies":"Lagavulin","floor":11.0,"turns":3.0},{"damage":0.0,"enemies":"Large Slime","floor":13.0,"turns":1.0},{"damage":0.0,"enemies":"Slime Boss","floor":16.0,"turns":4.0},{"damage":0.0,"enemies":"Shell Parasite","floor":18.0,"turns":1.0},{"damage":0.0,"enemies":"Chosen","floor":19.0,"turns":3.0},{"damage":0.0,"enemies":"Snake Plant","floor":23.0,"turns":2.0},{"damage":0.0,"enemies":"Gremlin Leader","floor":28.0,"turns":2.0},{"damage":0.0,"enemies":"Sentry and Sphere","floor":29.0,"turns":2.0},{"damage":5,"enemies":"Pondfish","floor":33,"turns":7},{"damage":1,"enemies":"3 Darklings","floor":35,"turns":1},{"damage":1,"enemies":"3 Shapes","floor":36,"turns":1},{"damage":0,"enemies":"Nemesis","floor":40,"turns":1},{"damage":0,"enemies":"Transient","floor":45,"turns":5},{"damage":0,"enemies":"3 Darklings","floor":46,"turns":1},{"damage":138,"enemies":"LordOfAnnihilation","floor":50,"turns":10}],"seed_played":"-6127544761980623021","potions_obtained":[{"floor":1.0,"key":"AttackPotion"},{"floor":3.0,"key":"BlessingOfTheForge"},{"floor":6.0,"key":"LiquidBronze"},{"floor":16.0,"key":"Explosive Potion"},{"floor":21.0,"key":"Elixir"},{"floor":21.0,"key":"ColorlessPotion"},{"floor":21.0,"key":"Languid Potion"},{"floor":23.0,"key":"FairyPotion"},{"floor":24.0,"key":"FairyPotion"},{"floor":24.0,"key":"LiquidBronze"},{"floor":28.0,"key":"PowerPotion"},{"floor":33,"key":"Energy Potion"},{"floor":40,"key":"Dexterity Potion"},{"floor":41,"key":"sneckomod:MuddlingPotion"},{"floor":41,"key":"Block Potion"},{"floor":45,"key":"hexamod:EctoCoolerPotion"},{"floor":46,"key":"sneckomod:MuddlingPotion"}],"is_trial":false,"path_per_floor":["M","M","M","?","$","E","R","E","T","M","E","R","M","$","R","B",null,"M","M","AVR","?","?","M","R","T","T","?","E","M","$","T","R","B",null,"M","M","AVR","?","E","R","?","T","R","M","M","$","$","R","B"],"character_chosen":"THE_DT","items_purchased":["Sling","hubris:Reverence","Orichalcum","champ:CounterPotion"],"campfire_rested":1,"item_purchase_floors":[14,30,48,48],"current_hp_per_floor":[45,44,44,44,44,44,44,51,51,51,51,52,52,52,52,52,52,52,52,52,52,52,52,52,52,52,50,50,50,50,50,50,45,50,49,48,48,48,48,46,46,46,44,44,44,44,44,44,0,0,0],"gold":159,"neow_bonus":"RANDOM_COMMON_RELIC","is_daily":false,"chose_seed":false,"campfire_upgraded":5,"win_rate":0.0,"timestamp":1608732475,"path_taken":["M","M","M","?","$","E","R","E","T","?","E","R","M","$","R","BOSS","M","M","AVR","?","?","M","R","?","T","?","E","M","$","?","R","BOSS","M","M","AVR","?","E","R","?","T","R","M","?","?","$","R","BOSS"],"items_purchased_type":["Relic","Relic","Relic","Potion"],"build_version":"2020-12-22","purchased_purges":1,"victory":false,"max_hp_per_floor":[45,45,45,45,45,45,45,52,52,52,52,52,52,52,52,52,52,52,52,52,52,52,52,52,52,52,50,50,50,50,50,50,50,50,50,50,48,48,48,46,46,46,44,44,44,44,44,44,42,42,42],"card_choices":[{"not_picked":["DTMod:MasterPlan","DTMod:MagicField"],"picked":"DTMod:BuildUp","floor":1.0},{"not_picked":["DTMod:CalculatedDefense","DTMod:BreakAttack"],"picked":"DTMod:FlameSlash","floor":2.0},{"not_picked":["DTMod:ShieldDrain","DTMod:FlameSlash"],"picked":"DTMod:MaximumCharge","floor":3.0},{"not_picked":["DTMod:LowKick","DTMod:MagicField"],"picked":"DTMod:Outburst","floor":6.0},{"not_picked":["DTMod:CleansingStrike","DTMod:RecklessFlurry"],"picked":"DTMod:ForkedFire","floor":8.0},{"not_picked":["DTMod:Adaptation","DTMod:Hide"],"picked":"DTMod:BreakAttack","floor":10.0},{"not_picked":["DTMod:ForkedFire","DTMod:Punisher"],"picked":"DTMod:Feint","floor":11.0},{"not_picked":["DTMod:CrossStep","DTMod:Haste"],"picked":"DTMod:QuickFly","floor":13.0},{"not_picked":["DTMod:EchoTactic","DTMod:Prediction"],"picked":"DTMod:RepeatStrike","floor":16.0},{"not_picked":["DTMod:Punisher","DTMod:LowKick"],"picked":"DTMod:HeatWave+1","floor":18.0},{"not_picked":["DTMod:Punisher","DTMod:DarkBreath"],"picked":"DTMod:ComboAttack+1","floor":19.0},{"not_picked":["DTMod:Hide","DTMod:BizarreTactic"],"picked":"DTMod:BlazingStrike","floor":23.0},{"not_picked":["DTMod:Hide","DTMod:TagTeam"],"picked":"DTMod:BreakAttack","floor":28.0},{"not_picked":["DTMod:Training","DTMod:RecklessFlurry"],"picked":"DTMod:SneakAttack+1","floor":29.0},{"not_picked":["DTMod:GearUp","DTMod:Inferno"],"picked":"DTMod:OpeningTactic","floor":33},{"not_picked":["Voices","Delirium"],"picked":"hubris:Compulsion","floor":34},{"not_picked":["Spreading Infection","Amnesia"],"picked":"TheCursedMod:Dregs","floor":34},{"not_picked":["hubris:Envy","Languid"],"picked":"hubris:Lust","floor":34},{"not_picked":["DTMod:Hide+1","DTMod:ComboAttack+1"],"picked":"DTMod:Threaten+1","floor":35},{"not_picked":["DTMod:RecklessFlurry+1","DTMod:Haste+1"],"picked":"DTMod:Observe+1","floor":36},{"not_picked":["DTMod:BlazingStrike","DTMod:Punisher"],"picked":"DTMod:Prediction","floor":40},{"not_picked":["DTMod:LastStand+1","DTMod:BreakAttack+1"],"picked":"DTMod:ComboAttack","floor":45},{"not_picked":["DTMod:BizarreTactic+1","DTMod:LowKick"],"picked":"DTMod:Feint+1","floor":46}],"player_experience":133714,"relics_obtained":[{"floor":6.0,"key":"Meat on the Bone"},{"floor":8.0,"key":"Strawberry"},{"floor":9.0,"key":"Lantern"},{"floor":11.0,"key":"Nunchaku"},{"floor":21.0,"key":"ReplayTheSpireMod:Ring of Addiction"},{"floor":21.0,"key":"Potion Belt"},{"floor":21.0,"key":"Chameleon Ring"},{"floor":25.0,"key":"Simple Rune"},{"floor":26.0,"key":"Replay:Baseball"},{"floor":28.0,"key":"hubris:BottledRain"},{"floor":31.0,"key":"MealTicket"},{"floor":40,"key":"Gremlin Horn"},{"floor":43,"key":"infinitespire:Joker Card"}],"event_choices":[{"damage_healed":0.0,"max_hp_gain":0.0,"max_hp_loss":0.0,"gold_gain":0.0,"event_name":"The Woman in Blue","player_choice":"Bought 0 Potions","floor":4.0,"gold_loss":0.0,"damage_taken":0.0},{"damage_healed":0.0,"max_hp_gain":0.0,"max_hp_loss":0.0,"gold_gain":0.0,"event_name":"Beggar","player_choice":"Ignored","floor":22.0,"gold_loss":0.0,"damage_taken":0.0},{"cards_removed":["TheCursedMod:Dregs","hubris:Compulsion","Delirium"],"damage_healed":0,"gold_gain":0,"player_choice":"Removed Curses","damage_taken":0,"max_hp_gain":0,"max_hp_loss":0,"event_name":"Fountain of Cleansing","floor":42,"gold_loss":0}],"is_beta":false,"boss_relics":[{"not_picked":["Replay:Wanted Poster","Runic Dome"],"picked":"hubris:ScarierMask"},{"not_picked":["Black Star","Replay:Drink Me"],"picked":"Replay:Ancient Bell"},{"not_picked":["Boot","Gremlin Food"],"picked":"DTMod:BasicTextbook"},{"not_picked":["Sundial","Letter Opener"],"picked":"hubris:DuctTape"},{"not_picked":["Counterbalance","hubris:AstralHammer"],"picked":"hubris:Teleporter"}],"items_purged_floors":[47],"is_endless":false,"potions_floor_spawned":[1,3,6,16,23,28,33,40,45,46],"killed_by":"LordOfAnnihilation","ascension_level":0}}