{"host":"sdjng9zhqonqi3uc","time":1608743136,"event":{"mods":["2.2 Compatiblity","AchievementEnabler","BaseMod","BetterRewards","Colored Powertips","Hero for Fun","Minty Spire (QoL Compilation)","StSLib","Td1madao Mod","The Animator","The Cursed","The Servant 0.9.4"],"gold_per_floor":[116,116,145,159,190,190,223,239,239,239,251,273,289,347,347,449,449,462,402,402],"floor_reached":19,"playtime":1144,"items_purged":[],"score":173,"play_id":"93e847f4-1725-4238-a0c3-0daa4262128c","local_time":"20201223180536","is_ascension_mode":false,"campfire_choices":[{"data":"animator:SwordMaiden","floor":6,"key":"SMITH"},{"floor":15,"key":"REST"}],"circlet_count":0,"master_deck":["animator:Benimaru","animator:Shuna","animator:SwordMaiden+1","animator:Raven","animator:Biyorigo","animator:UneriGinkaku","animator:Souei","animator:MetalKnight","animator:Shion","animator:Melzalgald","animator:Kaijin","animator:Konayuki","animator:Eve","animator:Kaijin","animator:Vanir","animator:DolaStephanie","animator:Verdia","animator:Melzalgald","animator:Rena","animator:Eve","animator:Genos"],"relics":["animator:LivingPicture","animator:TheMissingPiece","animator:PurgingStone","animator:Buoy","Blood Vial","Pandora\u0027s Box"],"acts_visited":["Exordium","TheCity"],"potions_floor_usage":[5,11,13,16,16],"damage_taken":[{"damage":2,"enemies":"2 Louse","floor":1,"turns":3},{"damage":1,"enemies":"Small Slimes","floor":3,"turns":3},{"damage":4,"enemies":"Cultist","floor":4,"turns":4},{"damage":6,"enemies":"Lots of Slimes","floor":5,"turns":3},{"damage":28,"enemies":"Lagavulin","floor":7,"turns":5},{"damage":9,"enemies":"Blue Slaver","floor":8,"turns":3},{"damage":6,"enemies":"Exordium Wildlife","floor":11,"turns":4},{"damage":7,"enemies":"2 Fungi Beasts","floor":12,"turns":4},{"damage":0,"enemies":"3 Louse","floor":13,"turns":2},{"damage":6,"enemies":"Hexaghost","floor":16,"turns":5},{"damage":22,"enemies":"Spheric Guardian","floor":18,"turns":4},{"damage":44,"enemies":"2 Thieves","floor":19,"turns":2}],"seed_played":"1751855261871145081","potions_obtained":[{"floor":4,"key":"Fire Potion"},{"floor":5,"key":"LiquidMemories"},{"floor":7,"key":"Regen Potion"},{"floor":12,"key":"Energy Potion"},{"floor":13,"key":"SneckoOil"}],"is_trial":false,"path_per_floor":["M","?","M","M","M","R","E","M","T","?","M","M","M","?","R","B",null,"M","M"],"character_chosen":"THE_ANIMATOR","items_purchased":[],"campfire_rested":1,"item_purchase_floors":[],"current_hp_per_floor":[58,58,57,53,47,47,19,11,11,11,19,14,17,17,35,31,62,40,0,0],"gold":402,"neow_bonus":"THREE_RARE_CARDS","is_daily":false,"chose_seed":false,"campfire_upgraded":1,"win_rate":0.0,"timestamp":1608743136,"path_taken":["M","?","M","M","M","R","E","M","T","?","M","M","M","?","R","BOSS","M","M"],"items_purchased_type":[],"build_version":"2020-12-22","purchased_purges":0,"victory":false,"max_hp_per_floor":[60,60,60,60,60,60,60,61,61,61,61,61,62,62,62,62,62,62,62,62],"card_choices":[{"not_picked":["animator:HigakiRinne","animator:Father"],"picked":"animator:SwordMaiden","floor":0},{"not_picked":["animator:ElricAlphonse","animator:Demiurge"],"picked":"animator:Raven","floor":1},{"not_picked":["animator:Sloth","animator:Shichika"],"picked":"animator:UneriGinkaku","floor":3},{"not_picked":["animator:Millim","animator:Cocytus","animator:Genos"],"picked":"SKIP","floor":4},{"not_picked":["animator:GazelDwargon","animator:Shuna"],"picked":"animator:Souei","floor":5},{"not_picked":["animator:Witch","animator:ChlammyZell"],"picked":"animator:MetalKnight","floor":7},{"not_picked":["animator:Emonzaemon","animator:Chris"],"picked":"animator:Shion","floor":8},{"not_picked":["animator:Togame","animator:Aisha"],"picked":"animator:Melzalgald","floor":11},{"not_picked":["animator:Souei","animator:Benimaru"],"picked":"animator:Kaijin","floor":12},{"not_picked":["animator:MaesHughes","animator:Entoma"],"picked":"animator:Konayuki","floor":13},{"not_picked":["animator:Saitama","animator:Eris"],"picked":"animator:Eve","floor":16},{"not_picked":["animator:Shichika","animator:Sebas+1"],"picked":"animator:Genos","floor":18}],"player_experience":236009,"relics_obtained":[{"floor":7,"key":"animator:Buoy"},{"floor":9,"key":"Blood Vial"}],"event_choices":[{"damage_healed":0,"gold_gain":0,"cards_transformed":["animator:Strike"],"player_choice":"Change","damage_taken":0,"max_hp_gain":0,"max_hp_loss":0,"event_name":"Living Wall","floor":2,"gold_loss":0,"cards_obtained":["animator:Biyorigo"]},{"damage_healed":0,"gold_gain":0,"player_choice":"Ignored","damage_taken":0,"max_hp_gain":0,"max_hp_loss":0,"event_name":"Shining Light","floor":10,"gold_loss":0},{"damage_healed":0,"gold_gain":58,"player_choice":"Gained Gold","damage_taken":0,"max_hp_gain":0,"max_hp_loss":0,"event_name":"Golden Wing","floor":14,"gold_loss":0}],"is_beta":false,"boss_relics":[{"not_picked":["Philosopher\u0027s Stone","SlaversCollar"],"picked":"Pandora\u0027s Box"}],"items_purged_floors":[],"is_endless":false,"potions_floor_spawned":[4,5,7,12,13],"killed_by":"2 Thieves","ascension_level":0}}