{"host":"5gc11emcm5chfr5t","time":1608754584,"event":{"mods":["2.2 Compatiblity","AchievementEnabler","BaseMod","Bestiary","Better Note","Colored Map","Colored Powertips","Downfall","Googly Eyes","Minty Spire (QoL Compilation)","Rare Cards Sparkle","StSLib"],"gold_per_floor":[99,109,119,104,104,120,168,196,208,219,231,48,48,61,75,75,75],"floor_reached":16,"playtime":2851,"items_purged":[],"score":212,"play_id":"c82f754f-e6f5-4cf5-854c-c38a2c2874a7","local_time":"20201223151624","is_ascension_mode":true,"campfire_choices":[{"floor":1,"key":"RECALL"},{"floor":13,"key":"REST"}],"circlet_count":0,"master_deck":["AscendersBane","sneckomod:Strike","sneckomod:Strike","sneckomod:Strike","sneckomod:Defend","sneckomod:Defend","sneckomod:Defend","sneckomod:TailWhip","sneckomod:SnekBite","sneckomod:Unknown","sneckomod:Unknown","sneckomod:DiceBlock","sneckomod:UnknownDexterity","sneckomod:SoulCleanse","sneckomod:UnknownClassBLUE","sneckomod:Nope","sneckomod:UnknownClassGREEN","sneckomod:SerpentIdol","sneckomod:WideSting","sneckomod:UnknownRareAttack","sneckomod:UnknownClassGREEN","sneckomod:IronFang"],"relics":["Sozu","downfall:BrokenWingStatue","Bag of Marbles","Anchor","Strawberry"],"acts_visited":["Exordium"],"potions_floor_usage":[],"damage_taken":[{"damage":7,"enemies":"Jaw Worm","floor":2,"turns":3},{"damage":7,"enemies":"Small Slimes","floor":3,"turns":3},{"damage":5,"enemies":"downfall:FleeingMerchant","floor":4,"turns":4},{"damage":9,"enemies":"2 Louse","floor":6,"turns":3},{"damage":29,"enemies":"Lagavulin","floor":8,"turns":7},{"damage":0,"enemies":"2 Fungi Beasts","floor":9,"turns":4},{"damage":17,"enemies":"Exordium Wildlife","floor":10,"turns":5},{"damage":0,"enemies":"Blue Slaver","floor":11,"turns":1},{"damage":0,"enemies":"downfall:FleeingMerchant","floor":12,"turns":4},{"damage":0,"enemies":"2 Fungi Beasts","floor":14,"turns":2},{"damage":0,"enemies":"Exordium Wildlife","floor":15,"turns":3},{"damage":42,"enemies":"downfall:Watcher","floor":16,"turns":8}],"seed_played":"2511416874441200946","potions_obtained":[],"is_trial":false,"path_per_floor":["R","M","M","$","?","M","T","E","M","M","M","$","R","M","M","B"],"character_chosen":"THE_SNECKO","items_purchased":["Strawberry"],"campfire_rested":1,"item_purchase_floors":[12],"current_hp_per_floor":[75,68,61,56,56,47,47,18,18,1,1,8,35,35,35,0,0],"gold":75,"neow_bonus":"BOSS_RELIC","is_daily":false,"chose_seed":false,"campfire_upgraded":0,"win_rate":0.0,"timestamp":1608754584,"path_taken":["R","M","M","$","?","M","T","E","M","M","M","$","R","M","M","BOSS"],"items_purchased_type":["Relic"],"build_version":"2020-12-22","purchased_purges":0,"victory":false,"max_hp_per_floor":[83,83,83,83,83,83,83,83,83,83,83,90,90,90,90,90,90],"card_choices":[{"not_picked":["sneckomod:MixItUp","sneckomod:UnknownClassGUARDIAN"],"picked":"sneckomod:DiceBlock","floor":2},{"not_picked":["sneckomod:UnknownStrike","sneckomod:SoulDraw"],"picked":"sneckomod:UnknownDexterity","floor":3},{"not_picked":["sneckomod:UnknownClassBLUE","sneckomod:UnknownClassHEXA_GHOST_PURPLE"],"picked":"sneckomod:SoulCleanse","floor":4},{"not_picked":["sneckomod:QuickBite","sneckomod:RainOfDice"],"picked":"sneckomod:UnknownClassBLUE","floor":6},{"not_picked":["sneckomod:RainOfDice","sneckomod:UnknownCommonAttack"],"picked":"sneckomod:Nope","floor":8},{"not_picked":["sneckomod:SnekBeam","sneckomod:QuickMove"],"picked":"sneckomod:UnknownClassGREEN","floor":9},{"not_picked":["sneckomod:DiceCrush","sneckomod:CheapStock"],"picked":"sneckomod:SerpentIdol","floor":10},{"not_picked":["sneckomod:UnknownCommonSkill","sneckomod:UnknownClassGREEN"],"picked":"sneckomod:WideSting","floor":11},{"not_picked":["sneckomod:Mudshield","sneckomod:UnknownClassHEXA_GHOST_PURPLE"],"picked":"sneckomod:UnknownRareAttack","floor":12},{"not_picked":["sneckomod:UnknownStrike","sneckomod:ImprovisedGuard"],"picked":"sneckomod:UnknownClassGREEN","floor":14},{"not_picked":["sneckomod:UnknownClassTHE_CHAMP_GRAY","sneckomod:QuickBite"],"picked":"sneckomod:IronFang","floor":15}],"player_experience":485998,"relics_obtained":[{"floor":7,"key":"Bag of Marbles"},{"floor":8,"key":"Anchor"}],"event_choices":[],"is_beta":false,"boss_relics":[],"items_purged_floors":[],"is_endless":false,"potions_floor_spawned":[2,6,8,10,11],"killed_by":"downfall:Watcher","ascension_level":20}}