{"host":"qxeepl7ydvsgmfdb","time":1608697324,"event":{"mods":["AchievementEnabler","BaseMod","Colored Powertips","Minty Spire (QoL Compilation)","Quick Restart","slay the spire mod where everything is the same but ironclad has a cowboy hat"],"gold_per_floor":[112,187,187,187,187,187,201,29,29,29,61,61,73,38,38,135,135,155,155,170,170,189,189,189,62,62,77,77,92,117,129,129,230,230,244,244,244,113,113,113,139,172,172,172,222,242,260,314,314,314,314],"floor_reached":50,"playtime":1612,"items_purged":["Writhe"],"score":697,"play_id":"6ebb5ba0-9ccb-4cdb-b1ec-3b8912bb78cd","local_time":"20201222232204","is_ascension_mode":true,"campfire_choices":[{"floor":6.0,"key":"REST"},{"data":"After Image","floor":12.0,"key":"SMITH"},{"data":"Accuracy","floor":15.0,"key":"SMITH"},{"data":"Phantasmal Killer","floor":23.0,"key":"SMITH"},{"floor":28.0,"key":"REST"},{"floor":32.0,"key":"REST"},{"data":"Venomology","floor":40.0,"key":"SMITH"},{"data":"Apotheosis","floor":44.0,"key":"SMITH"},{"floor":49.0,"key":"REST"}],"circlet_count":0,"master_deck":["Strike_G","Strike_G+1","Strike_G+1","Strike_G","Strike_G","Defend_G","Defend_G","Defend_G","Defend_G","Survivor","Neutralize","PiercingWail","Blade Dance","Accuracy+1","After Image+1","Infinite Blades","Phantasmal Killer+1","Slice","Crippling Poison","Venomology+1","Cloak And Dagger","Blade Dance","Deadly Poison","Deflect+1","Apotheosis+1","Writhe","Blade Dance","Parasite"],"relics":["Ring of the Snake","NeowsBlessing","Ninja Scroll","Membership Card","PreservedInsect","Happy Flower","SlaversCollar","Potion Belt","Paper Crane","Unceasing Top","Lantern","SacredBark","Singing Bowl","Toy Ornithopter","Pear","Regal Pillow","StoneCalendar","Thread and Needle"],"acts_visited":["Exordium","TheCity","TheBeyond"],"potions_floor_usage":[50],"damage_taken":[{"damage":0.0,"enemies":"Small Slimes","floor":1.0,"turns":1.0},{"damage":0.0,"enemies":"Jaw Worm","floor":7.0,"turns":1.0},{"damage":0.0,"enemies":"3 Sentries","floor":11.0,"turns":1.0},{"damage":0.0,"enemies":"2 Louse","floor":13.0,"turns":2.0},{"damage":0.0,"enemies":"Slime Boss","floor":16.0,"turns":3.0},{"damage":0.0,"enemies":"3 Byrds","floor":18.0,"turns":6.0},{"damage":16.0,"enemies":"2 Thieves","floor":20.0,"turns":4.0},{"damage":13.0,"enemies":"Centurion and Healer","floor":22.0,"turns":5.0},{"damage":27.0,"enemies":"Chosen and Byrds","floor":27.0,"turns":5.0},{"damage":0.0,"enemies":"Snecko","floor":29.0,"turns":5.0},{"damage":11.0,"enemies":"Shelled Parasite and Fungi","floor":31.0,"turns":3.0},{"damage":15.0,"enemies":"Champ","floor":33.0,"turns":7.0},{"damage":5.0,"enemies":"Orb Walker","floor":35.0,"turns":4.0},{"damage":6.0,"enemies":"Nemesis","floor":42.0,"turns":7.0},{"damage":0.0,"enemies":"Mind Bloom Boss Battle","floor":45.0,"turns":4.0},{"damage":0.0,"enemies":"3 Darklings","floor":46.0,"turns":2.0},{"damage":7.0,"enemies":"Writhing Mass","floor":47.0,"turns":6.0},{"damage":19.0,"enemies":"2 Orb Walkers","floor":48.0,"turns":6.0},{"damage":99,"enemies":"Time Eater","floor":50,"turns":11}],"seed_played":"-4524819972191109889","potions_obtained":[{"floor":1.0,"key":"SkillPotion"},{"floor":13.0,"key":"DuplicationPotion"},{"floor":18.0,"key":"Dexterity Potion"},{"floor":27.0,"key":"Ancient Potion"},{"floor":45.0,"key":"Explosive Potion"}],"is_trial":false,"path_per_floor":["M","?","?","?","?","R","M","$","T","?","E","R","M","$","R","B",null,"M","?","M","T","M","R","?","$","T","M","R","M","T","M","R","B",null,"M","?","?","$","?","R","T","E","T","R","?","M","M","?","R","B"],"character_chosen":"THE_SILENT","items_purchased":["Membership Card","Accuracy","Infinite Blades","Cloak And Dagger","ColorlessPotion","Explosive Potion","Explosive Potion","Singing Bowl"],"campfire_rested":4,"item_purchase_floors":[8,8,14,25,25,25,25,38],"current_hp_per_floor":[70,59,52,52,38,59,59,59,59,59,59,59,59,59,59,59,70,70,70,54,54,41,41,41,41,41,14,35,35,35,24,45,30,70,65,65,65,65,70,70,70,76,76,76,83,84,79,69,88,0,0],"gold":314,"neow_bonus":"THREE_ENEMY_KILL","is_daily":false,"chose_seed":false,"campfire_upgraded":5,"win_rate":0.0,"timestamp":1608697324,"path_taken":["M","?","?","?","?","R","M","$","T","?","E","R","?","$","R","BOSS","M","?","M","?","M","R","?","$","T","M","R","?","?","M","R","BOSS","M","?","?","$","?","R","?","E","T","R","?","M","M","?","R","BOSS"],"items_purchased_type":["Relic","Card","Card","Card","Potion","Potion","Potion","Relic"],"build_version":"2020-12-13","purchased_purges":1,"victory":false,"max_hp_per_floor":[70,70,70,70,70,70,70,70,70,70,70,70,70,70,70,70,70,70,70,70,70,70,70,70,70,70,70,70,70,70,70,70,70,70,70,70,70,70,70,70,70,82,82,82,84,84,86,88,88,88,88],"card_choices":[{"not_picked":["Footwork","Quick Slash"],"picked":"PiercingWail","floor":1.0},{"not_picked":["Poisoned Stab","PiercingWail"],"picked":"Blade Dance","floor":7.0},{"not_picked":["Backflip","Infinite Blades"],"picked":"After Image","floor":11.0},{"not_picked":["Quick Slash","Expertise","Outmaneuver"],"picked":"SKIP","floor":13.0},{"not_picked":["Malaise","Glass Knife"],"picked":"Phantasmal Killer","floor":16.0},{"not_picked":["Dodge and Roll","Calculated Gamble","Masterful Stab+1"],"picked":"SKIP","floor":18.0},{"not_picked":["Reflex+1","Prepared+1"],"picked":"Slice","floor":20.0},{"not_picked":["Bane","Quick Slash"],"picked":"Crippling Poison","floor":22.0},{"not_picked":["Prepared+1","Unload"],"picked":"Blade Dance","floor":27.0},{"not_picked":["Endless Agony","Blur+1"],"picked":"Deadly Poison","floor":29.0},{"not_picked":["Calculated Gamble","Backflip","Dagger Throw"],"picked":"SKIP","floor":31.0},{"not_picked":["Poisoned Stab+1","Underhanded Strike"],"picked":"Deflect+1","floor":35.0},{"not_picked":["Thinking Ahead","Madness"],"picked":"Apotheosis","floor":36.0},{"not_picked":["Calculated Gamble+1","Caltrops","Sucker Punch+1"],"picked":"Singing Bowl","floor":42.0},{"not_picked":["Quick Slash+1","Masterful Stab+1","Blur+1"],"picked":"Singing Bowl","floor":45.0},{"not_picked":["Well Laid Plans","Backflip+1"],"picked":"Blade Dance","floor":46.0},{"not_picked":["Deflect","Prepared","Blur"],"picked":"Singing Bowl","floor":47.0},{"not_picked":["Blur+1","Quick Slash","Setup"],"picked":"Singing Bowl","floor":48.0}],"player_experience":317731,"relics_obtained":[{"floor":9.0,"key":"PreservedInsect"},{"floor":11.0,"key":"Happy Flower"},{"floor":21.0,"key":"Paper Crane"},{"floor":26.0,"key":"Unceasing Top"},{"floor":30.0,"key":"Lantern"},{"floor":41.0,"key":"Toy Ornithopter"},{"floor":42.0,"key":"Pear"},{"floor":43.0,"key":"Regal Pillow"},{"floor":45.0,"key":"StoneCalendar"},{"floor":48.0,"key":"Thread and Needle"}],"event_choices":[{"damage_healed":0.0,"max_hp_gain":0.0,"max_hp_loss":0.0,"gold_gain":75.0,"event_name":"World of Goop","player_choice":"Gather Gold","floor":2.0,"gold_loss":0.0,"damage_taken":11.0},{"cards_removed":["Defend_G"],"damage_healed":0.0,"max_hp_gain":0.0,"max_hp_loss":0.0,"gold_gain":0.0,"event_name":"Golden Wing","player_choice":"Card Removal","floor":3.0,"gold_loss":0.0,"damage_taken":7.0},{"damage_healed":0.0,"max_hp_gain":0.0,"max_hp_loss":0.0,"gold_gain":0.0,"event_name":"Big Fish","player_choice":"Box","floor":4.0,"gold_loss":0.0,"damage_taken":0.0,"relics_obtained":["Ninja Scroll"],"cards_obtained":["Regret"]},{"damage_healed":0.0,"max_hp_gain":0.0,"max_hp_loss":0.0,"gold_gain":0.0,"event_name":"Shining Light","player_choice":"Entered Light","floor":5.0,"gold_loss":0.0,"damage_taken":14.0,"cards_upgraded":["Strike_G","Strike_G"]},{"cards_removed":["Regret"],"damage_healed":0.0,"max_hp_gain":0.0,"max_hp_loss":0.0,"gold_gain":0.0,"event_name":"Living Wall","player_choice":"Forget","floor":10.0,"gold_loss":0.0,"damage_taken":0.0},{"damage_healed":0.0,"max_hp_gain":0.0,"max_hp_loss":0.0,"gold_gain":0.0,"event_name":"The Mausoleum","player_choice":"Opened","floor":19.0,"gold_loss":0.0,"damage_taken":0.0,"relics_obtained":["Potion Belt"],"cards_obtained":["Writhe"]},{"damage_healed":0.0,"max_hp_gain":0.0,"max_hp_loss":0.0,"gold_gain":0.0,"event_name":"The Library","player_choice":"Read","floor":24.0,"gold_loss":0.0,"damage_taken":0.0,"cards_obtained":["Venomology"]},{"damage_healed":0.0,"max_hp_gain":0.0,"max_hp_loss":0.0,"gold_gain":0.0,"event_name":"SensoryStone","player_choice":"Memory 1","floor":36.0,"gold_loss":0.0,"damage_taken":0.0},{"damage_healed":0.0,"max_hp_gain":0.0,"max_hp_loss":0.0,"gold_gain":0.0,"event_name":"Tomb of Lord Red Mask","player_choice":"Ignored","floor":37.0,"gold_loss":0.0,"damage_taken":0.0},{"damage_healed":18.0,"max_hp_gain":0.0,"max_hp_loss":0.0,"gold_gain":0.0,"event_name":"Winding Halls","player_choice":"Writhe","floor":39.0,"gold_loss":0.0,"damage_taken":0.0,"cards_obtained":["Writhe"]},{"damage_healed":0.0,"max_hp_gain":0.0,"max_hp_loss":0.0,"gold_gain":0.0,"event_name":"MindBloom","player_choice":"Fight","floor":45.0,"gold_loss":0.0,"damage_taken":0.0},{"damage_healed":0.0,"max_hp_gain":0.0,"max_hp_loss":0.0,"gold_gain":0.0,"event_name":"Mysterious Sphere","player_choice":"Fight","floor":48.0,"gold_loss":0.0,"damage_taken":0.0}],"is_beta":false,"boss_relics":[{"not_picked":["Snecko Eye","Cursed Key"],"picked":"SlaversCollar"},{"not_picked":["Empty Cage","Runic Dome"],"picked":"SacredBark"}],"items_purged_floors":[25],"is_endless":false,"potions_floor_spawned":[1,13,18,27,45],"killed_by":"Time Eater","ascension_level":4}}