{"host":"y5tc7j9cy8ozb2ed","time":1608684667,"event":{"mods":["BaseMod","Dio Mod","Hermit","Minty Spire (QoL Compilation)","StSLib","The Forsaken","????"],"gold_per_floor":[117,132,148,160,160,201,225,225,225,263,339,379,379,117,117,245,245,264,289,3,16,36,36,375,375,398,441,441],"floor_reached":27,"playtime":2033,"items_purged":[],"score":373,"play_id":"56f7a83d-bc2b-4e28-8bd2-121f88f5fbfd","local_time":"20201222195107","is_ascension_mode":false,"campfire_choices":[{"data":"PlaceholderMod:DiffusionChemical","floor":8,"key":"SMITH"},{"floor":13,"key":"REST"},{"data":"PlaceholderMod:PoisonAbsorb","floor":15,"key":"SMITH"},{"data":"PlaceholderMod:Polyp","floor":23,"key":"SMITH"}],"circlet_count":0,"master_deck":["PlaceholderMod:BaseDefend","PlaceholderMod:BaseDefend","PlaceholderMod:BaseDefend","PlaceholderMod:BaseDefend","PlaceholderMod:BaseDefend","PlaceholderMod:Crystal","PlaceholderMod:PoisonWhip","PlaceholderMod:TriggerStrike","PlaceholderMod:OHStrongAttack","PlaceholderMod:DiffusionChemical+1","PlaceholderMod:ParasiteChange","PlaceholderMod:Turn","PlaceholderMod:Corrosion","PlaceholderMod:CorePoison","PlaceholderMod:HardStrike","PlaceholderMod:PoisonAbsorb+1","PlaceholderMod:HornyCollision","PlaceholderMod:AngryAttack","PlaceholderMod:SprayAttack+1","PlaceholderMod:UnpureUse+1","PlaceholderMod:Polyp+1","PlaceholderMod:SpinBlade+1","PlaceholderMod:Activation","Bite","Bite","Bite","Bite","Bite"],"relics":["PlaceholderMod:Tancle","NeowsBlessing","Golden Idol","Juzu Bracelet","Bottled Flame","Pantograph","Bag of Preparation","Gremlin Horn","Bottled Lightning","Sozu","Frozen Egg 2","Old Coin","Smiling Mask","Eternal Feather"],"acts_visited":["Exordium","TheCity"],"potions_floor_usage":[11,12,12,12,22],"damage_taken":[{"damage":0,"enemies":"Jaw Worm","floor":1,"turns":1},{"damage":0,"enemies":"Small Slimes","floor":2,"turns":1},{"damage":0,"enemies":"2 Louse","floor":3,"turns":1},{"damage":0,"enemies":"Red Slaver","floor":4,"turns":3},{"damage":14,"enemies":"Gremlin Nob","floor":6,"turns":4},{"damage":0,"enemies":"3 Louse","floor":7,"turns":4},{"damage":3,"enemies":"Lagavulin","floor":10,"turns":6},{"damage":19,"enemies":"Lagavulin Event","floor":11,"turns":6},{"damage":0,"enemies":"Gremlin Nob","floor":12,"turns":4},{"damage":0,"enemies":"The Guardian","floor":16,"turns":8},{"damage":0,"enemies":"3 Byrds","floor":18,"turns":3},{"damage":0,"enemies":"Chosen","floor":19,"turns":3},{"damage":0,"enemies":"Snake Plant","floor":21,"turns":3},{"damage":3,"enemies":"Snecko","floor":22,"turns":3},{"damage":14,"enemies":"Gremlin Leader","floor":24,"turns":5},{"damage":10,"enemies":"Slavers","floor":27,"turns":4}],"seed_played":"-1447093974857396358","potions_obtained":[{"floor":6,"key":"FearPotion"},{"floor":7,"key":"PlaceholderMod:PlaceholderPotion"},{"floor":10,"key":"Dexterity Potion"},{"floor":11,"key":"BlessingOfTheForge"},{"floor":16,"key":"PowerPotion"}],"is_trial":false,"path_per_floor":["M","M","M","M","?","E","M","R","T","E","?","E","R","$","R","B",null,"M","M","$","M","M","R","E","?","T","E"],"character_chosen":"THE_PLACEHOLDER","items_purchased":["Bottled Lightning","Frozen Egg 2","PlaceholderMod:UnpureUse+1"],"campfire_rested":1,"item_purchase_floors":[14,20,20],"current_hp_per_floor":[78,78,78,78,59,45,45,45,45,42,23,23,46,46,46,71,78,78,78,78,78,75,75,61,54,54,44,44],"gold":441,"neow_bonus":"THREE_ENEMY_KILL","is_daily":false,"chose_seed":false,"campfire_upgraded":3,"win_rate":0.0,"timestamp":1608684667,"path_taken":["M","M","M","M","?","E","M","R","T","E","?","E","R","$","R","BOSS","M","M","$","M","M","R","E","?","T","E"],"items_purchased_type":["Relic","Relic","Card"],"build_version":"2020-12-13","purchased_purges":0,"victory":false,"max_hp_per_floor":[78,78,78,78,78,78,78,78,78,78,78,78,78,78,78,78,78,78,78,78,78,78,78,78,54,54,54,54],"card_choices":[{"not_picked":["PlaceholderMod:OHStrongAttack","PlaceholderMod:DissolvingSpikes"],"picked":"PlaceholderMod:TriggerStrike","floor":1},{"not_picked":["PlaceholderMod:Polyp","PlaceholderMod:HardStrike"],"picked":"PlaceholderMod:OHStrongAttack","floor":2},{"not_picked":["PlaceholderMod:Stable","PlaceholderMod:SevereHeat"],"picked":"PlaceholderMod:DiffusionChemical","floor":3},{"not_picked":["PlaceholderMod:ChainPoly","PlaceholderMod:TriggerStrike"],"picked":"PlaceholderMod:ParasiteChange","floor":4},{"not_picked":["PlaceholderMod:FastReaction","PlaceholderMod:AttackAsDefend"],"picked":"PlaceholderMod:Turn","floor":6},{"not_picked":["PlaceholderMod:Eat","PlaceholderMod:ContinueSpray"],"picked":"PlaceholderMod:Corrosion","floor":7},{"not_picked":["PlaceholderMod:AttackAsDefend","PlaceholderMod:FastReaction"],"picked":"PlaceholderMod:CorePoison","floor":10},{"not_picked":["PlaceholderMod:HardStinger","PlaceholderMod:DissolvingSpikes"],"picked":"PlaceholderMod:HardStrike","floor":11},{"not_picked":["PlaceholderMod:SpinBlade","PlaceholderMod:Crystallization"],"picked":"PlaceholderMod:PoisonAbsorb","floor":12},{"not_picked":["PlaceholderMod:ReactionCatalyze","PlaceholderMod:Eat"],"picked":"PlaceholderMod:HornyCollision","floor":16},{"not_picked":["PlaceholderMod:PoisonBlast","PlaceholderMod:StressReaction"],"picked":"PlaceholderMod:AngryAttack","floor":18},{"not_picked":["PlaceholderMod:ComplexForm","PlaceholderMod:HornyBlast"],"picked":"PlaceholderMod:SprayAttack+1","floor":19},{"not_picked":["PlaceholderMod:OHStrongAttack","PlaceholderMod:ProliferateStrike"],"picked":"PlaceholderMod:Polyp","floor":21},{"not_picked":["PlaceholderMod:ConsolidateHit","PlaceholderMod:DiffusionChemical"],"picked":"PlaceholderMod:SpinBlade+1","floor":22},{"not_picked":["PlaceholderMod:ReactionCatalyze","PlaceholderMod:DirectingGroup+1"],"picked":"PlaceholderMod:Activation","floor":24},{"not_picked":["PlaceholderMod:ConsolidateHit+1","PlaceholderMod:UnpureUse+1","PlaceholderMod:NearChange"],"picked":"SKIP","floor":27}],"player_experience":69427,"relics_obtained":[{"floor":6,"key":"Juzu Bracelet"},{"floor":9,"key":"Bottled Flame"},{"floor":10,"key":"Pantograph"},{"floor":11,"key":"Bag of Preparation"},{"floor":12,"key":"Gremlin Horn"},{"floor":24,"key":"Old Coin"},{"floor":26,"key":"Smiling Mask"},{"floor":27,"key":"Eternal Feather"}],"event_choices":[{"damage_healed":0,"gold_gain":0,"player_choice":"Take Damage","damage_taken":19,"relics_obtained":["Golden Idol"],"max_hp_gain":0,"max_hp_loss":0,"event_name":"Golden Idol","floor":5,"gold_loss":0},{"damage_healed":0,"gold_gain":0,"player_choice":"Searched \u00271\u0027 times","damage_taken":0,"max_hp_gain":0,"max_hp_loss":0,"event_name":"Dead Adventurer","floor":11,"gold_loss":0},{"damage_healed":0,"gold_gain":0,"player_choice":"Became a vampire","damage_taken":0,"max_hp_gain":0,"max_hp_loss":24,"event_name":"Vampires","floor":25,"gold_loss":0,"cards_obtained":["Bite","Bite","Bite","Bite","Bite"]}],"is_beta":false,"boss_relics":[{"not_picked":["SacredBark","Coffee Dripper"],"picked":"Sozu"}],"items_purged_floors":[],"is_endless":false,"potions_floor_spawned":[6,7,10,11,16,19,21],"killed_by":"Slavers","ascension_level":0}}