{"host":"94aus4jnk6thj94q","time":1608729281,"event":{"mods":["BaseMod","Minty Spire (QoL Compilation)","Quick Restart","StSLib"],"gold_per_floor":[115,134,153,8,0,30,30,47,99,115,115,131,162,181,181,281,281,296,310,310,310],"floor_reached":20,"playtime":1221,"items_purged":[],"score":188,"play_id":"fe8fa6e7-7d06-444a-bcf0-2d07a4e791d2","local_time":"20201223151441","is_ascension_mode":false,"campfire_choices":[{"floor":7,"key":"REST"},{"data":"Sunder","floor":15,"key":"SMITH"}],"circlet_count":0,"master_deck":["Strike_B","Strike_B","Strike_B","Defend_B","Defend_B","Defend_B","Defend_B","Zap","Dualcast","Glacier","Sunder+1","Core Surge","Sunder","Coolheaded","Redo","Loop","Go for the Eyes+1","Conserve Battery+1"],"relics":["Cracked Core","Vajra","Matryoshka","Blood Vial","Bag of Marbles","DataDisk"],"acts_visited":["Exordium","TheCity"],"potions_floor_usage":[6,10,13,16,18],"damage_taken":[{"damage":1,"enemies":"Jaw Worm","floor":1,"turns":3},{"damage":0,"enemies":"Cultist","floor":2,"turns":3},{"damage":1,"enemies":"2 Louse","floor":3,"turns":2},{"damage":23,"enemies":"Lagavulin","floor":6,"turns":6},{"damage":0,"enemies":"Large Slime","floor":8,"turns":6},{"damage":2,"enemies":"Lots of Slimes","floor":10,"turns":3},{"damage":1,"enemies":"Blue Slaver","floor":12,"turns":3},{"damage":9,"enemies":"3 Sentries","floor":13,"turns":9},{"damage":0,"enemies":"Large Slime","floor":14,"turns":4},{"damage":14,"enemies":"The Guardian","floor":16,"turns":7},{"damage":3,"enemies":"Shell Parasite","floor":18,"turns":10},{"damage":37,"enemies":"2 Thieves","floor":19,"turns":4},{"damage":3,"enemies":"Snake Plant","floor":20,"turns":1}],"seed_played":"9195642204812525196","potions_obtained":[{"floor":2,"key":"SteroidPotion"},{"floor":3,"key":"DistilledChaos"},{"floor":8,"key":"ColorlessPotion"},{"floor":14,"key":"PowerPotion"},{"floor":16,"key":"ColorlessPotion"},{"floor":18,"key":"Dexterity Potion"}],"is_trial":false,"path_per_floor":["M","M","M","$","?","E","R","M","T","M","?","M","E","M","R","B",null,"M","M","M"],"character_chosen":"DEFECT","items_purchased":["Core Surge","Sunder"],"campfire_rested":1,"item_purchase_floors":[4,4],"current_hp_per_floor":[74,74,73,73,73,50,72,72,72,72,72,73,66,68,68,56,75,72,37,36,36],"gold":310,"neow_bonus":"RANDOM_COMMON_RELIC","is_daily":false,"chose_seed":false,"campfire_upgraded":1,"win_rate":0.0,"timestamp":1608729281,"path_taken":["M","M","M","$","?","E","R","M","T","M","?","M","E","?","R","BOSS","M","M","M"],"items_purchased_type":["Card","Card"],"build_version":"2020-12-22","purchased_purges":0,"victory":false,"max_hp_per_floor":[75,75,75,75,75,75,75,75,75,75,75,75,75,75,75,75,75,75,75,75,75],"card_choices":[{"not_picked":["Streamline","Rebound"],"picked":"Glacier","floor":1},{"not_picked":["Go for the Eyes","Stack","Rebound"],"picked":"SKIP","floor":2},{"not_picked":["Steam","BootSequence"],"picked":"Sunder","floor":3},{"not_picked":["Tempest","Gash","Steam"],"picked":"SKIP","floor":6},{"not_picked":["Rebound","Streamline"],"picked":"Coolheaded","floor":8},{"not_picked":["Steam Power","Loop"],"picked":"Redo","floor":10},{"not_picked":["Glacier","Gash"],"picked":"Loop","floor":12},{"not_picked":["Hello World","Rip and Tear","Meteor Strike"],"picked":"SKIP","floor":13},{"not_picked":["Gash","Streamline","Barrage"],"picked":"SKIP","floor":14},{"not_picked":["Compile Driver","Double Energy"],"picked":"Go for the Eyes+1","floor":18},{"not_picked":["Leap+1","Melter"],"picked":"Conserve Battery+1","floor":19}],"player_experience":5630823,"relics_obtained":[{"floor":6,"key":"Matryoshka"},{"floor":9,"key":"Blood Vial"},{"floor":9,"key":"Bag of Marbles"},{"floor":13,"key":"DataDisk"}],"event_choices":[{"damage_healed":0,"gold_gain":0,"player_choice":"Left Gold","damage_taken":0,"max_hp_gain":0,"max_hp_loss":0,"event_name":"World of Goop","floor":5,"gold_loss":8},{"cards_removed":["Strike_B"],"damage_healed":0,"gold_gain":0,"player_choice":"Purged","damage_taken":0,"max_hp_gain":0,"max_hp_loss":0,"event_name":"Purifier","floor":11,"gold_loss":0}],"is_beta":false,"boss_relics":[{"not_picked":["Pandora\u0027s Box","Runic Dome","Runic Pyramid"]}],"items_purged_floors":[],"is_endless":false,"potions_floor_spawned":[2,3,8,14,16,18],"killed_by":"Snake Plant","ascension_level":0}}