{"host":"4u4xibnmtqpdl4qa","time":1608726512,"event":{"mods":["AchievementEnabler","BaseMod","Colored Map","Colored Powertips","DeckTracker","Highlight Path","Minty Spire (QoL Compilation)","Quick Restart","Relic Stats","StSLib","TheHero","Waifu the Spire"],"gold_per_floor":[110,120,68,86,86,118,73,73,97,169,195,220,232,271,283,400,412,438,450,472,494,506,518,630,660,699,711,711],"floor_reached":27,"playtime":2359,"items_purged":[],"score":259,"play_id":"efa1b9d0-e080-4f2b-b0eb-71c8121ea0a8","local_time":"20201223132832","is_ascension_mode":true,"campfire_choices":[{"data":"animeID:Mineta","floor":8.0,"key":"SMITH"},{"floor":15.0,"key":"REST"},{"floor":23,"key":"REST"}],"circlet_count":0,"master_deck":["animeID:Bakugo+1","animeID:Smash+1","animeID:Smash","animeID:Smash+1","animeID:DefendMH","animeID:DefendMH+1","animeID:DefendMH","animeID:DefendMH","animeID:TodorokiShoto","animeID:NightEye","animeID:Momo","animeID:Kendo","animeID:Mineta+1","animeID:Tsuyu","animeID:Mezo","animeID:HowitzerImpact","animeID:MirioTogata","CurseOfTheBell","animeID:FullCowl","animeID:Aoyama","animeID:TodorokiShoto","animeID:Mina+1","Necronomicurse","animeID:Kirishima"],"relics":["SlaversCollar","Strawberry","MawBank","MealTicket","StoneCalendar","Calling Bell","Bag of Marbles","Pear","Pocketwatch","Necronomicon","Whetstone"],"acts_visited":["Exordium","TheCity"],"potions_floor_usage":[27,27],"damage_taken":[{"damage":2.0,"enemies":"Jaw Worm","floor":1.0,"turns":4.0},{"damage":0.0,"enemies":"Small Slimes","floor":2.0,"turns":3.0},{"damage":0.0,"enemies":"2 Louse","floor":4.0,"turns":1.0},{"damage":4.0,"enemies":"Lagavulin","floor":6.0,"turns":6.0},{"damage":14.0,"enemies":"3 Sentries","floor":10.0,"turns":5.0},{"damage":8.0,"enemies":"Large Slime","floor":11.0,"turns":5.0},{"damage":10.0,"enemies":"Exordium Thugs","floor":12.0,"turns":5.0},{"damage":11.0,"enemies":"3 Sentries","floor":14.0,"turns":9.0},{"damage":5.0,"enemies":"The Guardian","floor":16.0,"turns":11.0},{"damage":37,"enemies":"3 Byrds","floor":18,"turns":7},{"damage":13,"enemies":"Chosen","floor":20,"turns":7},{"damage":22,"enemies":"Snake Plant","floor":21,"turns":7},{"damage":20,"enemies":"Centurion and Healer","floor":25,"turns":6},{"damage":11,"enemies":"Cultist and Chosen","floor":27,"turns":6}],"seed_played":"-8331560723820890900","potions_obtained":[{"floor":4.0,"key":"Fire Potion"},{"floor":6.0,"key":"EntropicBrew"},{"floor":12.0,"key":"DistilledChaos"},{"floor":14.0,"key":"AttackPotion"},{"floor":16.0,"key":"DuplicationPotion"}],"is_trial":false,"path_per_floor":["M","M","$","M","?","E","$","R","T","?","M","M","$","E","R","B",null,"M","?","M","M","?","R","?","M","T","M"],"character_chosen":"THE_HERO","items_purchased":["animeID:Momo","animeID:Tsuyu"],"campfire_rested":2,"item_purchase_floors":[3,7],"current_hp_per_floor":[73,73,73,73,58,61,61,61,61,47,39,29,44,33,57,52,92,55,55,42,20,4,31,31,11,11,0,0],"gold":711,"neow_bonus":"BOSS_RELIC","is_daily":false,"chose_seed":false,"campfire_upgraded":1,"win_rate":0.0,"timestamp":1608726512,"path_taken":["M","M","$","M","?","E","$","R","T","?","M","M","?","E","R","BOSS","M","?","M","M","?","R","?","?","T","M"],"items_purchased_type":["Card","Card"],"build_version":"2020-12-22","purchased_purges":0,"victory":false,"max_hp_per_floor":[75,75,75,75,75,82,82,82,82,82,82,82,82,82,82,82,92,92,92,92,92,92,92,92,92,92,92,92],"relic_stats":{"counters":[14,82],"MealTicket":15,"StoneCalendar":[113],"Necronomicon":[4],"Whetstone":["animeID:Smash","animeID:Bakugo"],"MawBank":216,"obtain_stats":[{"Calling Bell":17,"SlaversCollar":0,"Pear":17,"Strawberry":6,"MealTicket":10,"StoneCalendar":14,"Bag of Marbles":17,"Necronomicon":22,"animeID:HeroCostume":0,"Whetstone":26,"MawBank":9,"Pocketwatch":17},{"Calling Bell":9,"SlaversCollar":0,"Pear":9,"Strawberry":4,"MealTicket":4,"StoneCalendar":8,"Bag of Marbles":9,"Necronomicon":12,"animeID:HeroCostume":0,"Whetstone":13,"MawBank":4,"Pocketwatch":9},{"Calling Bell":49,"SlaversCollar":0,"Pear":49,"Strawberry":14,"MealTicket":14,"StoneCalendar":38,"Bag of Marbles":49,"Necronomicon":70,"animeID:HeroCostume":0,"Whetstone":76,"MawBank":14,"Pocketwatch":49}],"Pocketwatch":[66]},"card_choices":[{"not_picked":["animeID:Mezo","animeID:Tsuyu"],"picked":"animeID:TodorokiShoto","floor":1.0},{"not_picked":["animeID:Mineta","animeID:FatGum"],"picked":"animeID:NightEye","floor":2.0},{"not_picked":["animeID:Aoyama","animeID:Bakugo"],"picked":"animeID:Kendo","floor":4.0},{"not_picked":["animeID:Rappa","animeID:Nomu"],"picked":"animeID:Mineta","floor":6.0},{"not_picked":["animeID:Bakugo","animeID:Deku"],"picked":"animeID:Mezo","floor":11.0},{"not_picked":["animeID:DelawareSmash","animeID:Kaminari","animeID:Iida"],"picked":"SKIP","floor":12.0},{"not_picked":["animeID:Mineta","animeID:Tsuyu"],"picked":"animeID:HowitzerImpact","floor":14.0},{"not_picked":["animeID:AllForOne","animeID:PlusUltra"],"picked":"animeID:MirioTogata","floor":16.0},{"not_picked":["animeID:Uraraka","animeID:Rei"],"picked":"animeID:FullCowl","floor":18},{"not_picked":["animeID:Uraraka","animeID:MtLady+1","animeID:Kendo"],"picked":"SKIP","floor":20},{"not_picked":["animeID:Tomura+1","animeID:TodorokiShoto+1"],"picked":"animeID:Mina+1","floor":21},{"not_picked":["animeID:Mina","animeID:Uraraka"],"picked":"animeID:Kirishima","floor":25}],"player_experience":143516,"relics_obtained":[{"floor":6.0,"key":"Strawberry"},{"floor":9.0,"key":"MawBank"},{"floor":14.0,"key":"StoneCalendar"},{"floor":17.0,"key":"Bag of Marbles"},{"floor":17.0,"key":"Pear"},{"floor":17.0,"key":"Pocketwatch"},{"floor":22,"key":"Necronomicon"},{"floor":26,"key":"Whetstone"}],"event_choices":[{"damage_healed":0.0,"max_hp_gain":0.0,"max_hp_loss":0.0,"gold_gain":0.0,"event_name":"Shining Light","player_choice":"Entered Light","floor":5.0,"gold_loss":0.0,"damage_taken":15.0,"cards_upgraded":["animeID:Smash","animeID:DefendMH"]},{"damage_healed":0.0,"max_hp_gain":0.0,"max_hp_loss":0.0,"gold_gain":0.0,"event_name":"Dead Adventurer","player_choice":"Searched \u00272\u0027 times","floor":10.0,"gold_loss":0.0,"damage_taken":0.0,"relics_obtained":["MealTicket"]},{"damage_healed":0,"gold_gain":0,"cards_transformed":["animeID:Deku","animeID:Smash"],"player_choice":"Became Test Subject","damage_taken":0,"max_hp_gain":0,"max_hp_loss":0,"event_name":"Drug Dealer","floor":19,"gold_loss":0,"cards_obtained":["animeID:Aoyama","animeID:TodorokiShoto"]},{"damage_healed":0,"gold_gain":0,"player_choice":"Obtained Book","damage_taken":16,"max_hp_gain":0,"max_hp_loss":0,"event_name":"Cursed Tome","floor":22,"gold_loss":0},{"damage_healed":0,"gold_gain":100,"player_choice":"Pray","damage_taken":0,"max_hp_gain":0,"max_hp_loss":0,"event_name":"Golden Shrine","floor":24,"gold_loss":0}],"is_beta":false,"boss_relics":[{"not_picked":["Busted Crown","Empty Cage"],"picked":"Calling Bell"}],"items_purged_floors":[],"is_endless":false,"potions_floor_spawned":[4,6,12,14,16],"killed_by":"Cultist and Chosen","ascension_level":1}}