{"host":"4osij1ol4dzgs8fu","time":1608684447,"event":{"mods":["AlwaysNeverKeys","BaseMod","Block Reminder","Custom Start","DeckTracker","Minty Spire (QoL Compilation)","Random Character Button","Relic Sorter","Relic Stats","ShortenTheSpire","StSLib","SuperFastMode"],"gold_per_floor":[113,131,150,170,189,215,247,282,352,379,412,438,438,464,464,568,568,585,595,63,74,0,0,35,35,80,115,131,163,178,205,205,317,317,329,163,182,195,220,250,279,279,325,355,66,95,111,139,139,139],"floor_reached":51,"playtime":5012,"items_purged":["Capacitor"],"score":1235,"play_id":"553dd862-3950-4aac-bd16-d9254c21d290","local_time":"20201223004727","daily_mods":["SealedDeck","Flight","Elite Swarm"],"is_ascension_mode":false,"campfire_choices":[{"data":"Genetic Algorithm","floor":13,"key":"SMITH"},{"data":"Hologram","floor":15,"key":"SMITH"},{"data":"Capacitor","floor":23,"key":"SMITH"},{"data":"Blizzard","floor":25,"key":"SMITH"},{"data":"White Noise","floor":32,"key":"SMITH"},{"data":"Redo","floor":42,"key":"SMITH"},{"data":"Double Energy","floor":49,"key":"SMITH"}],"circlet_count":0,"master_deck":["Gash","White Noise+1","Hologram","Self Repair","Barrage","Cold Snap","Cold Snap","Glacier","Redo+1","Genetic Algorithm+1","Hologram+1","Coolheaded","Machine Learning","Seek+1","Seek","Seek+1","Gash","Capacitor+1","BootSequence+1","Blizzard+1","Core Surge","Seek","Genetic Algorithm+1","Blizzard+1","Loop+1","Double Energy+1"],"relics":["Cracked Core","Pen Nib","Bag of Marbles","InkBottle","Symbiotic Virus","Ice Cream","Art of War","Centennial Puzzle","HornCleat","Nuclear Battery","War Paint","Shovel","Mercury Hourglass","Regal Pillow","Girya","Mango","CeramicFish","Sozu","DollysMirror","Toy Ornithopter","DataDisk","Blood Vial","TungstenRod","Runic Capacitor","Bottled Lightning","Ancient Tea Set"],"acts_visited":["Exordium","TheCity","TheBeyond"],"potions_floor_usage":[33,44,50],"damage_taken":[{"damage":0,"enemies":"Cultist","floor":1,"turns":3},{"damage":1,"enemies":"Small Slimes","floor":2,"turns":3},{"damage":0,"enemies":"2 Louse","floor":3,"turns":2},{"damage":0,"enemies":"2 Fungi Beasts","floor":4,"turns":3},{"damage":2,"enemies":"3 Louse","floor":5,"turns":4},{"damage":3,"enemies":"Gremlin Nob","floor":6,"turns":5},{"damage":7,"enemies":"3 Sentries","floor":7,"turns":8},{"damage":0,"enemies":"Lagavulin","floor":8,"turns":7},{"damage":12,"enemies":"Gremlin Nob","floor":10,"turns":4},{"damage":6,"enemies":"Lagavulin","floor":11,"turns":5},{"damage":4,"enemies":"Gremlin Nob","floor":12,"turns":3},{"damage":5,"enemies":"3 Sentries","floor":14,"turns":5},{"damage":13,"enemies":"Hexaghost","floor":16,"turns":8},{"damage":0,"enemies":"2 Thieves","floor":18,"turns":3},{"damage":0,"enemies":"3 Byrds","floor":19,"turns":4},{"damage":6,"enemies":"Snecko","floor":21,"turns":4},{"damage":2,"enemies":"Gremlin Leader","floor":24,"turns":6},{"damage":0,"enemies":"Book of Stabbing","floor":27,"turns":4},{"damage":0,"enemies":"Chosen and Byrds","floor":28,"turns":4},{"damage":0,"enemies":"Gremlin Leader","floor":29,"turns":5},{"damage":0,"enemies":"Shelled Parasite and Fungi","floor":30,"turns":3},{"damage":0,"enemies":"Slavers","floor":31,"turns":6},{"damage":0,"enemies":"Champ","floor":33,"turns":9},{"damage":0,"enemies":"3 Shapes","floor":35,"turns":3},{"damage":2,"enemies":"Orb Walker","floor":37,"turns":3},{"damage":2,"enemies":"Sphere and 2 Shapes","floor":38,"turns":4},{"damage":0,"enemies":"Writhing Mass","floor":39,"turns":6},{"damage":5,"enemies":"Reptomancer","floor":40,"turns":7},{"damage":0,"enemies":"Giant Head","floor":41,"turns":6},{"damage":11,"enemies":"Nemesis","floor":44,"turns":5},{"damage":0,"enemies":"Giant Head","floor":46,"turns":5},{"damage":0,"enemies":"Spire Growth","floor":47,"turns":3},{"damage":0,"enemies":"Reptomancer","floor":48,"turns":8},{"damage":3,"enemies":"Time Eater","floor":50,"turns":9}],"seed_played":"-5900535156898195242","potions_obtained":[{"floor":1,"key":"Ancient Potion"},{"floor":4,"key":"SkillPotion"},{"floor":5,"key":"SkillPotion"},{"floor":14,"key":"EssenceOfDarkness"},{"floor":30,"key":"FearPotion"}],"is_trial":true,"path_per_floor":["M","M","M","M","M","E","E","E","T","E","E","E","R","E","R","B",null,"M","M","$","M","$","R","E","R","T","E","M","E","M","E","R","B",null,"M","$","M","M","M","E","E","R","T","E","$","E","M","E","R","B",null],"character_chosen":"DEFECT","items_purchased":["Capacitor","War Paint","Shovel","Blizzard","DollysMirror","Capacitor","Runic Capacitor","Double Energy"],"campfire_rested":0,"item_purchase_floors":[20,20,20,22,36,36,45,45],"current_hp_per_floor":[75,75,75,75,75,75,75,75,75,70,71,74,74,75,75,69,75,75,75,75,75,75,75,75,75,75,75,75,89,89,89,89,89,89,89,89,89,89,89,89,89,89,89,85,85,89,89,89,89,89],"gold":139,"neow_bonus":"","is_daily":false,"chose_seed":false,"campfire_upgraded":7,"win_rate":0.0,"timestamp":1608684447,"path_taken":["M","M","M","M","M","E","E","E","T","E","E","E","R","E","R","BOSS","M","M","$","M","?","R","E","R","T","E","M","E","M","E","R","BOSS","M","$","M","M","M","E","E","R","T","E","$","E","M","E","R","BOSS"],"items_purchased_type":["Card","Relic","Relic","Card","Relic","Card","Relic","Card"],"build_version":"2020-12-13","purchased_purges":1,"victory":true,"max_hp_per_floor":[75,75,75,75,75,75,75,75,75,75,75,75,75,75,75,75,75,75,75,75,75,75,75,75,75,75,75,75,89,89,89,89,89,89,89,89,89,89,89,89,89,89,89,89,89,89,89,89,89,89],"relic_stats":{"Regal Pillow":0,"counters":[34,167],"CeramicFish":54,"Pen Nib":[30],"War Paint":["Seek","Seek"],"Mercury Hourglass":[329],"Sozu":4,"Blood Vial":2,"Centennial Puzzle":[27],"Shovel":0,"Art of War":[13],"obtain_stats":[{"Ice Cream":10,"Regal Pillow":26,"CeramicFish":31,"Mango":29,"Runic Capacitor":45,"Ancient Tea Set":48,"Sozu":34,"Blood Vial":43,"Centennial Puzzle":12,"HornCleat":14,"Shovel":20,"DollysMirror":36,"Cracked Core":0,"InkBottle":8,"Girya":27,"Pen Nib":6,"War Paint":20,"Nuclear Battery":17,"Mercury Hourglass":24,"DataDisk":41,"Bag of Marbles":7,"Art of War":11,"Bottled Lightning":46,"Symbiotic Virus":9,"Toy Ornithopter":40,"TungstenRod":44},{"Ice Cream":9,"Regal Pillow":17,"CeramicFish":22,"Mango":20,"Runic Capacitor":30,"Ancient Tea Set":33,"Sozu":23,"Blood Vial":29,"Centennial Puzzle":11,"HornCleat":12,"Shovel":15,"DollysMirror":24,"Cracked Core":0,"InkBottle":8,"Girya":18,"Pen Nib":6,"War Paint":15,"Nuclear Battery":13,"Mercury Hourglass":17,"DataDisk":29,"Bag of Marbles":7,"Art of War":10,"Bottled Lightning":31,"Symbiotic Virus":8,"Toy Ornithopter":28,"TungstenRod":30},{"Ice Cream":39,"Regal Pillow":77,"CeramicFish":99,"Mango":90,"Runic Capacitor":142,"Ancient Tea Set":158,"Sozu":108,"Blood Vial":137,"Centennial Puzzle":47,"HornCleat":52,"Shovel":67,"DollysMirror":111,"Cracked Core":0,"InkBottle":35,"Girya":81,"Pen Nib":20,"War Paint":67,"Nuclear Battery":60,"Mercury Hourglass":77,"DataDisk":137,"Bag of Marbles":28,"Art of War":44,"Bottled Lightning":147,"Symbiotic Virus":35,"Toy Ornithopter":131,"TungstenRod":142}],"InkBottle":[69],"Toy Ornithopter":0,"TungstenRod":1},"card_choices":[{"not_picked":["Darkness","Steam Power","Cold Snap"],"picked":"SKIP","floor":1},{"not_picked":["Streamline","Barrage"],"picked":"Hologram","floor":2},{"not_picked":["Redo","Doom and Gloom","Leap"],"picked":"SKIP","floor":3},{"not_picked":["Stack","Steam","Ball Lightning"],"picked":"SKIP","floor":4},{"not_picked":["Loop","Electrodynamics"],"picked":"Coolheaded","floor":5},{"not_picked":["All For One","Meteor Strike"],"picked":"Machine Learning","floor":6},{"not_picked":["Machine Learning","Multi-Cast","Biased Cognition"],"picked":"SKIP","floor":7},{"not_picked":["Fission","Multi-Cast"],"picked":"Seek","floor":8},{"not_picked":["Echo Form","Thunder Strike","Meteor Strike"],"picked":"SKIP","floor":10},{"not_picked":["Rainbow","Echo Form","Electrodynamics"],"picked":"SKIP","floor":11},{"not_picked":["Electrodynamics","Hyperbeam"],"picked":"Seek","floor":12},{"not_picked":["Multi-Cast","Fission"],"picked":"Seek","floor":14},{"not_picked":["Go for the Eyes","Streamline+1","Stack"],"picked":"SKIP","floor":18},{"not_picked":["Genetic Algorithm","Streamline"],"picked":"Gash","floor":19},{"not_picked":["Reinforced Body","FTL"],"picked":"BootSequence+1","floor":21},{"not_picked":["Creative AI","Multi-Cast","Buffer"],"picked":"SKIP","floor":24},{"not_picked":["Creative AI","Multi-Cast","Buffer"],"picked":"SKIP","floor":24},{"not_picked":["Machine Learning","Creative AI"],"picked":"Core Surge","floor":27},{"not_picked":["Cold Snap","Compile Driver","Fusion"],"picked":"SKIP","floor":28},{"not_picked":["Reboot","Multi-Cast","Rainbow"],"picked":"SKIP","floor":29},{"not_picked":["Go for the Eyes+1","Steam+1","Reprogram"],"picked":"SKIP","floor":30},{"not_picked":["Reboot","Amplify","Core Surge"],"picked":"SKIP","floor":31},{"not_picked":["Fission","Reboot"],"picked":"Seek","floor":33},{"not_picked":["Genetic Algorithm+1","Chaos+1","Coolheaded"],"picked":"SKIP","floor":35},{"not_picked":["Streamline+1","Consume"],"picked":"Blizzard+1","floor":37},{"not_picked":["Barrage","Steam+1","Rebound+1"],"picked":"SKIP","floor":38},{"not_picked":["Hologram","Rainbow"],"picked":"Loop+1","floor":39},{"not_picked":["Fission","Buffer","Meteor Strike"],"picked":"SKIP","floor":40},{"not_picked":["Rainbow","Thunder Strike","Buffer"],"picked":"SKIP","floor":41},{"not_picked":["Multi-Cast","All For One","Thunder Strike"],"picked":"SKIP","floor":44},{"not_picked":["All For One","Creative AI","Multi-Cast"],"picked":"SKIP","floor":46},{"not_picked":["Steam Power","Compile Driver","Rebound"],"picked":"SKIP","floor":47},{"not_picked":["Core Surge","Creative AI","Hyperbeam"],"picked":"SKIP","floor":48}],"player_experience":196630,"relics_obtained":[{"floor":6,"key":"Pen Nib"},{"floor":7,"key":"Bag of Marbles"},{"floor":8,"key":"InkBottle"},{"floor":9,"key":"Symbiotic Virus"},{"floor":10,"key":"Ice Cream"},{"floor":11,"key":"Art of War"},{"floor":12,"key":"Centennial Puzzle"},{"floor":14,"key":"HornCleat"},{"floor":24,"key":"Mercury Hourglass"},{"floor":26,"key":"Regal Pillow"},{"floor":27,"key":"Girya"},{"floor":29,"key":"Mango"},{"floor":31,"key":"CeramicFish"},{"floor":40,"key":"Toy Ornithopter"},{"floor":41,"key":"DataDisk"},{"floor":43,"key":"Blood Vial"},{"floor":44,"key":"TungstenRod"},{"floor":46,"key":"Bottled Lightning"},{"floor":48,"key":"Ancient Tea Set"}],"event_choices":[],"is_beta":false,"boss_relics":[{"not_picked":["Empty Cage","Snecko Eye"],"picked":"Nuclear Battery"},{"not_picked":["SacredBark","Calling Bell"],"picked":"Sozu"}],"items_purged_floors":[45],"is_endless":false,"potions_floor_spawned":[1,4,5,10,11,14,18,28,30,37,38,39,46],"ascension_level":0}}