{"host":"1tkoe3l8wf0xx8if","time":1608747535,"event":{"mods":["AchievementEnabler","BaseMod","Colored Map","Minty Spire (QoL Compilation)","Quick Restart","StSLib","SuperFastMode"],"gold_per_floor":[117,137,150,150,225,274,274,289,312,343,343,360,360,65,65,166,166,185,197,197,112,126,126,156,174,174,174,174,204,217,142,142,142,142],"floor_reached":33,"playtime":1336,"items_purged":["Zap"],"score":379,"play_id":"52eb271e-d120-45c3-b660-289df8f315c6","local_time":"20201224031855","is_ascension_mode":true,"campfire_choices":[{"data":"Gash","floor":7.0,"key":"SMITH"},{"floor":11.0,"key":"REST"},{"data":"Seek","floor":15.0,"key":"SMITH"},{"data":"Hologram","floor":23,"key":"SMITH"},{"floor":27,"key":"REST"},{"data":"Gash","floor":32,"key":"SMITH"}],"circlet_count":0,"master_deck":["Dualcast","FTL","Go for the Eyes","Beam Cell","Hologram+1","Gash+1","Coolheaded","Seek+1","Buffer","FTL","Doom and Gloom","Tempest","Rip and Tear","Steam Power","Streamline+1","Rebound","Conserve Battery","Hyperbeam","Rebound","Seek","Gash+1"],"relics":["Cracked Core","Regal Pillow","Lantern","Orichalcum","MealTicket","InkBottle","Potion Belt","Centennial Puzzle","Nloth\u0027s Gift","Pear"],"acts_visited":["Exordium","TheCity"],"potions_floor_usage":[29,29],"damage_taken":[{"damage":0.0,"enemies":"Small Slimes","floor":1.0,"turns":2.0},{"damage":1.0,"enemies":"2 Louse","floor":2.0,"turns":2.0},{"damage":0.0,"enemies":"Cultist","floor":3.0,"turns":2.0},{"damage":8.0,"enemies":"Gremlin Nob","floor":6.0,"turns":3.0},{"damage":7.0,"enemies":"Lots of Slimes","floor":8.0,"turns":3.0},{"damage":14.0,"enemies":"Lagavulin","floor":10.0,"turns":6.0},{"damage":1.0,"enemies":"Looter","floor":12.0,"turns":2.0},{"damage":22.0,"enemies":"The Guardian","floor":16.0,"turns":13.0},{"damage":10.0,"enemies":"Shell Parasite","floor":18.0,"turns":3.0},{"damage":2.0,"enemies":"3 Byrds","floor":19.0,"turns":4.0},{"damage":28,"enemies":"Snake Plant","floor":22,"turns":3},{"damage":35,"enemies":"Book of Stabbing","floor":24,"turns":4},{"damage":4,"enemies":"Sentry and Sphere","floor":25,"turns":3},{"damage":22,"enemies":"Slavers","floor":29,"turns":3},{"damage":6,"enemies":"3 Cultists","floor":30,"turns":3},{"damage":43,"enemies":"Champ","floor":33,"turns":6}],"seed_played":"-1422370889206915387","potions_obtained":[{"floor":2.0,"key":"ColorlessPotion"},{"floor":3.0,"key":"FocusPotion"},{"floor":8.0,"key":"SkillPotion"},{"floor":24,"key":"Explosive Potion"},{"floor":25,"key":"LiquidMemories"},{"floor":30,"key":"Explosive Potion"}],"is_trial":false,"path_per_floor":["M","M","M","?","?","E","R","M","T","E","R","M","?","$","R","B",null,"M","M","?","?","M","R","E","M","T","R","?","E","M","$","R","B"],"character_chosen":"DEFECT","items_purchased":["MealTicket","Seek"],"campfire_rested":2,"item_purchase_floors":[14,14],"current_hp_per_floor":[54,53,53,46,35,27,27,20,20,6,43,42,47,47,47,25,80,70,68,68,68,40,40,5,1,1,40,40,28,22,37,37,0,0],"gold":142,"neow_bonus":"TRANSFORM_TWO_CARDS","is_daily":false,"chose_seed":false,"campfire_upgraded":4,"win_rate":0.0,"timestamp":1608747535,"path_taken":["M","M","M","?","?","E","R","M","T","E","R","M","?","$","R","BOSS","M","M","?","?","M","R","E","M","T","R","?","E","M","$","R","BOSS"],"items_purchased_type":["Relic","Card"],"build_version":"2020-12-22","purchased_purges":1,"victory":false,"max_hp_per_floor":[75,75,75,75,75,75,75,75,75,75,75,75,80,80,80,80,80,80,80,80,80,80,80,80,80,80,80,80,90,90,90,90,90,90],"card_choices":[{"not_picked":["Hello World","Compile Driver"],"picked":"Beam Cell","floor":1.0},{"not_picked":["Steam","Go for the Eyes"],"picked":"Hologram","floor":2.0},{"not_picked":["Steam Power","Beam Cell","Darkness"],"picked":"SKIP","floor":3.0},{"not_picked":["Biased Cognition","Leap"],"picked":"Gash","floor":6.0},{"not_picked":["Go for the Eyes","Lockon"],"picked":"Coolheaded","floor":8.0},{"not_picked":["Reprogram","Recycle","Go for the Eyes"],"picked":"SKIP","floor":10.0},{"not_picked":["Compile Driver","Double Energy","Lockon"],"picked":"SKIP","floor":12.0},{"not_picked":["Amplify","Creative AI"],"picked":"Buffer","floor":16.0},{"not_picked":["Redo","Barrage"],"picked":"Streamline+1","floor":18.0},{"not_picked":["Go for the Eyes","Reinforced Body"],"picked":"Rebound","floor":19.0},{"not_picked":["Reprogram","Steam"],"picked":"Conserve Battery","floor":22},{"not_picked":["Go for the Eyes+1","Leap"],"picked":"Hyperbeam","floor":24},{"not_picked":["Conserve Battery","Go for the Eyes"],"picked":"Rebound","floor":25},{"not_picked":["Rip and Tear","Auto Shields"],"picked":"Seek","floor":29},{"not_picked":["Barrage","Redo"],"picked":"Gash","floor":30}],"player_experience":308911,"relics_obtained":[{"floor":6.0,"key":"Regal Pillow"},{"floor":9.0,"key":"Lantern"},{"floor":10.0,"key":"Orichalcum"},{"floor":24,"key":"Potion Belt"},{"floor":26,"key":"Centennial Puzzle"},{"floor":29,"key":"Pear"}],"event_choices":[{"cards_removed":["Strike_B"],"damage_healed":0.0,"max_hp_gain":0.0,"max_hp_loss":0.0,"gold_gain":0.0,"event_name":"Golden Wing","player_choice":"Card Removal","floor":4.0,"gold_loss":0.0,"damage_taken":7.0},{"damage_healed":0.0,"max_hp_gain":0.0,"max_hp_loss":0.0,"gold_gain":75.0,"event_name":"World of Goop","player_choice":"Gather Gold","floor":5.0,"gold_loss":0.0,"damage_taken":11.0},{"damage_healed":0.0,"max_hp_gain":5.0,"max_hp_loss":0.0,"gold_gain":0.0,"event_name":"Big Fish","player_choice":"Donut","floor":13.0,"gold_loss":0.0,"damage_taken":0.0},{"damage_healed":0,"gold_gain":0,"player_choice":"Ignored","damage_taken":0,"max_hp_gain":0,"max_hp_loss":0,"event_name":"The Mausoleum","floor":20,"gold_loss":0},{"damage_healed":0,"gold_gain":0,"player_choice":"Obtained Relic","damage_taken":0,"relics_obtained":["InkBottle"],"max_hp_gain":0,"max_hp_loss":0,"event_name":"Addict","floor":21,"gold_loss":85},{"damage_healed":0,"gold_gain":0,"player_choice":"Traded Relic","damage_taken":0,"relics_obtained":["Nloth\u0027s Gift"],"max_hp_gain":0,"max_hp_loss":0,"event_name":"N\u0027loth","floor":28,"relics_lost":["Pandora\u0027s Box"],"gold_loss":0}],"is_beta":false,"boss_relics":[{"not_picked":["Snecko Eye","Velvet Choker"],"picked":"Pandora\u0027s Box"}],"items_purged_floors":[31],"is_endless":false,"potions_floor_spawned":[2,3,8,24,25,30],"killed_by":"Champ","ascension_level":4}}