{"host":"hjw1ay65n7jm40lc","time":1608694035,"event":{"mods":["AchievementEnabler","BaseMod","Block Reminder","Colored Map","Colored Powertips","Downfall","Googly Eyes","Highlight Path","Minty Spire (QoL Compilation)","Quick Restart","Relic Stats","StSLib"],"gold_per_floor":[99,109,119,130,149,149,149,94,105,105,130,164,164,199,215,312,312,312,329,2,2,0,11,38,55,55,74,93,293,293,308,328,428,428,428,439,453,453,453,483,483,514,514,537,83,98,98,133,149,149],"floor_reached":51,"playtime":6714,"items_purged":["hexamod:Haunted"],"score":993,"play_id":"016f83d9-7fe1-4b2a-aa32-260653e49d2e","local_time":"20201222222715","is_ascension_mode":true,"campfire_choices":[{"data":"Guardian:TwinSlam","floor":1,"key":"SMITH"},{"data":"Guardian:Reroute","floor":6,"key":"SMITH"},{"floor":13,"key":"REST"},{"data":"Guardian:PrismaticBeam","floor":18,"key":"SMITH"},{"floor":30,"key":"REST"},{"data":"Guardian:FuturePlans","floor":35,"key":"SMITH"},{"floor":43,"key":"REST"},{"data":"Guardian:TimeCapacitor","floor":47,"key":"SMITH"}],"circlet_count":0,"master_deck":["Guardian:Strike_Guardian+1","Guardian:Defend_Guardian","Guardian:Defend_Guardian","Guardian:Defend_Guardian","Guardian:Defend_Guardian","Guardian:CurlUp","Guardian:TwinSlam+1","Guardian:DonusPower","Guardian:Reroute+1","Guardian:ChargeUp","Guardian:PolyBeam+1","Guardian:Planning","Guardian:PrismaticBeam+1","Guardian:TimeCapacitor+1","Guardian:RevengeProtocol","Guardian:Clone","Guardian:FuturePlans+1","Guardian:Harden","Guardian:PiercingHide+1","Guardian:PrismaticBeam+1","Guardian:StasisStrike","Guardian:EvasiveProtocol+1","Guardian:AncientConstruct","Guardian:RollAttack+1","Guardian:GemFire","Guardian:BronzeOrb","Guardian:TemporalShield+1","Guardian:ChargeUp+1"],"relics":["Sozu","White Beast Statue","FossilizedHelix","Toy Ornithopter","Empty Cage","HandDrill","downfall:RedIOU","Bag of Marbles","Black Star","Potion Belt","Guardian:PickAxe","Centennial Puzzle","Whetstone","Anchor","Strawberry","Ornamental Fan","Lee\u0027s Waffle","Lizard Tail","Pen Nib","Orichalcum"],"acts_visited":["Exordium","TheCity","TheBeyond"],"potions_floor_usage":[],"damage_taken":[{"damage":0,"enemies":"Cultist","floor":2,"turns":3},{"damage":2,"enemies":"2 Louse","floor":3,"turns":2},{"damage":2,"enemies":"Jaw Worm","floor":4,"turns":3},{"damage":4,"enemies":"3 Louse","floor":5,"turns":2},{"damage":10,"enemies":"downfall:FleeingMerchant","floor":8,"turns":4},{"damage":5,"enemies":"Large Slime","floor":9,"turns":5},{"damage":10,"enemies":"3 Sentries","floor":12,"turns":4},{"damage":2,"enemies":"Lagavulin","floor":14,"turns":5},{"damage":15,"enemies":"Gremlin Gang","floor":15,"turns":4},{"damage":52,"enemies":"downfall:Ironclad","floor":16,"turns":8},{"damage":0,"enemies":"Spheric Guardian","floor":19,"turns":3},{"damage":3,"enemies":"downfall:FleeingMerchant","floor":20,"turns":4},{"damage":0,"enemies":"downfall:FleeingMerchant","floor":22,"turns":4},{"damage":0,"enemies":"Chosen","floor":23,"turns":5},{"damage":22,"enemies":"Snake Plant","floor":25,"turns":5},{"damage":20,"enemies":"3 Cultists","floor":27,"turns":5},{"damage":6,"enemies":"Sentry and Sphere","floor":28,"turns":5},{"damage":0,"enemies":"Snake Plant","floor":31,"turns":3},{"damage":13,"enemies":"Shelled Parasite and Fungi","floor":32,"turns":4},{"damage":18,"enemies":"downfall:Defect","floor":33,"turns":6},{"damage":0,"enemies":"3 Shapes","floor":36,"turns":7},{"damage":17,"enemies":"3 Darklings","floor":37,"turns":7},{"damage":9,"enemies":"Nemesis","floor":40,"turns":7},{"damage":51,"enemies":"Reptomancer","floor":42,"turns":8},{"damage":0,"enemies":"downfall:FleeingMerchant","floor":45,"turns":2},{"damage":0,"enemies":"Jaw Worm Horde","floor":46,"turns":3},{"damage":0,"enemies":"Nemesis","floor":48,"turns":5},{"damage":0,"enemies":"Sphere and 2 Shapes","floor":49,"turns":3},{"damage":0,"enemies":"downfall:Watcher","floor":50,"turns":4}],"seed_played":"9024295608407783950","potions_obtained":[],"is_trial":false,"path_per_floor":["R","M","M","M","M","R","T","$","M","?","T","E","R","E","M","B",null,"R","M","$","?","$","M","T","M","?","M","M","?","R","M","M","B",null,"R","M","M","?","?","E","T","E","R","T","$","M","R","E","M","B",null],"character_chosen":"GUARDIAN","items_purchased":["Guardian:PolyBeam","HandDrill","Guardian:FuturePlans","Guardian:Harden","Ornamental Fan","Guardian:BronzeOrb","Lee\u0027s Waffle","Lizard Tail"],"campfire_rested":3,"item_purchase_floors":[8,20,20,20,45,45,45,45],"current_hp_per_floor":[80,80,78,76,72,72,72,62,57,57,57,47,71,69,54,2,61,61,61,58,58,58,58,58,36,36,16,10,10,34,34,21,3,61,61,61,44,44,70,61,61,10,31,38,84,84,84,84,84,84],"gold":149,"neow_bonus":"BOSS_RELIC","is_daily":false,"chose_seed":false,"campfire_upgraded":5,"win_rate":0.0,"timestamp":1608694035,"path_taken":["R","M","M","M","?","R","T","$","M","?","?","E","R","E","M","BOSS","R","M","$","?","$","M","T","M","?","M","?","?","R","M","M","BOSS","R","M","M","?","?","E","T","E","R","?","$","M","R","E","M","BOSS"],"items_purchased_type":["Card","Relic","Card","Card","Relic","Card","Relic","Relic"],"build_version":"2020-12-13","purchased_purges":1,"victory":true,"max_hp_per_floor":[80,80,80,80,80,80,80,80,80,80,80,80,80,80,80,80,80,80,80,80,80,80,80,80,80,80,80,80,80,80,80,80,80,80,80,80,80,80,70,70,70,70,70,77,84,84,84,84,84,84],"relic_stats":{"Lee\u0027s Waffle":46,"counters":[29,130],"Pen Nib":[2],"Whetstone":["Guardian:Strike_Guardian","Guardian:PolyBeam"],"Orichalcum":[0],"Sozu":27,"Centennial Puzzle":[3],"Lizard Tail":0,"Ornamental Fan":[28],"HandDrill":[42],"Black Star":3,"obtain_stats":[{"Potion Belt":40,"Lee\u0027s Waffle":45,"Guardian:ModeShifter":0,"Pen Nib":48,"Whetstone":42,"Orichalcum":48,"Empty Cage":17,"White Beast Statue":7,"Sozu":0,"Guardian:PickAxe":40,"Dream Catcher":11,"Centennial Puzzle":41,"Anchor":42,"Lizard Tail":45,"Ornamental Fan":45,"Strawberry":44,"downfall:RedIOU":21,"HandDrill":20,"Bag of Marbles":24,"Black Star":34,"FossilizedHelix":12,"Toy Ornithopter":14},{"Potion Belt":23,"Lee\u0027s Waffle":25,"Guardian:ModeShifter":0,"Pen Nib":27,"Whetstone":24,"Orichalcum":27,"Empty Cage":10,"White Beast Statue":4,"Sozu":0,"Guardian:PickAxe":23,"Dream Catcher":6,"Centennial Puzzle":23,"Anchor":24,"Lizard Tail":25,"Ornamental Fan":25,"Strawberry":24,"downfall:RedIOU":12,"HandDrill":12,"Bag of Marbles":14,"Black Star":20,"FossilizedHelix":7,"Toy Ornithopter":8},{"Potion Belt":105,"Lee\u0027s Waffle":115,"Guardian:ModeShifter":0,"Pen Nib":123,"Whetstone":113,"Orichalcum":123,"Empty Cage":40,"White Beast Statue":10,"Sozu":0,"Guardian:PickAxe":105,"Dream Catcher":19,"Centennial Puzzle":105,"Anchor":113,"Lizard Tail":115,"Ornamental Fan":115,"Strawberry":113,"downfall:RedIOU":47,"HandDrill":47,"Bag of Marbles":56,"Black Star":84,"FossilizedHelix":23,"Toy Ornithopter":28}],"Toy Ornithopter":0},"card_choices":[{"not_picked":["Guardian:SpikerProtocol","Guardian:Gem_Green"],"picked":"Guardian:DonusPower","floor":2},{"not_picked":["Guardian:TimeBomb","Guardian:FloatingOrbs"],"picked":"Guardian:Gem_Fragmented","floor":3},{"not_picked":["Guardian:CrystalBeam","Guardian:ChargeCore"],"picked":"Guardian:Reroute","floor":4},{"not_picked":["Guardian:Suspension","Guardian:BronzeArmor","Guardian:TemporalShield"],"picked":"SKIP","floor":5},{"not_picked":["Guardian:Gem_Lightblue","Guardian:Suspension"],"picked":"Guardian:ChargeUp","floor":8},{"not_picked":["Guardian:WalkerClaw","Guardian:TemporalStrike"],"picked":"Guardian:Planning","floor":9},{"not_picked":["Guardian:GatlingBeam","Guardian:ShieldCharger"],"picked":"Guardian:PrismaticBeam","floor":12},{"not_picked":["Guardian:Planning","Guardian:PiercingHide"],"picked":"Guardian:TimeCapacitor","floor":13},{"not_picked":["Guardian:FloatingOrbs","Guardian:VentSteam"],"picked":"Guardian:RevengeProtocol","floor":14},{"not_picked":["Guardian:WalkerClaw","Guardian:BronzeArmor"],"picked":"Guardian:Clone","floor":15},{"not_picked":["Guardian:FierceBash","Guardian:StasisField"],"picked":"Guardian:Gem_Synthetic","floor":16},{"not_picked":["Guardian:VentSteam","Guardian:Gem_Fragmented"],"picked":"Guardian:Gem_Red","floor":19},{"not_picked":["Guardian:PrismaticBeam+1","Guardian:TemporalStrike"],"picked":"Guardian:Gem_White","floor":20},{"not_picked":["Guardian:Gem_Cyan","Guardian:TemporalShield","Guardian:ShieldCharger"],"picked":"SKIP","floor":22},{"not_picked":["Guardian:Gem_Crimson","Guardian:Suspension+1"],"picked":"Guardian:Gem_Yellow","floor":23},{"not_picked":["Guardian:TemporalShield+1","Guardian:WalkerClaw+1"],"picked":"Guardian:PiercingHide+1","floor":25},{"not_picked":["Guardian:TimeCapacitor+1","Guardian:ShieldSpikes"],"picked":"Guardian:StasisStrike","floor":27},{"not_picked":["Guardian:GuardianWhirl","Guardian:ChargeCore"],"picked":"Guardian:Gem_Cyan","floor":28},{"not_picked":["Guardian:TimeBomb","Guardian:Incinerate+1","Guardian:Repulse+1"],"picked":"SKIP","floor":31},{"not_picked":["Guardian:Gem_Purple","Guardian:VentSteam"],"picked":"Guardian:EvasiveProtocol+1","floor":32},{"not_picked":["Guardian:StasisEngine","Guardian:StasisField"],"picked":"Guardian:AncientConstruct","floor":33},{"not_picked":["Guardian:FuturePlans","Guardian:TimeBomb+1"],"picked":"Guardian:Gem_Crimson","floor":36},{"not_picked":["Guardian:Gem_Red","Guardian:PrimingBeam","Guardian:ChargeCore"],"picked":"SKIP","floor":37},{"not_picked":["Guardian:WalkerClaw","Guardian:SentryBeam"],"picked":"Guardian:Gem_Cyan","floor":40},{"not_picked":["Guardian:Emergency+1","Guardian:ShieldCharger"],"picked":"Guardian:RollAttack+1","floor":42},{"not_picked":["Guardian:Gem_Green","Guardian:ShieldCharger"],"picked":"Guardian:GemFire","floor":45},{"not_picked":["Guardian:TemporalStrike+1","Guardian:RollAttack+1"],"picked":"Guardian:TemporalShield+1","floor":46},{"not_picked":["Guardian:WalkerClaw+1","Guardian:Harden+1"],"picked":"Guardian:ChargeUp+1","floor":48},{"not_picked":["Guardian:Gem_Purple","Guardian:Repulse","Guardian:Gem_Yellow"],"picked":"SKIP","floor":49}],"player_experience":498052,"relics_obtained":[{"floor":7,"key":"White Beast Statue"},{"floor":11,"key":"Dream Catcher"},{"floor":12,"key":"FossilizedHelix"},{"floor":14,"key":"Toy Ornithopter"},{"floor":24,"key":"Bag of Marbles"},{"floor":40,"key":"Potion Belt"},{"floor":40,"key":"Guardian:PickAxe"},{"floor":41,"key":"Centennial Puzzle"},{"floor":42,"key":"Whetstone"},{"floor":42,"key":"Anchor"},{"floor":44,"key":"Strawberry"},{"floor":48,"key":"Pen Nib"},{"floor":48,"key":"Orichalcum"}],"event_choices":[{"damage_healed":0,"gold_gain":0,"player_choice":"Copied","damage_taken":0,"max_hp_gain":0,"max_hp_loss":0,"event_name":"Duplicator","floor":26,"gold_loss":0,"cards_obtained":["Guardian:PrismaticBeam"]},{"cards_removed":["Guardian:Strike_Guardian"],"damage_healed":0,"gold_gain":0,"player_choice":"Removed Attack","damage_taken":0,"max_hp_gain":0,"max_hp_loss":0,"event_name":"Falling","floor":38,"gold_loss":0}],"is_beta":false,"boss_relics":[{"not_picked":["Ectoplasm","Cursed Key"],"picked":"Empty Cage"},{"not_picked":["SacredBark","Guardian:StasisSlotReductionRelic"],"picked":"Black Star"}],"items_purged_floors":[45],"is_endless":false,"potions_floor_spawned":[2,4,5,8,9,12,14,15,16,19,20,22,23,25,27,28,31,32,33,36,37,40,42,45,46,48,49],"ascension_level":5}}