{"host":"ln6xh2dj126ndm3e","time":1608751523,"event":{"mods":["AchievementEnabler","Aspiration","Astrologer","BaseMod","Better Altar","Better Match","Better Note","Better Sensory Stone","Better Skull","Better Third Choice","BetterRewards","CCEM","Colored Map","Conspire","Downfall","GifTheSpireLib","Halation","Highlight Path","Hubris","Infinite Spire","Minty Spire (QoL Compilation)","Permanent Neow","Replay The Spire","Shop Mod","Spicy Shops","StSLib","Unceasing Turn Reminder"],"gold_per_floor":[113,127,139,139,139,139,159,176,244,258,291,291,310,321,321,420,420,439,439,379,396,415,415,428,165,165,165,165],"floor_reached":27,"playtime":2294,"items_purged":[],"score":219,"play_id":"0a0eb28b-ba97-477d-ab85-732180e2821d","local_time":"20201223132523","is_ascension_mode":false,"campfire_choices":[{"data":"Power Through","floor":6,"key":"SMITH"},{"data":"Fire Breathing","floor":12,"key":"SMITH"},{"floor":15,"key":"REST"},{"floor":23,"key":"REST"}],"circlet_count":0,"master_deck":["Strike_R","Strike_R","Strike_R","Strike_R","Defend_R","Defend_R","Defend_R","Defend_R","Bash+1","Evolve","Thunderclap","Anger","Power Through+1","Feed","Clothesline","Entrench","Flame Barrier","Fire Breathing+1","Wild Strike","Rage+1","Bloodletting+1","Metallicize+1","Barricade"],"relics":["halation:StarCompass","Replay:Wanted Poster","CCEMRelics:FranticForklift","Guardian:PocketSentry","infinitespire:Chaos","Paper Frog"],"acts_visited":["Exordium","TheCity"],"potions_floor_usage":[16,16,16,18],"damage_taken":[{"damage":0,"enemies":"Small Slimes","floor":1,"turns":3},{"damage":1,"enemies":"Cultist","floor":2,"turns":3},{"damage":2,"enemies":"2 Louse","floor":3,"turns":3},{"damage":30,"enemies":"Gremlin Gang","floor":7,"turns":7},{"damage":6,"enemies":"Red Slaver","floor":8,"turns":4},{"damage":0,"enemies":"Exordium Thugs","floor":10,"turns":4},{"damage":21,"enemies":"3 Sentries","floor":11,"turns":9},{"damage":0,"enemies":"Exordium Wildlife","floor":13,"turns":4},{"damage":4,"enemies":"Lots of Slimes","floor":14,"turns":5},{"damage":24,"enemies":"The Guardian","floor":16,"turns":10},{"damage":20,"enemies":"Chosen","floor":18,"turns":6},{"damage":10,"enemies":"2 Thieves","floor":20,"turns":4},{"damage":21,"enemies":"Snecko","floor":21,"turns":7},{"damage":24,"enemies":"Chosen and Byrds","floor":22,"turns":5},{"damage":36,"enemies":"Cultist and Chosen","floor":24,"turns":5},{"damage":40,"enemies":"Snake Plant","floor":27,"turns":6}],"seed_played":"4167880012849241613","potions_obtained":[{"floor":2,"key":"Doom Potion"},{"floor":7,"key":"LiquidBronze"},{"floor":10,"key":"Strength Potion"},{"floor":11,"key":"Adrenaline Potion"},{"floor":16,"key":"ColorlessPotion"},{"floor":22,"key":"Death Potion"},{"floor":24,"key":"Elixir"}],"is_trial":false,"path_per_floor":["M","M","M","?","?","R","M","M","T","M","E","R","M","M","R","B",null,"M","?","M","M","M","R","M","$","T","M"],"character_chosen":"IRONCLAD","items_purchased":["Barricade","infinitespire:Chaos"],"campfire_rested":2,"item_purchase_floors":[25,25],"current_hp_per_floor":[80,80,80,80,80,80,59,59,59,65,53,53,59,64,89,74,92,78,78,74,59,41,68,38,38,38,0,0],"gold":165,"neow_bonus":"THREE_CARDS","is_daily":false,"chose_seed":false,"campfire_upgraded":2,"win_rate":0.0,"timestamp":1608751523,"path_taken":["M","M","M","?","?","R","M","?","T","M","E","R","M","M","R","BOSS","M","?","M","?","?","R","?","?","T","M"],"items_purchased_type":["Card","Relic"],"build_version":"2020-12-22","purchased_purges":0,"victory":false,"max_hp_per_floor":[80,80,80,80,80,80,83,83,83,83,86,86,86,89,89,92,92,92,92,92,92,92,92,92,92,92,92,92],"card_choices":[{"not_picked":["Intimidate","Power Through"],"picked":"Evolve","floor":0},{"not_picked":["Havoc","Burning Pact"],"picked":"Thunderclap","floor":1},{"not_picked":["Twin Strike","Massacre"],"picked":"Anger","floor":2},{"not_picked":["Uppercut","Intimidate"],"picked":"Power Through","floor":3},{"not_picked":["True Grit","Power Through"],"picked":"Clothesline","floor":7},{"not_picked":["Shrug It Off","Replay:Undeath\u0027s Touch"],"picked":"Entrench","floor":8},{"not_picked":["Blood for Blood","Burning Pact"],"picked":"Flame Barrier","floor":10},{"not_picked":["Warcry","Offering"],"picked":"Fire Breathing","floor":11},{"not_picked":["Perfected Strike","Rage"],"picked":"Wild Strike","floor":13},{"not_picked":["Shrug It Off","Replay:Undeath\u0027s Touch","Armaments"],"picked":"SKIP","floor":14},{"not_picked":["Havoc","Dual Wield"],"picked":"Rage+1","floor":18},{"not_picked":["Body Slam+1","Abandon","Hemokinesis"],"picked":"SKIP","floor":20},{"not_picked":["Shrug It Off","ReplayTheSpireMod:Strike From Hell","Clash"],"picked":"SKIP","floor":21},{"not_picked":["Replay:Undeath\u0027s Touch","Clothesline+1"],"picked":"Bloodletting+1","floor":22},{"not_picked":["Rupture+1","Flex"],"picked":"Metallicize+1","floor":24}],"player_experience":452114,"relics_obtained":[{"floor":9,"key":"Garlic"},{"floor":11,"key":"Replay:Baseball"},{"floor":26,"key":"Paper Frog"}],"event_choices":[{"damage_healed":0,"gold_gain":0,"cards_transformed":["Strike_R"],"player_choice":"Change","damage_taken":0,"max_hp_gain":0,"max_hp_loss":0,"event_name":"Living Wall","floor":4,"gold_loss":0,"cards_obtained":["Feed"]},{"damage_healed":0,"gold_gain":0,"player_choice":"Forge","damage_taken":0,"max_hp_gain":0,"max_hp_loss":0,"event_name":"Accursed Blacksmith","floor":5,"gold_loss":0,"cards_upgraded":["Bash"]},{"damage_healed":0,"gold_gain":0,"player_choice":"Ignored","damage_taken":0,"max_hp_gain":0,"max_hp_loss":0,"event_name":"betterNote:BetterNote","floor":19,"gold_loss":0,"cards_obtained":["Strike_G"]}],"is_beta":false,"boss_relics":[{"not_picked":["conspire:SlowCooker","Astrolabe"],"picked":"conspire:RoyalGoblet"}],"items_purged_floors":[],"is_endless":false,"potions_floor_spawned":[2,7,10,11,16,22,24],"killed_by":"Snake Plant","ascension_level":0}}