{"host":"h8l1uc7c2i19r904","time":1608762425,"event":{"mods":["AchievementEnabler","BaseMod","Colored Map","Colored Powertips","Downfall","Minty Spire (QoL Compilation)","Quick Restart","Replay The Spire","StSLib","SuperFastMode"],"gold_per_floor":[109,109,284,301,398,433,433,448,448,448,448,479,5,5,5,20,20,125,125,144,161,161,17,17,50,63,63,113,38,58,73,85,117,117,217,217,235,63,63,73,73,102,102,120,120,150,169,192,250,260,260,260],"floor_reached":53,"playtime":3117,"items_purged":["CommonCold","Normality"],"score":1142,"play_id":"50d04c30-d39f-43a4-88dd-6d259f6f9e46","local_time":"20201223142705","is_ascension_mode":false,"campfire_choices":[{"data":"Chaos","floor":7,"key":"SMITH"},{"data":"Tempest","floor":11,"key":"SMITH"},{"floor":17,"key":"DIG"},{"data":"Double Energy","floor":27,"key":"SMITH"},{"data":"Machine Learning","floor":34,"key":"SMITH"},{"data":"Electrodynamics","floor":43,"key":"SMITH"},{"data":"1","floor":51,"key":"LIFT"}],"circlet_count":0,"master_deck":["Strike_B","Strike_B","Strike_B+1","Strike_B","Defend_B","Defend_B","Defend_B","Defend_B","Zap","Dualcast+1","Sweeping Beam","Chaos+1","Sweeping Beam","BootSequence","Self Repair","Tempest+1","Machine Learning","Violence","Sunder","FTL+1","Panic Button","Machine Learning+1","Turbo+1","Electrodynamics+1","Double Energy+1","Aggregate","Gash+1","Gash+1","Buffer","CurseOfTheBell","Steam Power","ReplayTheSpireMod:Omega Cannon","Redo+1","Decay","BootSequence+1","Melter","Steam Power+1","Hologram+1","Loop","Compile Driver+1"],"relics":["Cracked Core","NeowsBlessing","PreservedInsect","Ancient Tea Set","HornCleat","Iron Hammer","Bag of Marbles","Boot","Painkiller Herb","Art of War","Ring of Peace","ReplayTheSpireMod:Ring of Collecting","Mango","Ring of Greed","Replay:Wax Seal","Tiny Chest","CaptainsWheel","Solar Panel","Calling Bell","MealTicket","Replay:Bottled Flurry","Ginger","Prayer Wheel","Regal Pillow","Ring of Hypnosis","Girya","Replay:Towering Pillar of Hats","ReplayTheSpireMod:Ring of Challenge","War Paint"],"acts_visited":["Exordium","TheCity","TheBeyond"],"potions_floor_usage":[12,12,35,35,42,49,52,52],"damage_taken":[{"damage":0,"enemies":"Small Slimes","floor":1,"turns":1},{"damage":0,"enemies":"2 Louse","floor":4,"turns":1},{"damage":0,"enemies":"Gremlin Nob","floor":6,"turns":1},{"damage":8,"enemies":"Cultist","floor":8,"turns":4},{"damage":22,"enemies":"Lagavulin","floor":12,"turns":5},{"damage":0,"enemies":"Exordium Wildlife","floor":16,"turns":3},{"damage":17,"enemies":"Hexaghost","floor":18,"turns":7},{"damage":0,"enemies":"2 Thieves","floor":20,"turns":2},{"damage":0,"enemies":"Chosen","floor":21,"turns":4},{"damage":0,"enemies":"Replay:Snechameleon","floor":25,"turns":3},{"damage":0,"enemies":"3 Cultists","floor":26,"turns":2},{"damage":8,"enemies":"Cultist and Chosen","floor":30,"turns":6},{"damage":0,"enemies":"Snecko","floor":31,"turns":2},{"damage":0,"enemies":"Shelled Parasite and Fungi","floor":32,"turns":3},{"damage":0,"enemies":"Slavers","floor":33,"turns":2},{"damage":24,"enemies":"Pondfish","floor":35,"turns":11},{"damage":0,"enemies":"Orb Walker","floor":37,"turns":3},{"damage":0,"enemies":"3 Shapes","floor":40,"turns":3},{"damage":14,"enemies":"R_Hoarder","floor":42,"turns":6},{"damage":0,"enemies":"Transient","floor":44,"turns":5},{"damage":0,"enemies":"Nemesis","floor":46,"turns":5},{"damage":0,"enemies":"Sphere and 2 Shapes","floor":47,"turns":4},{"damage":8,"enemies":"3 Darklings","floor":49,"turns":4},{"damage":0,"enemies":"Spire Growth","floor":50,"turns":4},{"damage":77,"enemies":"Donu and Deca","floor":52,"turns":7}],"seed_played":"-1883191634785670724","potions_obtained":[{"floor":1,"key":"PowerPotion"},{"floor":4,"key":"Regen Potion"},{"floor":6,"key":"Milkshake"},{"floor":16,"key":"Adrenaline Potion"},{"floor":21,"key":"AttackPotion"},{"floor":25,"key":"SmokeBomb"},{"floor":35,"key":"LiquidBronze"},{"floor":37,"key":"Guardian:BlockOnCardUsePotion"},{"floor":42,"key":"sneckomod:MuddlingPotion"},{"floor":49,"key":"FearPotion"}],"is_trial":false,"path_per_floor":["M","?","?","M","?","E","R","M","T","?","R","E","$","PTL","PTL","M","R_BF","B",null,"?","?","?","T","?","E","?","T","T","T","?","?","?","E","T","B",null,"?","T","?","?","T","E","T","?","T","E","?","T","?","?","T","B",null],"character_chosen":"DEFECT","items_purchased":["Violence","Bag of Marbles","Sunder","FTL+1","Art of War","Steam Power"],"campfire_rested":0,"item_purchase_floors":[13,13,13,13,23,38],"current_hp_per_floor":[75,75,75,75,75,75,75,74,74,67,67,61,61,61,61,61,61,44,75,75,75,75,75,75,89,89,89,89,89,88,88,88,88,88,78,89,89,89,89,89,89,82,82,88,88,89,89,89,87,89,89,12],"gold":260,"neow_bonus":"THREE_ENEMY_KILL","is_daily":false,"chose_seed":false,"campfire_upgraded":5,"win_rate":0.0,"timestamp":1608762425,"path_taken":["M","?","?","M","?","E","R","?","T","?","R","E","$","PTL","PTL","M","R_BF","BOSS","?","?","?","T","?","E","?","T","T","T","?","?","?","E","T","BOSS","?","T","?","?","T","E","T","?","T","E","?","?","?","?","T","BOSS"],"items_purchased_type":["Card","Relic","Card","Card","Relic","Card"],"build_version":"2020-12-22","purchased_purges":2,"victory":true,"max_hp_per_floor":[75,75,75,75,75,75,75,75,75,75,75,75,75,75,75,75,75,75,75,75,75,75,75,75,89,89,89,89,89,89,89,89,89,89,89,89,89,89,89,89,89,89,89,89,89,89,89,89,89,89,89,89],"card_choices":[{"not_picked":["Blizzard","Coolheaded"],"picked":"Sweeping Beam","floor":1},{"not_picked":["Consume","Gash"],"picked":"Chaos","floor":4},{"not_picked":["Compile Driver","Coolheaded"],"picked":"Sweeping Beam","floor":5},{"not_picked":["Panic Button","Streamline"],"picked":"BootSequence","floor":5},{"not_picked":["Reinforced Body","ReplayTheSpireMod:Calculation Training"],"picked":"Self Repair","floor":6},{"not_picked":["Stack","Redo"],"picked":"Tempest","floor":8},{"not_picked":["Turbo","Hologram"],"picked":"Machine Learning","floor":12},{"not_picked":["Rip and Tear","Capacitor"],"picked":"Panic Button","floor":16},{"not_picked":["Rainbow","Biased Cognition"],"picked":"Machine Learning","floor":18},{"not_picked":["Panic Button+1","Redo"],"picked":"Turbo+1","floor":20},{"not_picked":["Conserve Battery","Sweeping Beam","Skim"],"picked":"SKIP","floor":21},{"not_picked":["Compile Driver","Darkness"],"picked":"Double Energy","floor":25},{"not_picked":["Force Field","Hologram"],"picked":"Aggregate","floor":26},{"not_picked":["Self Repair","Stack"],"picked":"Gash+1","floor":30},{"not_picked":["Reinforced Body","Machine Learning","Gash"],"picked":"SKIP","floor":31},{"not_picked":["Sweeping Beam","Reinforced Body+1","Redo"],"picked":"SKIP","floor":32},{"not_picked":["Blizzard","ReplaySolidLightProjector+1"],"picked":"Gash+1","floor":33},{"not_picked":["Multi-Cast","Meteor Strike"],"picked":"Buffer","floor":35},{"not_picked":["Go for the Eyes+1","Streamline+1","Biased Cognition"],"picked":"SKIP","floor":37},{"not_picked":["Leap","Go for the Eyes+1","Coolheaded+1"],"picked":"SKIP","floor":40},{"not_picked":["Sweeping Beam","ReplaySort"],"picked":"Redo+1","floor":42},{"not_picked":["BasicCrystalCard","Sweeping Beam"],"picked":"BootSequence","floor":44},{"not_picked":["Rebound","BasicCrystalCard","Melter"],"picked":"SKIP","floor":44},{"not_picked":["Rebound","BasicCrystalCard"],"picked":"Melter","floor":44},{"not_picked":["Barrage+1","Glacier","Conserve Battery"],"picked":"SKIP","floor":46},{"not_picked":["Cold Snap","Sweeping Beam"],"picked":"Steam Power+1","floor":47},{"not_picked":["Skim+1","FTL"],"picked":"Hologram+1","floor":47},{"not_picked":["Turbo+1","Leap"],"picked":"Loop","floor":49},{"not_picked":["ReplayTheSpireMod:Omega Cannon","Stack","Hologram+1"],"picked":"SKIP","floor":49},{"not_picked":["Rip and Tear+1","Steam+1"],"picked":"Compile Driver+1","floor":50},{"not_picked":["Go for the Eyes","Turbo+1","Cold Snap"],"picked":"SKIP","floor":50}],"player_experience":115461,"relics_obtained":[{"floor":5,"key":"PreservedInsect"},{"floor":6,"key":"Ancient Tea Set"},{"floor":9,"key":"HornCleat"},{"floor":12,"key":"Iron Hammer"},{"floor":17,"key":"Boot"},{"floor":24,"key":"Ring of Peace"},{"floor":24,"key":"ReplayTheSpireMod:Ring of Collecting"},{"floor":25,"key":"Mango"},{"floor":28,"key":"Ring of Greed"},{"floor":28,"key":"Replay:Wax Seal"},{"floor":28,"key":"Tiny Chest"},{"floor":28,"key":"CaptainsWheel"},{"floor":33,"key":"Solar Panel"},{"floor":36,"key":"MealTicket"},{"floor":36,"key":"Replay:Bottled Flurry"},{"floor":36,"key":"Ginger"},{"floor":42,"key":"Regal Pillow"},{"floor":45,"key":"Ring of Hypnosis"},{"floor":45,"key":"Girya"},{"floor":46,"key":"Replay:Towering Pillar of Hats"},{"floor":48,"key":"ReplayTheSpireMod:Ring of Challenge"},{"floor":48,"key":"War Paint"}],"event_choices":[{"damage_healed":0,"gold_gain":175,"player_choice":"AGREE","damage_taken":0,"max_hp_gain":0,"max_hp_loss":0,"event_name":"Liars Game","floor":3,"gold_loss":0,"cards_obtained":["Doubt"]},{"cards_removed":["Doubt"],"damage_healed":0,"gold_gain":0,"player_choice":"Card Removal","damage_taken":7,"max_hp_gain":0,"max_hp_loss":0,"event_name":"Golden Wing","floor":10,"gold_loss":0},{"damage_healed":0,"gold_gain":0,"player_choice":"Read","damage_taken":0,"max_hp_gain":0,"max_hp_loss":0,"event_name":"The Library","floor":22,"gold_loss":0,"cards_obtained":["Electrodynamics"]},{"damage_healed":0,"gold_gain":0,"player_choice":"1 cards matched","damage_taken":0,"max_hp_gain":0,"max_hp_loss":0,"event_name":"Match and Keep!","floor":39,"gold_loss":0,"cards_obtained":["ReplayTheSpireMod:Omega Cannon"]}],"is_beta":false,"boss_relics":[{"not_picked":["Astrolabe","Runic Pyramid"],"picked":"Painkiller Herb"},{"not_picked":["ReplayTheSpireMod:DimensionalGlitch","Inserter"],"picked":"Calling Bell"}],"items_purged_floors":[29,38],"is_endless":false,"potions_floor_spawned":[1,4,6,16,21,25,30,35,37,42,46,49],"ascension_level":0}}