{"host":"63yhhrjweyj22b0v","time":1608718235,"event":{"mods":["BaseMod","Minty Spire (QoL Compilation)","Quick Restart"],"gold_per_floor":[112,112,38,58,70,70,102,118,144,144,173,189,189,204,204,304,304,319,319,418,418,438,438,438,438],"floor_reached":24,"playtime":708,"items_purged":[],"score":231,"play_id":"4b027983-4804-4f87-9a2b-b1ca8cb07fb8","local_time":"20201223041035","is_ascension_mode":false,"campfire_choices":[{"data":"Eruption","floor":6,"key":"SMITH"},{"data":"DevaForm","floor":13,"key":"SMITH"},{"floor":15,"key":"REST"},{"floor":23,"key":"REST"}],"circlet_count":0,"master_deck":["Strike_P","Strike_P","Strike_P","Defend_P","Defend_P","Defend_P","Defend_P","Eruption+1","Vigilance","PathToVictory","Crescendo","Consecrate","PathToVictory","EmptyFist","EmptyFist","Prostrate","DevaForm+1","Adaptation","Halt","Prostrate+1"],"relics":["PureWater","NeowsBlessing","Bag of Marbles","Orichalcum","PreservedInsect","Empty Cage"],"acts_visited":["Exordium","TheCity"],"potions_floor_usage":[7,11,14,18,18],"damage_taken":[{"damage":0,"enemies":"2 Louse","floor":1,"turns":1},{"damage":0,"enemies":"Cultist","floor":4,"turns":1},{"damage":0,"enemies":"Jaw Worm","floor":5,"turns":1},{"damage":12,"enemies":"Lagavulin","floor":7,"turns":3},{"damage":0,"enemies":"Exordium Wildlife","floor":8,"turns":1},{"damage":0,"enemies":"Gremlin Nob","floor":11,"turns":1},{"damage":7,"enemies":"2 Fungi Beasts","floor":12,"turns":4},{"damage":7,"enemies":"Large Slime","floor":14,"turns":3},{"damage":56,"enemies":"Hexaghost","floor":16,"turns":8},{"damage":22,"enemies":"Chosen","floor":18,"turns":5},{"damage":46,"enemies":"3 Byrds","floor":22,"turns":8},{"damage":48,"enemies":"Book of Stabbing","floor":24,"turns":5}],"seed_played":"-1303942375000274661","potions_obtained":[{"floor":1,"key":"SkillPotion"},{"floor":8,"key":"SkillPotion"},{"floor":11,"key":"GamblersBrew"},{"floor":12,"key":"Weak Potion"},{"floor":16,"key":"BlessingOfTheForge"}],"is_trial":false,"path_per_floor":["M","?","$","M","M","R","E","M","T","?","E","M","R","M","R","B",null,"M","?","?","?","M","R","E"],"character_chosen":"WATCHER","items_purchased":["Crescendo","Consecrate"],"campfire_rested":2,"item_purchase_floors":[3,3],"current_hp_per_floor":[72,72,72,72,72,72,60,60,60,60,60,53,53,46,67,11,72,50,50,50,72,26,47,0,0],"gold":438,"neow_bonus":"THREE_ENEMY_KILL","is_daily":false,"chose_seed":false,"campfire_upgraded":2,"win_rate":0.0,"timestamp":1608718235,"path_taken":["M","?","$","M","?","R","E","M","T","?","E","M","R","M","R","BOSS","M","?","?","?","M","R","E"],"items_purchased_type":["Card","Card"],"build_version":"2020-12-22","purchased_purges":0,"victory":false,"max_hp_per_floor":[72,72,72,72,72,72,72,72,72,72,72,72,72,72,72,72,72,72,72,72,72,72,72,72,72],"card_choices":[{"not_picked":["Crescendo","ForeignInfluence"],"picked":"PathToVictory","floor":1},{"not_picked":["Collect","Protect"],"picked":"PathToVictory","floor":4},{"not_picked":["Prostrate","Consecrate"],"picked":"EmptyFist","floor":5},{"not_picked":["WaveOfTheHand","Omniscience"],"picked":"EmptyFist","floor":7},{"not_picked":["EmptyBody","Meditate"],"picked":"Prostrate","floor":8},{"not_picked":["EmptyFist","Worship"],"picked":"DevaForm","floor":11},{"not_picked":["ThirdEye","JustLucky"],"picked":"Adaptation","floor":12},{"not_picked":["Vengeance","ThirdEye"],"picked":"Halt","floor":14},{"not_picked":["Omniscience","DevaForm"],"picked":"Wish","floor":16},{"not_picked":["JustLucky","Sanctity","WaveOfTheHand"],"picked":"SKIP","floor":18},{"not_picked":["Nirvana","InnerPeace"],"picked":"Prostrate+1","floor":22}],"player_experience":637765,"relics_obtained":[{"floor":7,"key":"Bag of Marbles"},{"floor":9,"key":"Orichalcum"},{"floor":11,"key":"PreservedInsect"}],"event_choices":[{"damage_healed":0,"gold_gain":0,"player_choice":"0 cards matched","damage_taken":0,"max_hp_gain":0,"max_hp_loss":0,"event_name":"Match and Keep!","floor":2,"gold_loss":0,"cards_obtained":[]},{"damage_healed":0,"gold_gain":0,"player_choice":"Ignored","damage_taken":0,"max_hp_gain":0,"max_hp_loss":0,"event_name":"Liars Game","floor":10,"gold_loss":0},{"damage_healed":0,"gold_gain":0,"player_choice":"Ignored","damage_taken":0,"max_hp_gain":0,"max_hp_loss":0,"event_name":"Vampires","floor":19,"gold_loss":0},{"damage_healed":0,"gold_gain":99,"player_choice":"Stole From Cult","damage_taken":0,"max_hp_gain":0,"max_hp_loss":0,"event_name":"Nest","floor":20,"gold_loss":0},{"damage_healed":24,"gold_gain":0,"player_choice":"Heal","damage_taken":0,"max_hp_gain":0,"max_hp_loss":0,"event_name":"The Library","floor":21,"gold_loss":0}],"is_beta":false,"boss_relics":[{"not_picked":["Fusion Hammer","Coffee Dripper"],"picked":"Empty Cage"}],"items_purged_floors":[],"is_endless":false,"potions_floor_spawned":[1,8,11,12,16],"killed_by":"Book of Stabbing","ascension_level":0}}