{"host":"o3b7ow6d1xe49css","time":1608713709,"event":{"mods":["Act Like it!","Aspiration","BaseMod","Bestiary","Better Altar","Better Match","Better Note","Better Sensory Stone","Better Skull","Better Third Choice","Colored Powertips","Conspire","Energized Spire","Force Act Four","GifTheSpireLib","Halation","Hermit","Hubris","Infinite Spire","Lobotomy","Minty Spire (QoL Compilation)","Quick Restart","Replay The Spire","Spicy Shops","Spikes Relics","StSLib","Stuff the Spire","The Blue Laboratory","Wandering Minibosses","vexMod"],"gold_per_floor":[113,126,137,137,154,185,212,241,241,241,268,299,333,147,147,249,249,249,264,40,40,51,76,76,107,152,186,214,214,214,241,241,341,341,341,341,361,109,69,69,98,98,98,98,126,144,144,180,180,284,284,284,30,65,163],"floor_reached":56,"playtime":13756,"items_purged":["Strike_R","Strike_R","Strike_R"],"score":2063,"play_id":"a1d9c28d-2559-4670-a1d6-97ea619ddf3e","local_time":"20201222235509","daily_mods":["Heirloom","Flight","Elite Swarm"],"is_ascension_mode":true,"campfire_choices":[{"data":"BarbarianYell","floor":10,"key":"SMITH"},{"data":"Exhume","floor":15,"key":"SMITH"},{"data":"hubris:StunningStrike","floor":24,"key":"SMITH"},{"data":"Limit Break","floor":30,"key":"SMITH"},{"data":"Twin Strike","floor":32,"key":"SMITH"},{"data":"Brutality","floor":42,"key":"SMITH"},{"data":"Inflame","floor":47,"key":"SMITH"},{"floor":49,"key":"REST"},{"data":"Blood for Blood","floor":52,"key":"SMITH"}],"circlet_count":0,"master_deck":["Defend_R","Defend_R","Defend_R+1","Bash","ReplayTheSpireMod:Muscle Training","Scorched","BarbarianYell+1","UniverseFragment","Shrug It Off","Blood for Blood+1","Feed","OldLady","conspire:Purge+1","Impervious+1","Mercenary","hubris:StunningStrike+1","Feed","Exhume+1","Inflame+1","Twin Strike+1","Power Through","Anger+1","Shrug It Off","Reaper","Anger","GreedKing","Limit Break+1","Brutality+1","Shockwave+1","Pommel Strike+1"],"relics":["Burning Blood","Ring of Chaos","Replay:Kaleidoscope","CogitoBucket","ReplayTheSpireMod:Shallot","CrustySpines","hubris:FunFungus","halation:VictoryRuler","aspiration:HummingbirdHeart","hubris:SphereOfDissonance","Mercury Hourglass","infinitespire:Joker Card","Orrery","energizedSpire:EnergizedDie","LuminousBracelet","halation:PromiseList","TungstenRod","PreservedInsect","vexMod:ScavengeHelm","Happy Flower","vexMod:MemoryStick","Ancient Tea Set","CosmicIsotope","SkinProphecy","halation:PeacePiece","StuffTheSpire:DullRazor","Centennial Puzzle","infinitespire:CheckeredPen","StuffTheSpire:Experiment12","hubris:MysteriousPyramids","War Paint","AtMidnight","Theresia","Prayer Wheel","energizedSpire:MagnifyingGlass","Ring of Chaos","StuffTheSpire:ForceGauntlet","Bottled Lightning"],"acts_visited":["Exordium","TheCity","TheBeyond","Exordium","TheEnding"],"potions_floor_usage":[7,12,18,25,27,44,55,55,55],"damage_taken":[{"damage":6,"enemies":"Cultist","floor":1,"turns":3},{"damage":9,"enemies":"Jaw Worm","floor":2,"turns":6},{"damage":1,"enemies":"infinitespire:Voidling","floor":3,"turns":3},{"damage":1,"enemies":"Blue Slaver","floor":5,"turns":4},{"damage":12,"enemies":"Replay:BlueRogue","floor":6,"turns":5},{"damage":9,"enemies":"3 Sentries","floor":7,"turns":4},{"damage":28,"enemies":"Lagavulin","floor":8,"turns":6},{"damage":8,"enemies":"Replay:BlueRogue","floor":11,"turns":4},{"damage":1,"enemies":"Gremlin Nob","floor":12,"turns":3},{"damage":9,"enemies":"Replay:BlueRogue","floor":13,"turns":4},{"damage":19,"enemies":"Slime Boss","floor":16,"turns":10},{"damage":20,"enemies":"2 Thieves","floor":18,"turns":2},{"damage":19,"enemies":"conspire:FuzzyDice","floor":19,"turns":8},{"damage":27,"enemies":"conspire:HollyBat","floor":22,"turns":9},{"damage":5,"enemies":"Replay:Snechameleon","floor":23,"turns":5},{"damage":0,"enemies":"Gremlin Leader","floor":25,"turns":6},{"damage":0,"enemies":"Book of Stabbing","floor":27,"turns":3},{"damage":2,"enemies":"Gremlin Leader","floor":28,"turns":4},{"damage":3,"enemies":"Nightmare","floor":29,"turns":5},{"damage":0,"enemies":"conspire:Head Lice","floor":31,"turns":3},{"damage":17,"enemies":"hubris:MusketHawk","floor":33,"turns":7},{"damage":9,"enemies":"3 Shapes","floor":35,"turns":5},{"damage":0,"enemies":"Orb Walker","floor":37,"turns":2},{"damage":14,"enemies":"Nightmare","floor":40,"turns":8},{"damage":0,"enemies":"Reptomancer","floor":41,"turns":4},{"damage":8,"enemies":"R_Hoarder","floor":44,"turns":5},{"damage":47,"enemies":"Nemesis","floor":45,"turns":5},{"damage":8,"enemies":"Writhing Mass","floor":46,"turns":12},{"damage":109,"enemies":"Donu and Deca","floor":50,"turns":10},{"damage":2,"enemies":"Shield and Spear","floor":54,"turns":7},{"damage":6,"enemies":"The Heart","floor":55,"turns":10}],"seed_played":"-4453499113424681592","potions_obtained":[{"floor":2,"key":"Ancient Potion"},{"floor":5,"key":"Cursed Concoction"},{"floor":8,"key":"DuplicationPotion"},{"floor":12,"key":"blueLaboratory:PhilterOfMotion"},{"floor":16,"key":"blueLaboratory:IronCompound"},{"floor":18,"key":"Strength Potion"},{"floor":25,"key":"LiquidMemories"},{"floor":33,"key":"BlessingOfTheForge"},{"floor":45,"key":"Weak Potion"},{"floor":54,"key":"EssenceOfSteel"},{"floor":55,"key":"Block Potion"}],"is_trial":true,"path_per_floor":["M","M","M","T","M","E","E","E","T","R","E","E","E","$","R","B",null,"M","M","$","?","M","E","R","E","T","E","E","NM","R","E","R","B",null,"M","AVR","M","$","?","NM","E","R","T","E","E","M","R","?","R","B",null,"R","$","E","B",null],"character_chosen":"IRONCLAD","items_purchased":["Inflame","Orrery","halation:PromiseList","StuffTheSpire:DullRazor","StuffTheSpire:ForceGauntlet"],"campfire_rested":1,"item_purchase_floors":[14,14,20,38,53],"current_hp_per_floor":[80,77,80,80,80,74,73,58,58,58,58,66,70,70,70,70,87,93,103,103,103,109,109,109,111,111,107,107,107,107,107,107,109,109,108,108,117,117,117,119,127,127,127,129,96,143,143,87,129,130,146,146,146,149,151],"gold":163,"neow_bonus":"","is_daily":false,"chose_seed":false,"campfire_upgraded":8,"win_rate":0.0,"timestamp":1608713709,"path_taken":["M","M","M","?","M","E","E","E","T","R","E","E","E","?","R","BOSS","M","M","$","?","?","E","R","E","T","E","E","NM","R","E","R","BOSS","M","AVR","M","$","?","NM","E","R","T","E","E","?","R","?","R","BOSS","R","$","E","BOSS"],"items_purchased_type":["Card","Relic","Relic","Relic","Relic"],"build_version":"2020-12-22","purchased_purges":3,"victory":true,"max_hp_per_floor":[80,80,80,80,80,80,82,82,82,82,82,85,91,91,91,93,93,113,119,119,119,109,109,109,111,111,107,107,107,107,107,107,109,109,109,109,117,117,117,119,127,127,127,129,131,143,143,143,143,147,147,147,147,149,151],"card_choices":[{"not_picked":["Variant","Funeral","OSAHOGD"],"picked":"Singing Bowl","floor":1},{"not_picked":["Warcry","Entrench"],"picked":"ReplayTheSpireMod:Muscle Training","floor":1},{"not_picked":["NakedNest","Wellcheers","VoidDream"],"picked":"Singing Bowl","floor":2},{"not_picked":["Wellcheers","HappyTeddy"],"picked":"Scorched","floor":2},{"not_picked":["Flex","Clothesline"],"picked":"BarbarianYell","floor":2},{"not_picked":["MHz","HeroicMonk"],"picked":"UniverseFragment","floor":3},{"not_picked":["Warcry","Feel No Pain"],"picked":"Shrug It Off","floor":3},{"not_picked":["Bloodbath","CherryBlossoms","Wellcheers"],"picked":"Singing Bowl","floor":5},{"not_picked":["Body Slam","hubris:SharpeningStone"],"picked":"Blood for Blood","floor":5},{"not_picked":["BeautyBeast","VoidDream","FairyFestival"],"picked":"Singing Bowl","floor":6},{"not_picked":["Demon Form","Juggernaut"],"picked":"Feed","floor":6},{"not_picked":["PunishingBird","HappyTeddy","Variant"],"picked":"Singing Bowl","floor":7},{"not_picked":["RedShoes","Wellcheers"],"picked":"OldLady","floor":7},{"not_picked":["Hemogenesis","Exhume"],"picked":"conspire:Purge","floor":7},{"not_picked":["ShyLook","Alriune","Scarecrow"],"picked":"Singing Bowl","floor":8},{"not_picked":["Corruption","conspire:Purge"],"picked":"Impervious","floor":8},{"not_picked":["Bloodbath","SpiderBud"],"picked":"Mercenary","floor":11},{"not_picked":["Double Tap","Reaper"],"picked":"hubris:StunningStrike","floor":11},{"not_picked":["FieryBird","Funeral","HappyTeddy"],"picked":"Singing Bowl","floor":12},{"not_picked":["Limit Break","Fiend Fire"],"picked":"Feed","floor":12},{"not_picked":["WallGazer","BeautyBeast","SpiderBud"],"picked":"Singing Bowl","floor":13},{"not_picked":["Feed","Barricade"],"picked":"Exhume","floor":13},{"not_picked":["ReplayTheSpireMod:Limb From Limb","Iron Wave"],"picked":"Twin Strike","floor":14},{"not_picked":["Replay:Undeath\u0027s Touch","Carnage"],"picked":"Power Through","floor":14},{"not_picked":["True Grit","Headbutt"],"picked":"Anger","floor":14},{"not_picked":["Thunderclap","Warcry"],"picked":"Shrug It Off","floor":14},{"not_picked":["CherryBlossoms","MeatLantern","Variant"],"picked":"Singing Bowl","floor":16},{"not_picked":["Bludgeon","Corruption"],"picked":"Reaper","floor":16},{"not_picked":["Variant","Freischutz","BigBird"],"picked":"Singing Bowl","floor":18},{"not_picked":["Second Wind+1","StuffTheSpire:RagingBull","Twin Strike"],"picked":"SKIP","floor":18},{"not_picked":["PunishingBird","ShyLook","GalaxyChild"],"picked":"Singing Bowl","floor":19},{"not_picked":["True Grit","Clash+1"],"picked":"Anger","floor":19},{"not_picked":["FieryBird","WallGazer","FairyFestival"],"picked":"Singing Bowl","floor":22},{"not_picked":["Bloodbath","Porccubus"],"picked":"GreedKing","floor":22},{"not_picked":["Entrench","Power Through+1","StuffTheSpire:BloodClot"],"picked":"SKIP","floor":22},{"not_picked":["Freischutz","Funeral","LittleHelper"],"picked":"Singing Bowl","floor":23},{"not_picked":["conspire:HitWhereItHurts","Double Tap","Bludgeon"],"picked":"SKIP","floor":23},{"not_picked":["ShyLook","Porccubus","HeroicMonk"],"picked":"Singing Bowl","floor":25},{"not_picked":["Exhume","conspire:Purge","Fiend Fire"],"picked":"SKIP","floor":25},{"not_picked":["LongBird","Porccubus","WallGazer"],"picked":"Singing Bowl","floor":27},{"not_picked":["Hemogenesis","hubris:StunningStrike"],"picked":"Limit Break","floor":27},{"not_picked":["Immolate","Demon Form","Impervious"],"picked":"SKIP","floor":28},{"not_picked":["ShyLook","CrumblingArmor","Wellcheers"],"picked":"Singing Bowl","floor":29},{"not_picked":["conspire:HitWhereItHurts","Impervious","Corruption"],"picked":"SKIP","floor":29},{"not_picked":["Double Tap","Eclipse","Replay:Many Hands"],"picked":"SKIP","floor":31},{"not_picked":["Feed","Berserk"],"picked":"Brutality","floor":33},{"not_picked":["Anger","Shrug It Off"],"picked":"Shockwave+1","floor":35},{"not_picked":["Iron Wave","Headbutt+1","Armaments+1"],"picked":"SKIP","floor":37},{"not_picked":["Hemogenesis","hubris:StunningStrike","Impervious"],"picked":"SKIP","floor":40},{"not_picked":["Hemogenesis","Eclipse","Replay:Many Hands"],"picked":"SKIP","floor":41},{"not_picked":["Double Tap","Replay:Many Hands","Corruption"],"picked":"SKIP","floor":44},{"not_picked":["Impervious","Replay:Many Hands","Eclipse"],"picked":"SKIP","floor":45},{"not_picked":["ReplayTheSpireMod:Strike From Hell+1","Seeing Red+1"],"picked":"Pommel Strike+1","floor":46},{"not_picked":["conspire:Purge","Double Tap","Impervious"],"picked":"SKIP","floor":54}],"player_experience":1821733,"relics_obtained":[{"floor":4,"key":"ReplayTheSpireMod:Shallot"},{"floor":6,"key":"CrustySpines"},{"floor":7,"key":"hubris:FunFungus"},{"floor":8,"key":"halation:VictoryRuler"},{"floor":9,"key":"aspiration:HummingbirdHeart"},{"floor":11,"key":"hubris:SphereOfDissonance"},{"floor":12,"key":"Mercury Hourglass"},{"floor":13,"key":"infinitespire:Joker Card"},{"floor":23,"key":"TungstenRod"},{"floor":25,"key":"PreservedInsect"},{"floor":27,"key":"vexMod:ScavengeHelm"},{"floor":28,"key":"Happy Flower"},{"floor":29,"key":"vexMod:MemoryStick"},{"floor":31,"key":"Ancient Tea Set"},{"floor":40,"key":"Centennial Puzzle"},{"floor":41,"key":"infinitespire:CheckeredPen"},{"floor":43,"key":"StuffTheSpire:Experiment12"},{"floor":44,"key":"hubris:MysteriousPyramids"},{"floor":45,"key":"War Paint"},{"floor":46,"key":"AtMidnight"},{"floor":48,"key":"Prayer Wheel"},{"floor":54,"key":"Bottled Lightning"}],"event_choices":[{"cards_removed":["Strike_R"],"damage_healed":0,"gold_gain":0,"player_choice":"Give","damage_taken":0,"max_hp_gain":0,"max_hp_loss":0,"event_name":"betterNote:BetterNote","floor":21,"gold_loss":0,"cards_obtained":["Strike_R"]},{"damage_healed":0,"gold_gain":0,"player_choice":"Upgraded Two","damage_taken":0,"max_hp_gain":0,"max_hp_loss":0,"event_name":"Designer","floor":39,"gold_loss":40,"cards_upgraded":["Anger","conspire:Purge"]}],"is_beta":false,"boss_relics":[{"not_picked":["Snecko Heart","hubris:BlackHole"],"picked":"energizedSpire:EnergizedDie"},{"not_picked":["halation:PlatinumPhoenix","halation:SmartPhone"],"picked":"CosmicIsotope"},{"not_picked":["Busted Crown","aspiration:RitualDagger"],"picked":"energizedSpire:MagnifyingGlass"}],"items_purged_floors":[20,36,38],"is_endless":true,"potions_floor_spawned":[2,5,8,12,16,18,22,25,33,35,45,54,55],"ascension_level":5}}