{"host":"94aus4jnk6thj94q","time":1608751091,"event":{"mods":["BaseMod","Minty Spire (QoL Compilation)","Quick Restart","StSLib"],"gold_per_floor":[118,32,32,45,0,39,39,39,94,94,23,55,89,102,102,236,245,278,308,333,333,36,36,36,0,27,27,27],"floor_reached":27,"playtime":1620,"items_purged":[],"score":236,"play_id":"15de78ab-a8b1-449d-a80e-0853f949f006","local_time":"20201223211811","is_ascension_mode":false,"campfire_choices":[{"floor":8,"key":"REST"},{"floor":10,"key":"RECALL"},{"floor":15,"key":"REST"},{"floor":23,"key":"REST"}],"circlet_count":0,"master_deck":["Strike_G+1","Strike_G","Strike_G+1","Strike_G","Strike_G","Defend_G","Defend_G","Defend_G","Defend_G","Defend_G","Survivor","Neutralize","Backflip","Panacea","Sucker Punch","Burst","Caltrops","Well Laid Plans","Sucker Punch","Venomology","CurseOfTheBell","Terror","Accuracy"],"relics":["Ring of the Snake","NeowsBlessing","Golden Idol","Shuriken","CeramicFish","Whetstone","Calling Bell","Smiling Mask","White Beast Statue","Turnip","ClockworkSouvenir","Strawberry","Regal Pillow"],"acts_visited":["Exordium","TheCity"],"potions_floor_usage":[14,16,16,18,19,20,20,27],"damage_taken":[{"damage":0,"enemies":"Jaw Worm","floor":1,"turns":1},{"damage":0,"enemies":"Small Slimes","floor":4,"turns":1},{"damage":0,"enemies":"Gremlin Nob","floor":6,"turns":1},{"damage":1,"enemies":"Cultist","floor":12,"turns":4},{"damage":3,"enemies":"Large Slime","floor":13,"turns":9},{"damage":12,"enemies":"Exordium Wildlife","floor":14,"turns":5},{"damage":58,"enemies":"Slime Boss","floor":16,"turns":14},{"damage":12,"enemies":"Shell Parasite","floor":18,"turns":10},{"damage":8,"enemies":"Chosen","floor":19,"turns":7},{"damage":26,"enemies":"Centurion and Healer","floor":20,"turns":11},{"damage":32,"enemies":"3 Cultists","floor":27,"turns":4}],"seed_played":"-785169409499994740","potions_obtained":[{"floor":1,"key":"SpeedPotion"},{"floor":12,"key":"Energy Potion"},{"floor":13,"key":"PowerPotion"},{"floor":18,"key":"Weak Potion"},{"floor":19,"key":"Energy Potion"},{"floor":20,"key":"DuplicationPotion"}],"is_trial":false,"path_per_floor":["M","$","?","M","?","E","T","R","T","R","$","M","M","M","R","B",null,"M","M","M","?","$","R","$","?","T","M"],"character_chosen":"THE_SILENT","items_purchased":["Panacea","Caltrops","ClockworkSouvenir","Strawberry"],"campfire_rested":3,"item_purchase_floors":[2,11,22,22],"current_hp_per_floor":[70,70,53,53,53,53,53,70,70,70,70,69,66,54,70,12,70,58,50,24,24,31,54,54,54,54,22,22],"gold":27,"neow_bonus":"THREE_ENEMY_KILL","is_daily":false,"chose_seed":false,"campfire_upgraded":0,"win_rate":0.0,"timestamp":1608751091,"path_taken":["M","$","?","M","?","E","?","R","T","R","$","M","M","M","R","BOSS","M","M","M","?","$","R","$","?","T","M"],"items_purchased_type":["Card","Card","Relic","Relic"],"build_version":"2020-12-22","purchased_purges":0,"victory":false,"max_hp_per_floor":[70,70,70,70,70,70,70,70,70,70,70,70,70,70,70,70,70,70,70,70,70,77,77,77,77,77,77,77],"card_choices":[{"not_picked":["Skewer","Prepared"],"picked":"Backflip","floor":1},{"not_picked":["Dagger Spray","Flying Knee"],"picked":"Sucker Punch","floor":4},{"not_picked":["Reflex","Dash"],"picked":"Burst","floor":6},{"not_picked":["Acrobatics","Outmaneuver"],"picked":"Well Laid Plans","floor":12},{"not_picked":["Catalyst","Poisoned Stab"],"picked":"Sucker Punch","floor":13},{"not_picked":["Flying Knee","Deadly Poison","Expertise"],"picked":"SKIP","floor":14},{"not_picked":["Doppelganger","Tools of the Trade"],"picked":"Venomology","floor":16},{"not_picked":["Deadly Poison","Quick Slash"],"picked":"Terror","floor":18},{"not_picked":["Deflect+1","Cloak And Dagger"],"picked":"Accuracy","floor":19},{"not_picked":["Poisoned Stab+1","Acrobatics","Predator"],"picked":"SKIP","floor":20}],"player_experience":5635043,"relics_obtained":[{"floor":6,"key":"Shuriken"},{"floor":7,"key":"CeramicFish"},{"floor":9,"key":"Whetstone"},{"floor":17,"key":"Smiling Mask"},{"floor":17,"key":"White Beast Statue"},{"floor":17,"key":"Turnip"},{"floor":26,"key":"Regal Pillow"}],"event_choices":[{"damage_healed":0,"gold_gain":0,"player_choice":"Take Damage","damage_taken":17,"relics_obtained":["Golden Idol"],"max_hp_gain":0,"max_hp_loss":0,"event_name":"Golden Idol","floor":3,"gold_loss":0},{"damage_healed":0,"gold_gain":0,"player_choice":"Left Gold","damage_taken":0,"max_hp_gain":0,"max_hp_loss":0,"event_name":"World of Goop","floor":5,"gold_loss":45},{"damage_healed":0,"gold_gain":0,"player_choice":"Ignored","damage_taken":0,"max_hp_gain":0,"max_hp_loss":0,"event_name":"The Mausoleum","floor":21,"gold_loss":0},{"damage_healed":0,"gold_gain":0,"player_choice":"Paid Fearfully","damage_taken":0,"max_hp_gain":0,"max_hp_loss":0,"event_name":"Masked Bandits","floor":25,"gold_loss":36}],"is_beta":false,"boss_relics":[{"not_picked":["Black Star","Fusion Hammer"],"picked":"Calling Bell"}],"items_purged_floors":[],"is_endless":false,"potions_floor_spawned":[1,12,13,18,19,20],"killed_by":"3 Cultists","ascension_level":0}}