{"host":"95i1gxnztdrdyvhi","time":1608751789,"event":{"mods":["AchievementEnabler","Act Like it!","BaseMod","Downfall","Minty Spire (QoL Compilation)","Quick Restart","StSLib"],"gold_per_floor":[0,18,18,29,42,42,42,42,42,81,37,37,78,88,108,108,108,108],"floor_reached":16,"playtime":820,"items_purged":[],"score":110,"play_id":"1030cf50-1f5d-4c15-86c4-b23adfe644c9","local_time":"20201223192949","is_ascension_mode":false,"campfire_choices":[{"data":"hexamod:WildfireWeapon","floor":1,"key":"SMITH"},{"floor":6,"key":"RECALL"},{"data":"hexamod:Firestarter","floor":12,"key":"SMITH"}],"circlet_count":0,"master_deck":["hexamod:Strike+1","hexamod:Strike","hexamod:Strike","hexamod:Strike","hexamod:Defend+1","hexamod:Defend+1","hexamod:Defend+1","hexamod:Defend+1","hexamod:Float","hexamod:WildfireWeapon+1","hexamod:SecondSeal","hexamod:Firestarter+1","hexamod:SixthSeal","hexamod:PhantomFireball","hexamod:Firestarter"],"relics":["hexamod:SpiritBrand","Shuriken","War Paint","Blue Candle"],"acts_visited":["Exordium"],"potions_floor_usage":[13,13,16],"damage_taken":[{"damage":0,"enemies":"Cultist","floor":2,"turns":3},{"damage":1,"enemies":"2 Louse","floor":4,"turns":3},{"damage":6,"enemies":"Jaw Worm","floor":5,"turns":3},{"damage":28,"enemies":"Gremlin Nob","floor":10,"turns":4},{"damage":0,"enemies":"downfall:FleeingMerchant","floor":11,"turns":4},{"damage":19,"enemies":"3 Sentries","floor":13,"turns":9},{"damage":1,"enemies":"Exordium Thugs","floor":14,"turns":5},{"damage":0,"enemies":"Lots of Slimes","floor":15,"turns":4},{"damage":19,"enemies":"downfall:Ironclad","floor":16,"turns":5}],"seed_played":"6285158323671130934","potions_obtained":[{"floor":4,"key":"Explosive Potion"},{"floor":10,"key":"LiquidMemories"},{"floor":13,"key":"DuplicationPotion"}],"is_trial":false,"path_per_floor":["R","M","?","M","M","R","T","?","?","E","$","R","E","M","M","B"],"character_chosen":"THE_SPIRIT","items_purchased":["hexamod:PhantomFireball"],"campfire_rested":0,"item_purchase_floors":[11],"current_hp_per_floor":[70,70,70,69,63,63,63,68,68,40,40,40,21,20,20,1,1,1],"gold":108,"neow_bonus":"THREE_RARE_CARDS","is_daily":false,"chose_seed":false,"campfire_upgraded":2,"win_rate":0.0,"timestamp":1608751789,"path_taken":["R","M","?","M","M","R","T","?","?","E","?","R","E","M","M","BOSS"],"items_purchased_type":["Card"],"build_version":"2020-12-22","purchased_purges":0,"victory":false,"max_hp_per_floor":[70,70,70,70,70,70,70,75,75,75,75,75,75,75,75,75,75,75],"card_choices":[{"not_picked":["hexamod:UnleashSpirits","hexamod:GiftsFromTheDead"],"picked":"hexamod:WildfireWeapon","floor":0},{"not_picked":["hexamod:SpectersWail","hexamod:Again","hexamod:BacktrackSmack"],"picked":"SKIP","floor":2},{"not_picked":["hexamod:GhostOfSpirePast","hexamod:SuperheatedStrike","hexamod:HauntingEcho"],"picked":"SKIP","floor":4},{"not_picked":["hexamod:InspiringFlames","hexamod:Haunt"],"picked":"hexamod:SecondSeal","floor":5},{"not_picked":["hexamod:ShieldOfDarkness","hexamod:AdvancingGuard"],"picked":"hexamod:Firestarter","floor":10},{"not_picked":["hexamod:ThermalTransfer","hexamod:Again"],"picked":"hexamod:SixthSeal","floor":11},{"not_picked":["hexamod:HauntingEcho","hexamod:BurningTouch","hexamod:BacktrackSmack"],"picked":"SKIP","floor":13},{"not_picked":["hexamod:FastForward","hexamod:CrushingStance"],"picked":"hexamod:Firestarter","floor":14},{"not_picked":["hexamod:SwordOfDarkness","hexamod:RainOfEmbers","hexamod:InspiringFlames"],"picked":"SKIP","floor":15}],"player_experience":797670,"relics_obtained":[{"floor":7,"key":"Shuriken"},{"floor":10,"key":"War Paint"},{"floor":13,"key":"Blue Candle"}],"event_choices":[{"cards_removed":["hexamod:Sear"],"damage_healed":0,"gold_gain":0,"player_choice":"Card Removal","damage_taken":0,"max_hp_gain":0,"max_hp_loss":0,"event_name":"The Cleric","floor":3,"gold_loss":0},{"damage_healed":0,"gold_gain":0,"player_choice":"Donut","damage_taken":0,"max_hp_gain":5,"max_hp_loss":0,"event_name":"Big Fish","floor":8,"gold_loss":0}],"is_beta":false,"boss_relics":[],"items_purged_floors":[],"is_endless":false,"potions_floor_spawned":[4,10,13],"killed_by":"downfall:Ironclad","ascension_level":0}}