{"host":"v4tuy5ykrbdcm9o9","time":1608761135,"event":{"mods":["BaseMod","Duelist Mod","Minty Spire (QoL Compilation)","Replay The Spire","StSLib"],"gold_per_floor":[109,109,125,145,145,145,159,159,159],"floor_reached":8,"playtime":1240,"items_purged":[],"score":58,"play_id":"06017cbb-22bd-4487-887b-8674d7ce15fa","local_time":"20201223170535","is_ascension_mode":true,"campfire_choices":[{"data":"Bash","floor":6,"key":"SMITH"}],"circlet_count":0,"master_deck":["Strike_R","Strike_R","Strike_R","Strike_R","Strike_R","Defend_R","Defend_R","Defend_R","Defend_R","Bash+1","Anger","Life Link+1","Thunderclap","Anger"],"relics":["Burning Blood","Replay:Bottled Snecko"],"acts_visited":["Exordium"],"potions_floor_usage":[],"damage_taken":[{"damage":0,"enemies":"2 Louse","floor":1,"turns":3},{"damage":0,"enemies":"Small Slimes","floor":3,"turns":2},{"damage":6,"enemies":"Cultist","floor":4,"turns":4},{"damage":16,"enemies":"Blue Slaver","floor":7,"turns":3},{"damage":5,"enemies":"3 Sentries","floor":8,"turns":2}],"seed_played":"7882184058401500487","potions_obtained":[],"is_trial":false,"path_per_floor":["M","?","M","M","?","R","M","E"],"character_chosen":"IRONCLAD","items_purchased":[],"campfire_rested":0,"item_purchase_floors":[],"current_hp_per_floor":[88,63,69,69,69,69,59,54,54],"gold":159,"neow_bonus":"TEN_PERCENT_HP_BONUS","is_daily":false,"chose_seed":false,"campfire_upgraded":1,"win_rate":0.0,"timestamp":1608761135,"path_taken":["M","?","M","M","?","R","M","E"],"items_purchased_type":[],"build_version":"2020-12-22","purchased_purges":0,"victory":false,"max_hp_per_floor":[88,88,88,88,88,88,88,88,88],"card_choices":[{"not_picked":["Clothesline","Shrug It Off"],"picked":"Anger","floor":1},{"not_picked":["Body Slam","Havoc"],"picked":"Life Link","floor":3},{"not_picked":["Dual Wield","Twin Strike"],"picked":"Thunderclap","floor":4},{"not_picked":["Clothesline","Carnage"],"picked":"Anger","floor":7}],"player_experience":440008,"relics_obtained":[],"event_choices":[{"damage_healed":0,"gold_gain":0,"player_choice":"Success","damage_taken":25,"relics_obtained":["Replay:Bottled Snecko"],"max_hp_gain":0,"max_hp_loss":0,"event_name":"Scrap Ooze","floor":2,"gold_loss":0},{"damage_healed":0,"gold_gain":0,"player_choice":"Grow","damage_taken":0,"max_hp_gain":0,"max_hp_loss":0,"event_name":"Living Wall","floor":5,"gold_loss":0,"cards_upgraded":["Life Link"]}],"is_beta":false,"boss_relics":[],"items_purged_floors":[],"is_endless":false,"potions_floor_spawned":[],"killed_by":"3 Sentries","ascension_level":4}}