{"host":"dntw6kil9p09eemm","time":1608699671,"event":{"mods":["Alarm Clock","Aspiration","BaseMod","Colored Powertips","Downfall","Hermit","Hubris","Minty Spire (QoL Compilation)","Permanent Neow","Replay The Spire","Reworked Bosses","Shop Mod","Spicy Shops","StSLib","The Runesmith"],"gold_per_floor":[109,122,70,89,104,104,134,147,199,219,237,237,185,197,197,300,350,369,369,369,180,194,219,219,237,318,343,360,360,170,170,170,275,275,287,79,92,92,109,109,109,109,109],"floor_reached":41,"playtime":2721,"items_purged":["hexamod:Defend","hexamod:Strike"],"score":565,"play_id":"c2db3625-369c-429b-a0c4-ebf8a8340979","local_time":"20201223140111","is_ascension_mode":false,"campfire_choices":[{"data":"hexamod:Float","floor":6.0,"key":"SMITH"},{"floor":12.0,"key":"REST"},{"data":"hexamod:FastForward","floor":15.0,"key":"SMITH"},{"floor":24.0,"key":"REST"},{"floor":29.0,"key":"REST"},{"data":"hexamod:SearingWound","floor":32.0,"key":"SMITH"},{"data":"hexamod:SearingWound","floor":32.0,"key":"SMITH"},{"floor":40,"key":"REST"}],"circlet_count":0,"master_deck":["hexamod:Strike","hexamod:Strike","hexamod:Strike","hexamod:Defend","hexamod:Defend","hexamod:Sear","hexamod:Float+1","hexamod:SearingWound+1","hexamod:StepThrough","hexamod:Incineration","hexamod:FastForward+1","hexamod:GhostflameBarrier+1","Pot Of Greed","Pot Of Greed","hexamod:FastForward","hexamod:VolcanoVisage","hexamod:SearingWound+1","hexamod:Again","hexamod:GhostOfSpireFuture","hexamod:GhostflameInferno","hexamod:CatchUp+1","Seeing Red","hexamod:EmpoweredFlame"],"relics":["hexamod:SpiritBrand","hexamod:BolsterEngine","MerchantsRug","Replay:Arrowhead","hubris:PeanutButter","FossilizedHelix","aspiration:IroncladSkillbook","ReplayFunnel"],"acts_visited":["Exordium","TheCity","TheBeyond"],"potions_floor_usage":[],"damage_taken":[{"damage":2.0,"enemies":"2 Louse","floor":1.0,"turns":3.0},{"damage":0.0,"enemies":"Small Slimes","floor":2.0,"turns":3.0},{"damage":0.0,"enemies":"Cultist","floor":4.0,"turns":3.0},{"damage":0.0,"enemies":"Large Slime","floor":5.0,"turns":5.0},{"damage":19.0,"enemies":"Gremlin Nob","floor":7.0,"turns":5.0},{"damage":1.0,"enemies":"3 Louse","floor":8.0,"turns":3.0},{"damage":4.0,"enemies":"Exordium Wildlife","floor":10.0,"turns":2.0},{"damage":1.0,"enemies":"Exordium Thugs","floor":11.0,"turns":4.0},{"damage":5.0,"enemies":"Large Slime","floor":14.0,"turns":3.0},{"damage":38.0,"enemies":"Fading Forest","floor":16.0,"turns":11.0},{"damage":7.0,"enemies":"Spheric Guardian","floor":18.0,"turns":4.0},{"damage":0.0,"enemies":"3 Byrds","floor":22.0,"turns":4.0},{"damage":25.0,"enemies":"Slavers","floor":23.0,"turns":5.0},{"damage":2.0,"enemies":"Centurion and Healer","floor":25.0,"turns":5.0},{"damage":19.0,"enemies":"Masked Bandits","floor":27.0,"turns":5.0},{"damage":5.0,"enemies":"3 Cultists","floor":28.0,"turns":5.0},{"damage":0.0,"enemies":"Colosseum Slavers","floor":31.0,"turns":4.0},{"damage":35.0,"enemies":"Pondfish","floor":33.0,"turns":14.0},{"damage":6.0,"enemies":"Orb Walker","floor":35.0,"turns":5.0},{"damage":13,"enemies":"3 Shapes","floor":37,"turns":4},{"damage":33,"enemies":"Spire Growth","floor":39,"turns":6},{"damage":48,"enemies":"Sphere and 2 Shapes","floor":41,"turns":4}],"seed_played":"-8309942660176562478","potions_obtained":[{"floor":1.0,"key":"Dexterity Potion"},{"floor":5.0,"key":"Explosive Potion"},{"floor":7.0,"key":"Block Potion"},{"floor":10.0,"key":"Milkshake"},{"floor":16.0,"key":"Swift Potion"},{"floor":17.0,"key":"Swift Potion"},{"floor":18.0,"key":"Toxic Potion"},{"floor":25.0,"key":"Toxic Potion"},{"floor":27.0,"key":"Adrenaline Potion"},{"floor":33.0,"key":"LifebloodPotion"},{"floor":39,"key":"sneckomod:MuddlingPotion"}],"is_trial":false,"path_per_floor":["M","M","$","M","M","R","E","M","T","M","M","R","$","M","R","B",null,"M","?","?","$","M","E","R","M","T","?","M","R","$","?","R","B",null,"M","$","M","?","M","R","M"],"character_chosen":"THE_SPIRIT","items_purchased":["hexamod:FastForward","MerchantsRug","Replay:Arrowhead","FossilizedHelix","ReplayFunnel"],"campfire_rested":4,"item_purchase_floors":[3,13,21,30,36],"current_hp_per_floor":[61,61,61,61,61,61,42,41,41,37,36,54,54,49,49,21,68,61,61,61,61,61,36,56,54,54,35,30,50,50,50,50,15,68,66,66,57,57,28,48,0,0,0],"gold":109,"neow_bonus":"THREE_RARE_CARDS","is_daily":false,"chose_seed":false,"campfire_upgraded":4,"win_rate":0.0,"timestamp":1608699671,"path_taken":["M","M","$","M","M","R","E","M","T","M","M","R","$","M","R","BOSS","M","?","?","$","M","E","R","M","T","?","M","R","$","?","R","BOSS","M","$","M","?","M","R","M"],"items_purchased_type":["Card","Relic","Relic","Relic","Relic"],"build_version":"2020-12-13","purchased_purges":2,"victory":false,"max_hp_per_floor":[63,63,63,63,63,63,63,63,63,63,63,63,63,63,63,63,68,68,68,68,68,68,68,68,68,68,68,68,68,68,68,68,68,68,68,68,68,68,68,68,68,68,68],"card_choices":[{"not_picked":["hexamod:TimeWarp","hexamod:CrushingStance"],"picked":"hexamod:SearingWound","floor":0.0},{"not_picked":["hexamod:HeatMetal","hexamod:InspiringFlames"],"picked":"hexamod:StepThrough","floor":1.0},{"not_picked":["hexamod:GhostOfSpirePast","hexamod:HeatMetal"],"picked":"hexamod:Incineration","floor":2.0},{"not_picked":["hexamod:NightmareStrike","hexamod:NightmareGuise","hexamod:RainOfEmbers"],"picked":"SKIP","floor":4.0},{"not_picked":["hexamod:BacktrackSmack","hexamod:Again"],"picked":"hexamod:GhostflameBarrier","floor":5.0},{"not_picked":["hexamod:GhostShield","hexamod:ChargedBarrage","hexamod:InspiringFlames"],"picked":"SKIP","floor":7.0},{"not_picked":["hexamod:FlamesFromBeyond","hexamod:PhantomCloak","hexamod:BacktrackSmack"],"picked":"SKIP","floor":8.0},{"not_picked":["hexamod:Haunt","hexamod:HeatShield"],"picked":"hexamod:FastForward","floor":10.0},{"not_picked":["hexamod:GhostShield","hexamod:EmpoweredFlame"],"picked":"hexamod:VolcanoVisage","floor":11.0},{"not_picked":["hexamod:NightmareGuise","hexamod:FlamesFromBeyond","hexamod:HauntingEcho"],"picked":"SKIP","floor":14.0},{"not_picked":["hexamod:UnleashSpirits","hexamod:ParanormalForm"],"picked":"hexamod:SearingWound","floor":16.0},{"not_picked":["hexamod:SwordOfDarkness","hexamod:RainOfEmbers"],"picked":"hexamod:Again","floor":17.0},{"not_picked":["hexamod:NightmareStrike","hexamod:HeatShield","hexamod:GhostShield"],"picked":"SKIP","floor":18.0},{"not_picked":["hexamod:GhostOfSpirePresent","hexamod:SkipABeat+1","hexamod:HauntingEcho+1"],"picked":"SKIP","floor":22.0},{"not_picked":["hexamod:NightmareStrike+1","hexamod:PowerFromBeyond","hexamod:Hexaguard+1"],"picked":"SKIP","floor":23.0},{"not_picked":["hexamod:ChargedBarrage","hexamod:ShieldOfDarkness+1","hexamod:HauntingEcho"],"picked":"SKIP","floor":25.0},{"not_picked":["hexamod:NightmareGuise","hexamod:HauntingEcho"],"picked":"hexamod:GhostOfSpireFuture","floor":28.0},{"not_picked":["hexamod:ParanormalForm","hexamod:ApocalypseNow"],"picked":"hexamod:GhostflameInferno","floor":33.0},{"not_picked":["Abandon+1","Intimidate+1","ReplayReversal"],"picked":"hexamod:CatchUp+1","floor":35.0},{"not_picked":["Shrug It Off","ReplayReversal","hexamod:StepThrough+1"],"picked":"Seeing Red","floor":37},{"not_picked":["hexamod:NightmareStrike","Sentinel","ReplayTheSpireMod:LeadingStrike"],"picked":"hexamod:EmpoweredFlame","floor":39}],"player_experience":439917,"relics_obtained":[{"floor":7.0,"key":"Grinning Jar"},{"floor":9.0,"key":"hexamod:BolsterEngine"},{"floor":23.0,"key":"Ancient Tea Set"},{"floor":26.0,"key":"hubris:PeanutButter"},{"floor":27.0,"key":"Red Mask"}],"event_choices":[{"damage_healed":0.0,"max_hp_gain":0.0,"max_hp_loss":0.0,"gold_gain":0.0,"event_name":"Masked Bandits","player_choice":"Fought Bandits","floor":27.0,"gold_loss":0.0,"damage_taken":0.0},{"damage_healed":0.0,"max_hp_gain":0.0,"max_hp_loss":0.0,"gold_gain":0.0,"event_name":"Colosseum","player_choice":"Fight","floor":31.0,"gold_loss":0.0,"damage_taken":0.0},{"damage_healed":0.0,"max_hp_gain":0.0,"max_hp_loss":0.0,"gold_gain":0.0,"event_name":"Colosseum","player_choice":"Fled From Nobs","floor":31.0,"gold_loss":0.0,"damage_taken":0.0},{"cards_removed":["hexamod:Defend"],"damage_healed":0,"gold_gain":0,"player_choice":"Card Removal","damage_taken":0,"max_hp_gain":0,"max_hp_loss":0,"event_name":"Wheel of Change","floor":38,"gold_loss":0}],"is_beta":false,"boss_relics":[{"not_picked":["hubris:BlackHole","aspiration:RunesmithSkillbook"],"picked":"Tiny House"},{"not_picked":["hubris:HollowSoul","aspiration:FutureDiary"],"picked":"aspiration:IroncladSkillbook"}],"items_purged_floors":[21,36],"is_endless":false,"potions_floor_spawned":[1,5,7,10,16,18,25,27,33,39],"killed_by":"Sphere and 2 Shapes","ascension_level":0}}