{"host":"ruzbe9usp9zhw4m7","time":1608717209,"event":{"mods":["BaseMod","Colored Map","Downfall","Googly Eyes","Hermit","Marisa????????","Minty Spire (QoL Compilation)","Replay The Spire","StSLib","The Bug Knight","The Cursed","The Disciple","The Servant 0.9.4"],"gold_per_floor":[111,76,91,16,16,49,49,49,74,89,100,118,118,137,137,236,236,246,146,146,162,162,181,198,213,213,128,128,161,36,48,48,145,145,162,181,181,181,181,214,226,148,183,195,242,254,279,309,321,333],"floor_reached":51,"playtime":2280,"items_purged":["Strike_G","Defend_G+1","Night Terror"],"score":777,"play_id":"9179e4f7-de39-4d6a-b8c2-754b78e759de","local_time":"20201223035329","is_ascension_mode":false,"campfire_choices":[{"data":"Bouncing Flask","floor":7,"key":"SMITH"},{"floor":13,"key":"REST"},{"floor":28,"key":"REST"},{"floor":32,"key":"REST"},{"floor":41,"key":"REST"},{"floor":44,"key":"REST"},{"floor":49,"key":"REST"}],"circlet_count":0,"master_deck":["Defend_G+1","Defend_G","Defend_G","Survivor+1","Neutralize","Poisoned Stab+1","Bouncing Flask+1","Catalyst+1","Bane","Poison Darts","Poison Darts","Footwork","Noxious Fumes","Backstab+1","Catalyst","Poison Darts+1","A Thousand Cuts+1","Flechettes+1","Poisoned Stab+1","Bane+1","Bane+1","Dagger Spray"],"relics":["Ring of the Snake","Blue Doll","Pocketwatch","Letter Opener","Gremlin Food","Snecko Heart","Blue Candle","Replay:Ringing Soul","Lantern","Astrolabe","Ring of Fangs","Ring of Chaos","MawBank","Bag of Marbles","Prayer Wheel"],"acts_visited":["Exordium","TheCity","TheBeyond"],"potions_floor_usage":[6,6,16,16,24,25,29,29,36,40],"damage_taken":[{"damage":2,"enemies":"Jaw Worm","floor":1,"turns":5},{"damage":1,"enemies":"2 Louse","floor":3,"turns":3},{"damage":17,"enemies":"3 Sentries","floor":6,"turns":8},{"damage":0,"enemies":"Small Slimes","floor":10,"turns":2},{"damage":0,"enemies":"Looter","floor":11,"turns":3},{"damage":6,"enemies":"Exordium Wildlife","floor":12,"turns":3},{"damage":11,"enemies":"Large Slime","floor":14,"turns":4},{"damage":19,"enemies":"The Guardian","floor":16,"turns":6},{"damage":5,"enemies":"3 Byrds","floor":18,"turns":3},{"damage":15,"enemies":"Snecko","floor":21,"turns":3},{"damage":19,"enemies":"Sentry and Sphere","floor":23,"turns":3},{"damage":0,"enemies":"Cultist and Chosen","floor":24,"turns":4},{"damage":0,"enemies":"3 Cultists","floor":25,"turns":4},{"damage":13,"enemies":"Slavers","floor":29,"turns":4},{"damage":10,"enemies":"Chosen and Byrds","floor":31,"turns":4},{"damage":38,"enemies":"Pondfish","floor":33,"turns":6},{"damage":35,"enemies":"3 Darklings","floor":35,"turns":4},{"damage":3,"enemies":"Orb Walker","floor":36,"turns":3},{"damage":23,"enemies":"HollowMod:StalkingDevout","floor":40,"turns":3},{"damage":2,"enemies":"R_Hoarder","floor":45,"turns":4},{"damage":27,"enemies":"3 Darklings","floor":47,"turns":4},{"damage":5,"enemies":"Sphere and 2 Shapes","floor":48,"turns":3},{"damage":44,"enemies":"Time Eater","floor":50,"turns":5}],"seed_played":"6048383639025431618","potions_obtained":[{"floor":1,"key":"EssenceOfSteel"},{"floor":3,"key":"Poison Potion"},{"floor":14,"key":"BlessingOfTheForge"},{"floor":15,"key":"Block Potion"},{"floor":15,"key":"Regen Potion"},{"floor":16,"key":"AttackPotion"},{"floor":18,"key":"BlessingOfTheForge"},{"floor":25,"key":"LifebloodPotion"},{"floor":35,"key":"PowerPotion"},{"floor":36,"key":"Poison Potion"},{"floor":45,"key":"Strength Potion"}],"is_trial":false,"path_per_floor":["M","?","M","$","?","E","R","?","T","M","M","M","R","M","R_BF","B",null,"M","$","?","M","?","M","M","M","T","?","R","E","$","M","R","B",null,"M","M","?","?","?","E","R","?","T","R","E","$","M","M","R","B",null],"character_chosen":"THE_SILENT","items_purchased":[],"campfire_rested":6,"item_purchase_floors":[],"current_hp_per_floor":[68,70,69,69,66,49,49,35,35,35,35,29,50,39,39,35,70,65,65,65,50,37,18,18,18,18,18,40,30,30,23,47,12,87,52,49,49,52,52,32,58,58,58,84,85,85,58,56,84,40],"gold":345,"neow_bonus":"RANDOM_COMMON_RELIC","is_daily":false,"chose_seed":false,"campfire_upgraded":1,"win_rate":0.0,"timestamp":1608717209,"path_taken":["M","?","M","$","?","E","R","?","T","M","M","M","R","M","R_BF","BOSS","M","$","?","M","?","M","M","M","T","?","R","E","$","?","R","BOSS","M","M","?","?","?","E","R","?","T","R","E","$","M","M","R","BOSS"],"items_purchased_type":[],"build_version":"2020-12-22","purchased_purges":3,"victory":true,"max_hp_per_floor":[70,70,70,70,70,70,70,70,70,70,70,70,70,70,70,70,70,70,70,70,70,75,75,75,75,75,75,75,78,78,81,81,84,87,87,87,83,86,86,89,89,89,89,89,92,92,92,95,95,95],"card_choices":[{"not_picked":["Infinite Blades","Choke","All Out Attack"],"picked":"SKIP","floor":1},{"not_picked":["Leg Sweep","Deadly Poison"],"picked":"Poisoned Stab","floor":3},{"not_picked":["Catalyst","Flying Knee"],"picked":"Bouncing Flask","floor":6},{"not_picked":["ReplayTheSpireMod:Tripwire","Deadly Poison"],"picked":"Catalyst","floor":10},{"not_picked":["Blade Dance","Infinite Blades","Acrobatics"],"picked":"SKIP","floor":11},{"not_picked":["Poisoned Stab","Flying Knee"],"picked":"Bane","floor":12},{"not_picked":["Reflex","ReplayTheSpireMod:Tripwire","Dagger Spray"],"picked":"SKIP","floor":14},{"not_picked":["Malaise","ReplayTheSpireMod:From All Sides"],"picked":"Night Terror","floor":16},{"not_picked":["Slice","Underhanded Strike"],"picked":"Backflip+1","floor":18},{"not_picked":["Prepared","Sucker Punch"],"picked":"Footwork","floor":21},{"not_picked":["Slice","Outmaneuver","Cloak And Dagger"],"picked":"SKIP","floor":23},{"not_picked":["ReplayTheSpireMod:Shiv Toss","Cloak And Dagger+1","ReplayTheSpireMod:Scrap Shanks"],"picked":"SKIP","floor":24},{"not_picked":["Skewer+1","Outmaneuver+1"],"picked":"Noxious Fumes","floor":25},{"not_picked":["After Image","Well Laid Plans+1"],"picked":"Backstab+1","floor":29},{"not_picked":["Sucker Punch","Deflect"],"picked":"Catalyst","floor":31},{"not_picked":["A Thousand Cuts","Die Die Die"],"picked":"Poison Darts","floor":33},{"not_picked":["Hidden Blade+1","Quick Slash","Deflect+1"],"picked":"SKIP","floor":35},{"not_picked":["Quick Slash+1","Setup","Dodge and Roll"],"picked":"SKIP","floor":36},{"not_picked":["Underhanded Strike","Poisoned Stab+1"],"picked":"Bane","floor":40},{"not_picked":["Dagger Spray+1","Sucker Punch"],"picked":"Bane","floor":45},{"not_picked":["Concentrate","Tools of the Trade","Hidden Blade"],"picked":"SKIP","floor":47},{"not_picked":["Sucker Punch","PiercingWail","Dodge and Roll+1"],"picked":"SKIP","floor":47},{"not_picked":["PiercingWail+1","Outmaneuver"],"picked":"Dagger Spray","floor":48},{"not_picked":["ReplayTheSpireMod:Scrap Shanks","Prepared","Dagger Spray+1"],"picked":"SKIP","floor":48}],"player_experience":663278,"relics_obtained":[{"floor":6,"key":"Letter Opener"},{"floor":9,"key":"Gremlin Food"},{"floor":26,"key":"Blue Candle"},{"floor":29,"key":"Lantern"},{"floor":38,"key":"Ring of Fangs"},{"floor":38,"key":"Ring of Chaos"},{"floor":40,"key":"MawBank"},{"floor":43,"key":"Bag of Marbles"},{"floor":45,"key":"Prayer Wheel"}],"event_choices":[{"damage_healed":17,"gold_gain":0,"player_choice":"Healed","damage_taken":0,"max_hp_gain":0,"max_hp_loss":0,"event_name":"The Cleric","floor":2,"gold_loss":35},{"damage_healed":0,"gold_gain":0,"player_choice":"Success","damage_taken":3,"relics_obtained":["Pocketwatch"],"max_hp_gain":0,"max_hp_loss":0,"event_name":"Scrap Ooze","floor":5,"gold_loss":0},{"damage_healed":0,"gold_gain":0,"player_choice":"Entered Light","damage_taken":14,"max_hp_gain":0,"max_hp_loss":0,"event_name":"Shining Light","floor":8,"gold_loss":0,"cards_upgraded":["Defend_G","Survivor"]},{"damage_healed":0,"gold_gain":0,"cards_transformed":["Defend_G","Strike_G"],"player_choice":"Became Test Subject","damage_taken":0,"max_hp_gain":0,"max_hp_loss":0,"event_name":"Drug Dealer","floor":20,"gold_loss":0,"cards_obtained":["Poison Darts","Poison Darts"]},{"damage_healed":0,"gold_gain":0,"player_choice":"Shed Blood","damage_taken":18,"max_hp_gain":5,"max_hp_loss":0,"event_name":"Forgotten Altar","floor":22,"gold_loss":0},{"damage_healed":0,"gold_gain":0,"player_choice":"Obtained Relic","damage_taken":0,"relics_obtained":["Replay:Ringing Soul"],"max_hp_gain":0,"max_hp_loss":0,"event_name":"Addict","floor":27,"gold_loss":85},{"damage_healed":0,"gold_gain":0,"player_choice":"Max HP","damage_taken":0,"max_hp_gain":0,"max_hp_loss":4,"event_name":"Winding Halls","floor":37,"gold_loss":0},{"cards_removed":["Backflip"],"damage_healed":0,"gold_gain":0,"player_choice":"Removed Skill","damage_taken":0,"max_hp_gain":0,"max_hp_loss":0,"event_name":"Falling","floor":39,"gold_loss":0},{"cards_removed":["Amnesia"],"damage_healed":0,"gold_gain":0,"player_choice":"Upgrade and Remove","damage_taken":0,"max_hp_gain":0,"max_hp_loss":0,"event_name":"Designer","floor":42,"gold_loss":90,"cards_upgraded":["Poison Darts"]}],"is_beta":false,"boss_relics":[{"not_picked":["Runic Dome","Coffee Dripper"],"picked":"Snecko Heart"},{"not_picked":["Honey Jar","WristBlade"],"picked":"Astrolabe"}],"items_purged_floors":[4,19,30],"is_endless":false,"potions_floor_spawned":[1,3,14,16,18,23,25,35,36,45],"ascension_level":0}}