{"host":"1hyzy7ndnud2osw4","time":1608749227,"event":{"mods":["Art Attack!","BaseMod","GungeonMod","Lobotomy","Minty Spire (QoL Compilation)","StSLib","The Bug Knight","The Disciple","The Dragon Tamer","The Gatherer","The Hierophant","The Jungle","The Poker Player","The Runesmith"],"gold_per_floor":[115,135,135,152,227,227,255,255,278,297,315,340,350,378,378,477,477,459,459,734,25,40,85,31,31,80,80,132,175,205,222,222,326,326,345,363,382,419,419,446,446,475,475,475,21,0,0,10,10,35,35,35,1,1,1,1],"floor_reached":54,"playtime":8772,"items_purged":["Injury"],"score":1075,"play_id":"f7c112e5-725a-4eaa-88ee-3c136f8f5022","local_time":"20201224034707","is_ascension_mode":false,"metric_token":927,"campfire_choices":[{"data":"DTMod:DoubleHit","floor":6.0,"key":"SMITH"},{"data":"DTMod:MagiciansMark","floor":15.0,"key":"SMITH"},{"data":"DTMod:Prediction","floor":25.0,"key":"SMITH"},{"data":"HandOfGreed","floor":27.0,"key":"SMITH"},{"data":"DTMod:BreakAttack","floor":32.0,"key":"SMITH"},{"floor":41,"key":"REST"},{"floor":44,"key":"RECALL"},{"data":"Secret Weapon","floor":49,"key":"SMITH"},{"data":"DTMod:GearUp","floor":52,"key":"SMITH"}],"dtmod_dragon_data":[50,50,1,3,15,3],"circlet_count":0,"master_deck":["DTMod:DoubleHit+1","DTMod:SwitchingTactic","DTMod:PurifyingFlame","DTMod:ShieldDrain","DTMod:OpeningTactic","DTMod:Weaken","DTMod:TagTeam","DTMod:DragonDance","DTMod:MagiciansMark+1","DTMod:PurifyingFlame","DTMod:ShadowImage+1","DTMod:BizarreTactic","DTMod:ComboAttack","DTMod:Prediction+1","DTMod:TauntingStrike","DTMod:Feint","DTMod:GearUp+1","DTMod:BuildUp+1","DTMod:Adaptation+1","HandOfGreed+1","DTMod:StarRain","DTMod:SneakAttack","DTMod:Harmonize+1","DTMod:BreakAttack+1","DTMod:Weaken+1","DTMod:Shift","DTMod:HeadStart","DTMod:MasterPlan","DTMod:HeadStart","DTMod:TriAttack+1","DTMod:TagTeam+1","DTMod:Punisher+1","DTMod:Cover+1","DTMod:ComboAttack+1","DTMod:Training+1","Panacea","Deep Breath","Dramatic Entrance","DTMod:RepeatStrike","DTMod:DragonDance+1","DTMod:Dissolve+1","Secret Weapon+1","Forethought","DTMod:BalancedStrike","DTMod:Harmonize+1","DTMod:InvisibleFlame+1","DTMod:Coolant"],"relics":["DTMod:PactStone","Bag of Preparation","Runesmith:AutoHammer","Anchor","Smiling Mask","Frozen Egg 2","Pandora\u0027s Box","ClockworkSouvenir","Letter Opener","DemoMod:ClearGuonStone","HollowMod:PaleOreRelic","DemoMod:BlueGuonStone","Astrolabe","FossilizedHelix","Question Card","DemoMod:MeltedRock","Membership Card","Red Mask"],"acts_visited":["Exordium","TheCity","TheBeyond","TheEnding"],"potions_floor_usage":[50],"damage_taken":[{"damage":0.0,"enemies":"2 Louse","floor":1.0,"turns":2.0},{"damage":0.0,"enemies":"Jaw Worm","floor":2.0,"turns":3.0},{"damage":0.0,"enemies":"Cultist","floor":4.0,"turns":4.0},{"damage":0.0,"enemies":"Lagavulin","floor":7.0,"turns":7.0},{"damage":0.0,"enemies":"Blue Slaver","floor":10.0,"turns":2.0},{"damage":0.0,"enemies":"3 Louse","floor":11.0,"turns":3.0},{"damage":0.0,"enemies":"Gremlin Nob","floor":12.0,"turns":4.0},{"damage":0.0,"enemies":"Gremlin Gang","floor":13.0,"turns":5.0},{"damage":14.0,"enemies":"Lagavulin","floor":14.0,"turns":7.0},{"damage":0.0,"enemies":"Slime Boss","floor":16.0,"turns":13.0},{"damage":0.0,"enemies":"2 Thieves","floor":18.0,"turns":4.0},{"damage":0.0,"enemies":"Spheric Guardian","floor":22.0,"turns":1.0},{"damage":0.0,"enemies":"HollowMod:Nosk","floor":23.0,"turns":6.0},{"damage":1.0,"enemies":"Slavers","floor":28.0,"turns":6.0},{"damage":0.0,"enemies":"Shelled Parasite and Fungi","floor":29.0,"turns":5.0},{"damage":0.0,"enemies":"HollowMod:Nosk","floor":30.0,"turns":7.0},{"damage":0.0,"enemies":"Snake Plant","floor":31.0,"turns":3.0},{"damage":0.0,"enemies":"Champ","floor":33.0,"turns":10.0},{"damage":0.0,"enemies":"3 Darklings","floor":35.0,"turns":5.0},{"damage":0.0,"enemies":"Orb Walker","floor":36.0,"turns":3.0},{"damage":4.0,"enemies":"Writhing Mass","floor":37.0,"turns":4.0},{"damage":10,"enemies":"Jaw Worm Horde","floor":38,"turns":5},{"damage":0,"enemies":"HollowMod:StalkingDevout","floor":40,"turns":4},{"damage":0,"enemies":"Giant Head","floor":42,"turns":8},{"damage":0,"enemies":"3 Darklings","floor":48,"turns":3},{"damage":21,"enemies":"Donu and Deca","floor":50,"turns":10},{"damage":45,"enemies":"Shield and Spear","floor":54,"turns":3}],"seed_played":"944956702980575460","potions_obtained":[{"floor":2.0,"key":"DemoMod:LeadSkinPotion"},{"floor":7.0,"key":"DemoMod:LeadSkinPotion"},{"floor":12.0,"key":"LiquidBronze"},{"floor":14.0,"key":"AttackPotion"},{"floor":16.0,"key":"Regen Potion"},{"floor":18.0,"key":"Block Potion"},{"floor":22.0,"key":"LiquidMemories"},{"floor":23.0,"key":"SteroidPotion"},{"floor":35.0,"key":"FearPotion"},{"floor":40,"key":"LiquidBronze"},{"floor":42,"key":"SteroidPotion"}],"is_trial":false,"path_per_floor":["M","M","?","M","?","R","E","?","T","M","M","E","M","E","R","B",null,"M","?","?","$","M","E","$","R","T","R","E","M","E","M","R","B",null,"M","M","M","M","?","E","R","E","T","R","$","?","?","M","R","B",null,"R","$","E"],"character_chosen":"THE_DT","items_purchased":["DTMod:Adaptation+1","ClockworkSouvenir","Letter Opener","HandOfGreed","DTMod:StarRain","DTMod:BreakAttack","Membership Card","DTMod:Dissolve+1","Secret Weapon","Forethought","DTMod:BalancedStrike","EssenceOfSteel","DTMod:Coolant"],"campfire_rested":1,"item_purchase_floors":[21,21,21,21,21,24,45,45,45,45,45,45,53],"current_hp_per_floor":[45,45,45,45,34,34,34,34,34,34,34,34,34,20,20,20,45,45,45,45,45,45,45,45,45,45,45,44,44,44,44,44,44,45,45,45,41,31,21,21,34,34,34,34,34,34,34,34,34,13,45,45,45,0,0,0],"gold":1,"neow_bonus":"RANDOM_COMMON_RELIC","is_daily":false,"chose_seed":false,"campfire_upgraded":7,"win_rate":0.0,"timestamp":1608749227,"path_taken":["M","M","?","M","?","R","E","?","T","M","?","E","M","E","R","BOSS","M","?","?","$","M","E","$","R","T","R","E","M","E","M","R","BOSS","M","?","M","M","?","E","R","E","T","R","$","?","?","?","R","BOSS","R","$","E"],"items_purchased_type":["Card","Relic","Relic","Card","Card","Card","Relic","Card","Card","Card","Card","Potion","Card"],"build_version":"2020-12-22","purchased_purges":1,"victory":false,"max_hp_per_floor":[45,45,45,45,45,45,45,45,45,45,45,45,45,45,45,45,45,45,45,45,45,45,45,45,45,45,45,45,45,45,45,45,45,45,45,45,45,45,45,45,45,45,45,45,45,45,45,45,45,45,45,45,45,45,45,45],"card_choices":[{"not_picked":["DTMod:Weaken","DTMod:BlazingStrike"],"picked":"DTMod:Threaten","floor":1.0},{"not_picked":["DTMod:Feint","DTMod:CleansingStrike"],"picked":"DTMod:PurifyingFlame","floor":2.0},{"not_picked":["DTMod:MasterPlan","DTMod:Coolant"],"picked":"DTMod:ShieldDrain","floor":4.0},{"not_picked":["DTMod:ExcessFootwork","DTMod:StarRain"],"picked":"DTMod:OpeningTactic","floor":7.0},{"not_picked":["DTMod:HeatWave","DTMod:ForkedFire"],"picked":"DTMod:Weaken","floor":10.0},{"not_picked":["DTMod:Cover","DTMod:QuickFly"],"picked":"DTMod:TagTeam","floor":11.0},{"not_picked":["DTMod:InvisibleFlame","DTMod:TagTeam"],"picked":"DTMod:DragonDance","floor":12.0},{"not_picked":["DTMod:Training","DTMod:Shift"],"picked":"DTMod:MagiciansMark","floor":13.0},{"not_picked":["DTMod:MasterPlan","DTMod:HeatWave"],"picked":"DTMod:PurifyingFlame","floor":14.0},{"not_picked":["DTMod:HeadStart","DTMod:Safeguard+1"],"picked":"DTMod:ShadowImage+1","floor":16.0},{"not_picked":["DTMod:MasterPlan","DTMod:DarkBreath"],"picked":"DTMod:BuildUp+1","floor":18.0},{"not_picked":["DTMod:ShieldDrain","DTMod:Cover"],"picked":"DTMod:SneakAttack","floor":22.0},{"not_picked":["DTMod:BlazingStrike+1","DTMod:BalancedStrike"],"picked":"DTMod:Harmonize+1","floor":23.0},{"not_picked":["DTMod:QuickFly","DTMod:Hide"],"picked":"DTMod:Weaken+1","floor":28.0},{"not_picked":["DTMod:LastStand+1","DTMod:MagiciansMark"],"picked":"DTMod:Shift","floor":29.0},{"not_picked":["DTMod:Threaten","DTMod:BizarreTactic+1"],"picked":"DTMod:HeadStart","floor":30.0},{"not_picked":["DTMod:Cover","DTMod:MagiciansMark"],"picked":"DTMod:MasterPlan","floor":31.0},{"not_picked":["DTMod:ResonanceForm+1","DTMod:Inferno"],"picked":"DTMod:HeadStart","floor":33.0},{"not_picked":["DTMod:BlazingStrike+1","DTMod:CleansingStrike+1"],"picked":"DTMod:Punisher+1","floor":35.0},{"not_picked":["DTMod:RunningTactic","DTMod:Feint"],"picked":"DTMod:Cover+1","floor":36.0},{"not_picked":["DTMod:BurningEnergy","DTMod:Training"],"picked":"DTMod:ComboAttack+1","floor":37.0},{"not_picked":["DTMod:LastStand+1","DTMod:Conduct"],"picked":"DTMod:Training+1","floor":38},{"not_picked":["Mind Blast","DemoMod:Invincible+1"],"picked":"Panacea","floor":39},{"not_picked":["Dark Shackles","Blind"],"picked":"Deep Breath","floor":39},{"not_picked":["Apotheosis","Jack Of All Trades"],"picked":"Dramatic Entrance","floor":39},{"not_picked":["DTMod:Hide+1","DTMod:Weaken+1"],"picked":"DTMod:RepeatStrike","floor":40},{"not_picked":["DTMod:DarkBreath","DTMod:Adaptation+1"],"picked":"DTMod:DragonDance+1","floor":42},{"not_picked":["DTMod:HeatWave+1","DTMod:Punisher+1","DTMod:Observe+1"],"picked":"DTMod:InvisibleFlame+1","floor":48}],"player_experience":953489,"relics_obtained":[{"floor":7.0,"key":"Runesmith:AutoHammer"},{"floor":9.0,"key":"Anchor"},{"floor":12.0,"key":"Smiling Mask"},{"floor":14.0,"key":"Frozen Egg 2"},{"floor":23.0,"key":"DemoMod:ClearGuonStone"},{"floor":28.0,"key":"HollowMod:PaleOreRelic"},{"floor":30.0,"key":"DemoMod:BlueGuonStone"},{"floor":40,"key":"FossilizedHelix"},{"floor":42,"key":"Question Card"},{"floor":43,"key":"DemoMod:MeltedRock"}],"event_choices":[{"damage_healed":0.0,"max_hp_gain":0.0,"max_hp_loss":0.0,"gold_gain":0.0,"event_name":"Golden Wing","player_choice":"Ignored","floor":3.0,"gold_loss":0.0,"damage_taken":0.0},{"damage_healed":0.0,"max_hp_gain":0.0,"max_hp_loss":0.0,"gold_gain":75.0,"event_name":"World of Goop","player_choice":"Gather Gold","floor":5.0,"gold_loss":0.0,"damage_taken":11.0},{"cards_removed":["DTMod:Strike"],"damage_healed":0.0,"max_hp_gain":0.0,"max_hp_loss":0.0,"gold_gain":0.0,"event_name":"Wheel of Change","player_choice":"Card Removal","floor":8.0,"gold_loss":0.0,"damage_taken":0.0},{"damage_healed":0.0,"max_hp_gain":0.0,"max_hp_loss":0.0,"gold_gain":0.0,"event_name":"Vampires","player_choice":"Ignored","floor":19.0,"gold_loss":0.0,"damage_taken":0.0},{"damage_healed":0.0,"max_hp_gain":0.0,"max_hp_loss":0.0,"gold_gain":275.0,"event_name":"Golden Shrine","player_choice":"Desecrate","floor":20.0,"gold_loss":0.0,"damage_taken":0.0,"cards_obtained":["Regret"]},{"damage_healed":0,"gold_gain":0,"player_choice":"Memory 3","damage_taken":10,"max_hp_gain":0,"max_hp_loss":0,"event_name":"SensoryStone","floor":39,"gold_loss":0},{"damage_healed":0,"gold_gain":0,"player_choice":"Paid","damage_taken":0,"relics_obtained":["Red Mask"],"max_hp_gain":0,"max_hp_loss":0,"event_name":"Tomb of Lord Red Mask","floor":46,"gold_loss":21},{"damage_healed":0,"gold_gain":0,"player_choice":"Copied","damage_taken":0,"max_hp_gain":0,"max_hp_loss":0,"event_name":"Duplicator","floor":47,"gold_loss":0,"cards_obtained":["DTMod:Harmonize"]}],"is_beta":false,"boss_relics":[{"not_picked":["Tiny House","SacredBark"],"picked":"Pandora\u0027s Box"},{"not_picked":["Velvet Choker","Sozu"],"picked":"Astrolabe"}],"items_purged_floors":[45],"is_endless":false,"potions_floor_spawned":[2,7,12,14,16,18,22,23,35,40,42],"killed_by":"Shield and Spear","ascension_level":0}}