{"host":"sa7ebub27cgn5wai","time":1608723216,"event":{"mods":["BaseMod","Colored Map","Minty Spire (QoL Compilation)","SuperFastMode"],"gold_per_floor":[115,129,146,160,175,175,201,201,253,273,21,39,49,64,64,160,160,160,160,160,10,10,10,10,10,10,10,10,10,10,10,10,10,10,10,10,10,10,10,10],"floor_reached":39,"playtime":1165,"items_purged":[],"score":415,"play_id":"aa774133-4a9d-49a7-a693-714ae0c4234e","local_time":"20201223203336","is_ascension_mode":false,"campfire_choices":[{"data":"FlurryOfBlows","floor":6,"key":"SMITH"},{"data":"Adaptation","floor":8,"key":"SMITH"},{"data":"ClearTheMind","floor":15,"key":"SMITH"},{"data":"ConjureBlade","floor":23,"key":"SMITH"},{"data":"Vault","floor":25,"key":"SMITH"},{"data":"Eruption","floor":32,"key":"SMITH"}],"circlet_count":0,"master_deck":["Strike_P","Strike_P","Strike_P","Strike_P","Defend_P","Defend_P","Defend_P","Defend_P","Eruption+1","Vigilance","WreathOfFlame","FlyingSleeves","FlurryOfBlows+1","ClearTheMind+1","FlurryOfBlows","Adaptation+1","TalkToTheHand","Tantrum","TalkToTheHand","EmptyBody","Consecrate","ConjureBlade+1","EmptyBody+1","Vault+1","ClearTheMind","ClearTheMind","DevaForm","Crescendo+1","LikeWater+1"],"relics":["PureWater","NeowsBlessing","Shuriken","Bronze Scales","Sling","Ectoplasm","Strawberry","HornCleat","Smiling Mask","Sozu"],"acts_visited":["Exordium","TheCity","TheBeyond"],"potions_floor_usage":[7,16,38,38,38],"damage_taken":[{"damage":0,"enemies":"Cultist","floor":1,"turns":1},{"damage":0,"enemies":"Jaw Worm","floor":2,"turns":1},{"damage":0,"enemies":"Small Slimes","floor":3,"turns":2},{"damage":2,"enemies":"Looter","floor":4,"turns":2},{"damage":8,"enemies":"Exordium Thugs","floor":5,"turns":2},{"damage":19,"enemies":"3 Sentries","floor":7,"turns":8},{"damage":4,"enemies":"Exordium Wildlife","floor":10,"turns":3},{"damage":5,"enemies":"Red Slaver","floor":12,"turns":2},{"damage":6,"enemies":"Large Slime","floor":13,"turns":4},{"damage":1,"enemies":"2 Fungi Beasts","floor":14,"turns":3},{"damage":22,"enemies":"The Guardian","floor":16,"turns":5},{"damage":0,"enemies":"Chosen","floor":18,"turns":4},{"damage":19,"enemies":"Spheric Guardian","floor":19,"turns":4},{"damage":6,"enemies":"Centurion and Healer","floor":20,"turns":4},{"damage":0,"enemies":"3 Cultists","floor":22,"turns":3},{"damage":6,"enemies":"Book of Stabbing","floor":24,"turns":4},{"damage":0,"enemies":"Snake Plant","floor":28,"turns":4},{"damage":2,"enemies":"Cultist and Chosen","floor":29,"turns":4},{"damage":2,"enemies":"Snecko","floor":31,"turns":6},{"damage":29,"enemies":"Champ","floor":33,"turns":9},{"damage":0,"enemies":"Orb Walker","floor":35,"turns":3},{"damage":19,"enemies":"3 Shapes","floor":36,"turns":5},{"damage":7,"enemies":"Maw","floor":37,"turns":6},{"damage":26,"enemies":"Transient","floor":38,"turns":5},{"damage":28,"enemies":"4 Shapes","floor":39,"turns":3}],"seed_played":"2865755006751547363","potions_obtained":[{"floor":1,"key":"LiquidBronze"},{"floor":3,"key":"Strength Potion"},{"floor":4,"key":"ColorlessPotion"},{"floor":13,"key":"Block Potion"},{"floor":16,"key":"BlessingOfTheForge"}],"is_trial":false,"path_per_floor":["M","M","M","M","M","R","E","R","T","M","$","M","M","M","R","B",null,"M","M","M","$","M","R","E","R","T","?","M","M","$","M","R","B",null,"M","M","M","M","M"],"character_chosen":"WATCHER","items_purchased":["Sling","TalkToTheHand","Tantrum","Strawberry"],"campfire_rested":0,"item_purchase_floors":[11,11,11,21],"current_hp_per_floor":[72,72,72,70,62,62,43,43,43,39,39,34,28,27,27,5,72,72,53,47,54,54,54,48,48,48,48,48,46,46,44,44,15,79,79,60,53,27,0,0],"gold":10,"neow_bonus":"THREE_ENEMY_KILL","is_daily":false,"chose_seed":false,"campfire_upgraded":6,"win_rate":0.0,"timestamp":1608723216,"path_taken":["M","M","M","M","M","R","E","R","T","M","$","M","?","M","R","BOSS","M","M","M","$","M","R","E","R","T","?","M","?","$","M","R","BOSS","M","M","M","M","M"],"items_purchased_type":["Relic","Card","Card","Relic"],"build_version":"2020-12-22","purchased_purges":0,"victory":false,"max_hp_per_floor":[72,72,72,72,72,72,72,72,72,72,72,72,72,72,72,72,72,72,72,72,79,79,79,79,79,79,79,79,79,79,79,79,79,79,79,79,79,79,79,79],"card_choices":[{"not_picked":["Nirvana","Prostrate"],"picked":"WreathOfFlame","floor":1},{"not_picked":["Wallop","MentalFortress"],"picked":"FlyingSleeves","floor":2},{"not_picked":["ClearTheMind","SashWhip"],"picked":"FlurryOfBlows","floor":3},{"not_picked":["SashWhip","SignatureMove"],"picked":"ClearTheMind","floor":4},{"not_picked":["SandsOfTime","EmptyFist"],"picked":"FlurryOfBlows","floor":5},{"not_picked":["SignatureMove","FlyingSleeves"],"picked":"Adaptation","floor":7},{"not_picked":["FlyingSleeves","Omniscience","CrushJoints"],"picked":"SKIP","floor":10},{"not_picked":["PathToVictory","JustLucky"],"picked":"TalkToTheHand","floor":12},{"not_picked":["BowlingBash","PathToVictory"],"picked":"EmptyBody","floor":13},{"not_picked":["BowlingBash","Crescendo"],"picked":"Consecrate","floor":14},{"not_picked":["Alpha","Devotion"],"picked":"ConjureBlade","floor":16},{"not_picked":["Halt","Perseverance","EmptyBody"],"picked":"SKIP","floor":18},{"not_picked":["SignatureMove","DeceiveReality+1"],"picked":"EmptyBody+1","floor":19},{"not_picked":["Protect","WaveOfTheHand","SashWhip"],"picked":"SKIP","floor":20},{"not_picked":["Swivel","WreathOfFlame","JustLucky"],"picked":"SKIP","floor":22},{"not_picked":["EmptyBody+1","Consecrate"],"picked":"Vault","floor":24},{"not_picked":["Evaluate","BowlingBash","JustLucky"],"picked":"SKIP","floor":28},{"not_picked":["ThirdEye+1","SashWhip"],"picked":"ClearTheMind","floor":29},{"not_picked":["SignatureMove+1","FollowUp"],"picked":"ClearTheMind","floor":31},{"not_picked":["Vault","LessonLearned"],"picked":"DevaForm","floor":33},{"not_picked":["WheelKick","EmptyBody"],"picked":"Crescendo+1","floor":35},{"not_picked":["Consecrate+1","Prostrate+1"],"picked":"LikeWater+1","floor":36},{"not_picked":["FlyingSleeves","Protect+1","Consecrate"],"picked":"SKIP","floor":37},{"not_picked":["JustLucky+1","Sanctity","CrushJoints+1"],"picked":"SKIP","floor":38}],"player_experience":267802,"relics_obtained":[{"floor":7,"key":"Shuriken"},{"floor":9,"key":"Bronze Scales"},{"floor":24,"key":"HornCleat"},{"floor":26,"key":"Smiling Mask"}],"event_choices":[{"damage_healed":0,"gold_gain":0,"player_choice":"Ignored","damage_taken":0,"max_hp_gain":0,"max_hp_loss":0,"event_name":"NoteForYourself","floor":27,"gold_loss":0}],"is_beta":false,"boss_relics":[{"not_picked":["Coffee Dripper","Snecko Eye"],"picked":"Ectoplasm"},{"not_picked":["Pandora\u0027s Box","Runic Dome"],"picked":"Sozu"}],"items_purged_floors":[],"is_endless":false,"potions_floor_spawned":[1,3,4,13,14,16,18,19,24,36,38],"killed_by":"4 Shapes","ascension_level":0}}