{"host":"baymyijz6sxaqj5s","time":1608714213,"event":{"mods":["AchievementEnabler","BaseMod","Colored Map","Colored Powertips","DeckTracker","KOR Keyword Fix","Keyboard Shortcuts","Minty Spire (QoL Compilation)","Quick Restart","StSLib","SuperFastMode"],"gold_per_floor":[112,127,147,160,180,180,102,102,102,102,179,193,211,211,211,312,312,325,325,337,337,352,352,352,352],"floor_reached":24,"playtime":583,"items_purged":[],"score":192,"play_id":"15524f92-856a-41b5-9321-8739cae11e6f","local_time":"20201223180333","is_ascension_mode":false,"campfire_choices":[{"data":"Body Slam","floor":6,"key":"SMITH"},{"floor":10,"key":"REST"},{"data":"Body Slam","floor":15,"key":"SMITH"},{"floor":23,"key":"REST"}],"circlet_count":0,"master_deck":["Strike_R+1","Strike_R+1","Strike_R+1","Strike_R+1","Strike_R+1","Defend_R+1","Defend_R+1","Defend_R+1","Defend_R+1","Bash+1","Body Slam+1","Thunderclap","Heavy Blade","Flame Barrier","Spot Weakness","Inflame+1","Body Slam+1","Sword Boomerang+1"],"relics":["Burning Blood","Frozen Egg 2","GremlinMask","SlaversCollar"],"acts_visited":["Exordium","TheCity"],"potions_floor_usage":[3,5,21],"damage_taken":[{"damage":0,"enemies":"2 Louse","floor":1,"turns":3},{"damage":1,"enemies":"Cultist","floor":2,"turns":4},{"damage":1,"enemies":"Jaw Worm","floor":3,"turns":4},{"damage":30,"enemies":"Large Slime","floor":4,"turns":10},{"damage":14,"enemies":"Lots of Slimes","floor":5,"turns":5},{"damage":5,"enemies":"Looter","floor":12,"turns":3},{"damage":6,"enemies":"Exordium Thugs","floor":13,"turns":5},{"damage":60,"enemies":"Slime Boss","floor":16,"turns":11},{"damage":41,"enemies":"3 Byrds","floor":18,"turns":6},{"damage":20,"enemies":"Spheric Guardian","floor":20,"turns":4},{"damage":0,"enemies":"3 Cultists","floor":21,"turns":2},{"damage":37,"enemies":"Sentry and Sphere","floor":22,"turns":7},{"damage":42,"enemies":"Centurion and Healer","floor":24,"turns":7}],"seed_played":"-4882049723508600584","potions_obtained":[{"floor":2,"key":"Block Potion"},{"floor":4,"key":"LiquidMemories"},{"floor":5,"key":"SmokeBomb"}],"is_trial":false,"path_per_floor":["M","M","M","M","M","R","$","?","T","R","?","M","M","?","R","B",null,"M","?","M","M","M","R","M"],"character_chosen":"IRONCLAD","items_purchased":["Spot Weakness"],"campfire_rested":2,"item_purchase_floors":[7],"current_hp_per_floor":[88,88,88,64,56,56,56,38,38,64,64,65,65,65,65,11,88,53,53,39,45,14,40,0,0],"gold":352,"neow_bonus":"TEN_PERCENT_HP_BONUS","is_daily":false,"chose_seed":false,"campfire_upgraded":2,"win_rate":0.0,"timestamp":1608714213,"path_taken":["M","M","M","M","M","R","$","?","T","R","?","M","M","?","R","BOSS","M","?","M","M","M","R","M"],"items_purchased_type":["Card"],"build_version":"2020-12-22","purchased_purges":0,"victory":false,"max_hp_per_floor":[88,88,88,88,88,88,88,88,88,88,88,88,88,88,88,88,88,88,88,88,88,88,88,88,88],"card_choices":[{"not_picked":["Armaments","Iron Wave"],"picked":"Body Slam","floor":1},{"not_picked":["Clothesline","Dropkick"],"picked":"Thunderclap","floor":2},{"not_picked":["Blood for Blood","Thunderclap","Wild Strike"],"picked":"SKIP","floor":3},{"not_picked":["Cleave","Body Slam"],"picked":"Heavy Blade","floor":4},{"not_picked":["Clothesline","Armaments"],"picked":"Flame Barrier","floor":5},{"not_picked":["Armaments","Pommel Strike"],"picked":"Inflame+1","floor":12},{"not_picked":["Pummel","Iron Wave"],"picked":"Body Slam","floor":13},{"not_picked":["Clash","Body Slam"],"picked":"Sword Boomerang+1","floor":18},{"not_picked":["Carnage","Cleave","Iron Wave"],"picked":"SKIP","floor":20},{"not_picked":["Clothesline","Disarm","Searing Blow"],"picked":"SKIP","floor":22}],"player_experience":191573,"relics_obtained":[{"floor":9,"key":"Frozen Egg 2"}],"event_choices":[{"damage_healed":0,"gold_gain":0,"player_choice":"Entered Light","damage_taken":18,"max_hp_gain":0,"max_hp_loss":0,"event_name":"Shining Light","floor":8,"gold_loss":0,"cards_upgraded":["Bash","Defend_R"]},{"damage_healed":0,"gold_gain":77,"player_choice":"Gained Gold","damage_taken":0,"max_hp_gain":0,"max_hp_loss":0,"event_name":"Golden Wing","floor":11,"gold_loss":0},{"damage_healed":0,"gold_gain":0,"player_choice":"Trade","damage_taken":0,"relics_obtained":["GremlinMask"],"max_hp_gain":0,"max_hp_loss":0,"event_name":"FaceTrader","floor":14,"gold_loss":0},{"damage_healed":0,"gold_gain":0,"player_choice":"Simplicity","damage_taken":0,"max_hp_gain":0,"max_hp_loss":0,"event_name":"Back to Basics","floor":19,"gold_loss":0,"cards_upgraded":["Strike_R","Strike_R","Strike_R","Strike_R","Strike_R","Defend_R","Defend_R","Defend_R"]}],"is_beta":false,"boss_relics":[{"not_picked":["Fusion Hammer","Astrolabe"],"picked":"SlaversCollar"}],"items_purged_floors":[],"is_endless":false,"potions_floor_spawned":[2,4,5],"killed_by":"Centurion and Healer","ascension_level":0}}