{"host":"BK","time":1608698170,"event":{"mods":["BaseMod","Highlight Path","Minty Spire (QoL Compilation)","StSLib"],"gold_per_floor":[118,33,33,45,10,44,44,70,70,70,70,96,114,146,146,223,223,265,303,68,68,68,68,102,27,50,103,150,176,223,250,262,346,358,389,426,438,350,394,394,438,493,493,16,16,16,16,46,46,46,46,46],"floor_reached":51,"playtime":10772,"items_purged":["Strike_P","Strike_P","Strike_P"],"score":1668,"play_id":"003ececb-14ae-4c70-8c96-bee88cce2ebb","local_time":"20201222213610","is_ascension_mode":true,"campfire_choices":[{"floor":7.0,"key":"REST"},{"floor":10.0,"key":"REST"},{"data":"Conclude","floor":15.0,"key":"SMITH"},{"data":"Meditate","floor":23.0,"key":"SMITH"},{"floor":32.0,"key":"REST"},{"data":"TalkToTheHand","floor":40.0,"key":"SMITH"},{"floor":47,"key":"RECALL"},{"data":"LikeWater","floor":49,"key":"SMITH"}],"circlet_count":0,"master_deck":["AscendersBane","Strike_P+1","Defend_P","Defend_P","Defend_P","Defend_P","Eruption","Vigilance","Protect","CarveReality+1","FollowUp","SandsOfTime+1","Tantrum","Conclude+1","Wish","Meditate+1","EmptyMind","TalkToTheHand+1","WheelKick","SpiritShield","Wireheading","Meditate","Vault","LikeWater+1"],"relics":["SacredBark","Letter Opener","Orichalcum","Anchor","Whetstone","Snecko Eye","Bag of Preparation","Pen Nib","MawBank","Juzu Bracelet","Cursed Key","Gambling Chip","Damaru","Shuriken","Strawberry"],"acts_visited":["Exordium","TheCity","TheBeyond"],"potions_floor_usage":[42,48,50],"damage_taken":[{"damage":5.0,"enemies":"2 Louse","floor":1.0,"turns":4.0},{"damage":7.0,"enemies":"Small Slimes","floor":4.0,"turns":3.0},{"damage":39.0,"enemies":"3 Sentries","floor":6.0,"turns":13.0},{"damage":20.0,"enemies":"Lagavulin","floor":8.0,"turns":5.0},{"damage":0.0,"enemies":"Cultist","floor":13.0,"turns":2.0},{"damage":0.0,"enemies":"Gremlin Nob","floor":14.0,"turns":2.0},{"damage":0.0,"enemies":"Slime Boss","floor":16.0,"turns":3.0},{"damage":2.0,"enemies":"3 Byrds","floor":18.0,"turns":3.0},{"damage":0.0,"enemies":"2 Thieves","floor":19.0,"turns":2.0},{"damage":21.0,"enemies":"Gremlin Leader","floor":24.0,"turns":4.0},{"damage":0.0,"enemies":"3 Cultists","floor":27.0,"turns":2.0},{"damage":0.0,"enemies":"Shelled Parasite and Fungi","floor":28.0,"turns":1.0},{"damage":0.0,"enemies":"Chosen and Byrds","floor":29.0,"turns":2.0},{"damage":34.0,"enemies":"Book of Stabbing","floor":30.0,"turns":3.0},{"damage":0.0,"enemies":"3 Cultists","floor":31.0,"turns":4.0},{"damage":3.0,"enemies":"Collector","floor":33.0,"turns":5.0},{"damage":9.0,"enemies":"3 Shapes","floor":35.0,"turns":2.0},{"damage":0.0,"enemies":"Mind Bloom Boss Battle","floor":36.0,"turns":2.0},{"damage":2.0,"enemies":"Orb Walker","floor":39.0,"turns":3.0},{"damage":37.0,"enemies":"3 Darklings","floor":41.0,"turns":4.0},{"damage":0,"enemies":"Giant Head","floor":42,"turns":3},{"damage":6,"enemies":"Reptomancer","floor":48,"turns":4},{"damage":39,"enemies":"Time Eater","floor":50,"turns":10},{"damage":16,"enemies":"Awakened One","floor":51,"turns":9}],"seed_played":"-3281945248367380819","potions_obtained":[{"floor":4.0,"key":"Ancient Potion"},{"floor":8.0,"key":"Explosive Potion"},{"floor":14.0,"key":"Energy Potion"},{"floor":27.0,"key":"SteroidPotion"},{"floor":31.0,"key":"SkillPotion"},{"floor":33.0,"key":"Strength Potion"},{"floor":42,"key":"Energy Potion"}],"is_trial":false,"path_per_floor":["M","$","?","M","?","E","R","E","T","R","?","T","M","E","R","B",null,"M","M","$","?","?","R","E","?","T","M","M","M","E","M","R","B",null,"M","?","?","$","M","R","M","E","T","$","?","$","R","E","R","B","B"],"character_chosen":"WATCHER","items_purchased":["CarveReality","Bag of Preparation","Shuriken","Vault"],"campfire_rested":3,"item_purchase_floors":[2,20,44,44],"current_hp_per_floor":[56,56,56,49,66,27,47,27,27,47,47,47,47,47,47,47,63,61,61,61,61,61,61,40,40,40,40,40,40,6,6,26,23,57,48,48,48,48,46,46,9,9,9,9,53,53,53,54,54,15,0,0],"gold":46,"neow_bonus":"BOSS_RELIC","is_daily":false,"chose_seed":false,"campfire_upgraded":4,"win_rate":0.0,"timestamp":1608698170,"path_taken":["M","$","?","M","?","E","R","E","T","R","?","?","?","E","R","BOSS","M","?","?","?","?","R","E","?","T","M","M","M","E","M","R","BOSS","M","?","?","$","M","R","M","E","T","$","?","?","R","E","R","BOSS","BOSS"],"items_purchased_type":["Card","Relic","Relic","Card"],"build_version":"2020-12-18","purchased_purges":3,"victory":false,"max_hp_per_floor":[68,68,68,68,68,68,68,68,68,68,68,68,68,68,68,68,68,68,68,68,68,68,68,68,68,68,68,68,68,68,68,68,68,68,68,68,65,65,65,65,65,65,65,65,53,53,53,60,60,60,60,60],"card_choices":[{"not_picked":["FlurryOfBlows","Crescendo"],"picked":"Protect","floor":1.0},{"not_picked":["EmptyMind","FlurryOfBlows"],"picked":"FollowUp","floor":4.0},{"not_picked":["BowlingBash","PathToVictory"],"picked":"SandsOfTime","floor":6.0},{"not_picked":["Evaluate","BowlingBash"],"picked":"Tantrum","floor":8.0},{"not_picked":["EmptyMind","Nirvana"],"picked":"Conclude","floor":13.0},{"not_picked":["Worship","Wish"],"picked":"ForeignInfluence","floor":14.0},{"not_picked":["Alpha","Brilliance"],"picked":"Wish","floor":16.0},{"not_picked":["InnerPeace","CutThroughFate+1","Consecrate+1"],"picked":"SKIP","floor":18.0},{"not_picked":["CutThroughFate","Worship"],"picked":"Meditate","floor":19.0},{"not_picked":["ThirdEye+1","FlurryOfBlows"],"picked":"TalkToTheHand","floor":24.0},{"not_picked":["FlurryOfBlows","Crescendo"],"picked":"WheelKick","floor":27.0},{"not_picked":["Halt","ThirdEye","ForeignInfluence"],"picked":"SKIP","floor":28.0},{"not_picked":["FlurryOfBlows","SandsOfTime","ThirdEye"],"picked":"SKIP","floor":29.0},{"not_picked":["Halt+1","BattleHymn","BowlingBash"],"picked":"SKIP","floor":30.0},{"not_picked":["DeceiveReality+1","FollowUp","FlyingSleeves"],"picked":"SKIP","floor":31.0},{"not_picked":["LessonLearned","Judgement"],"picked":"SpiritShield","floor":33.0},{"not_picked":["Prostrate+1","FlurryOfBlows"],"picked":"Wireheading","floor":35.0},{"not_picked":["Indignation","Vengeance","FlurryOfBlows"],"picked":"SKIP","floor":39.0},{"not_picked":["Evaluate+1","Collect","Tantrum"],"picked":"SKIP","floor":41.0},{"not_picked":["FollowUp","Pray"],"picked":"Meditate","floor":42},{"not_picked":["Fasting2","Study"],"picked":"LikeWater","floor":48}],"player_experience":2396870,"relics_obtained":[{"floor":6.0,"key":"Letter Opener"},{"floor":8.0,"key":"Orichalcum"},{"floor":12.0,"key":"Anchor"},{"floor":14.0,"key":"Whetstone"},{"floor":24.0,"key":"Pen Nib"},{"floor":26.0,"key":"MawBank"},{"floor":30.0,"key":"Juzu Bracelet"},{"floor":36.0,"key":"Gambling Chip"},{"floor":42,"key":"Damaru"},{"floor":48,"key":"Strawberry"}],"event_choices":[{"damage_healed":0.0,"max_hp_gain":0.0,"max_hp_loss":0.0,"gold_gain":0.0,"event_name":"Living Wall","player_choice":"Grow","floor":3.0,"gold_loss":0.0,"damage_taken":0.0,"cards_upgraded":["CarveReality"]},{"damage_healed":17.0,"max_hp_gain":0.0,"max_hp_loss":0.0,"gold_gain":0.0,"event_name":"The Cleric","player_choice":"Healed","floor":5.0,"gold_loss":35.0,"damage_taken":0.0},{"damage_healed":0.0,"max_hp_gain":0.0,"max_hp_loss":0.0,"gold_gain":0.0,"event_name":"Shining Light","player_choice":"Ignored","floor":11.0,"gold_loss":0.0,"damage_taken":0.0},{"damage_healed":0.0,"max_hp_gain":0.0,"max_hp_loss":0.0,"gold_gain":0.0,"event_name":"The Library","player_choice":"Read","floor":21.0,"gold_loss":0.0,"damage_taken":0.0,"cards_obtained":["EmptyMind"]},{"damage_healed":0.0,"max_hp_gain":0.0,"max_hp_loss":0.0,"gold_gain":0.0,"event_name":"The Mausoleum","player_choice":"Ignored","floor":22.0,"gold_loss":0.0,"damage_taken":0.0},{"cards_removed":["ForeignInfluence"],"damage_healed":0.0,"max_hp_gain":0.0,"max_hp_loss":0.0,"gold_gain":0.0,"event_name":"Beggar","player_choice":"Gave Gold","floor":25.0,"gold_loss":75.0,"damage_taken":0.0},{"damage_healed":0.0,"max_hp_gain":0.0,"max_hp_loss":0.0,"gold_gain":0.0,"event_name":"MindBloom","player_choice":"Fight","floor":36.0,"gold_loss":0.0,"damage_taken":0.0},{"damage_healed":0.0,"max_hp_gain":0.0,"max_hp_loss":3.0,"gold_gain":0.0,"event_name":"Winding Halls","player_choice":"Max HP","floor":37.0,"gold_loss":0.0,"damage_taken":0.0},{"damage_healed":53,"gold_gain":0,"player_choice":"Heal","damage_taken":0,"max_hp_gain":0,"max_hp_loss":12,"event_name":"The Moai Head","floor":45,"gold_loss":0}],"is_beta":true,"boss_relics":[{"not_picked":["Philosopher\u0027s Stone","Sozu"],"picked":"Snecko Eye"},{"not_picked":["Busted Crown","Empty Cage"],"picked":"Cursed Key"}],"items_purged_floors":[20,38,44],"is_endless":false,"potions_floor_spawned":[4,8,14,24,27,31,33,35,41,42],"killed_by":"Awakened One","ascension_level":20}}