{"host":"Melcetto","time":1608765087,"event":{"mods":["AlwaysNeverKeys","BaseMod","Better Vampires","Colored Map","Colored Powertips","DeckTracker","Emptier Cage","Minty Spire (QoL Compilation)","Permanent Neow","Quick Restart","Random Character Button","Rare Cards Sparkle","Relic Sorter","Relic Stats","StSLib","Transform Curses"],"gold_per_floor":[117,117,136,149,149,174,174,208,208,208,208,208],"floor_reached":11,"playtime":807,"items_purged":[],"score":162,"play_id":"281a7960-4260-43b1-a209-ee3db26d9130","local_time":"20201223181127","is_ascension_mode":true,"campfire_choices":[{"data":"Bash","floor":7,"key":"SMITH"},{"data":"Dropkick","floor":10,"key":"SMITH"}],"circlet_count":0,"master_deck":["AscendersBane","Strike_R","Strike_R","Strike_R","Strike_R","Strike_R","Defend_R","Defend_R","Defend_R","Defend_R","Bash+1","Ghostly Armor","Ghostly Armor","Dropkick+1","Offering"],"relics":["Burning Blood","MealTicket","Eternal Feather","Frozen Egg 2"],"acts_visited":["Exordium"],"potions_floor_usage":[6,11],"damage_taken":[{"damage":9,"enemies":"2 Louse","floor":1,"turns":4},{"damage":7,"enemies":"Cultist","floor":3,"turns":5},{"damage":4,"enemies":"Jaw Worm","floor":4,"turns":8},{"damage":32,"enemies":"Gremlin Nob","floor":6,"turns":4},{"damage":60,"enemies":"Lagavulin","floor":8,"turns":7},{"damage":39,"enemies":"3 Sentries","floor":11,"turns":8}],"seed_played":"-6812548684478399506","potions_obtained":[{"floor":1,"key":"FairyPotion"},{"floor":5,"key":"SneckoOil"},{"floor":8,"key":"Block Potion"}],"is_trial":false,"path_per_floor":["M","?","M","M","?","E","R","E","T","R","E"],"character_chosen":"IRONCLAD","items_purchased":[],"campfire_rested":0,"item_purchase_floors":[],"current_hp_per_floor":[65,70,69,71,71,45,45,30,30,39,0,0],"gold":208,"neow_bonus":"RANDOM_COMMON_RELIC","is_daily":false,"chose_seed":false,"campfire_upgraded":2,"win_rate":0.0,"timestamp":1608765087,"path_taken":["M","?","M","M","?","E","R","E","T","R","E"],"items_purchased_type":[],"build_version":"2020-12-18","purchased_purges":0,"victory":false,"max_hp_per_floor":[75,80,80,80,80,80,80,80,80,80,80,80],"relic_stats":{"counters":[6,36],"MealTicket":0,"Eternal Feather":9,"obtain_stats":[{"MealTicket":0,"Eternal Feather":8,"Frozen Egg 2":9,"Burning Blood":0},{"MealTicket":0,"Eternal Feather":5,"Frozen Egg 2":5,"Burning Blood":0},{"MealTicket":0,"Eternal Feather":28,"Frozen Egg 2":28,"Burning Blood":0}],"Burning Blood":30},"card_choices":[{"not_picked":["Seeing Red","Heavy Blade"],"picked":"Ghostly Armor","floor":1},{"not_picked":["Havoc","Wild Strike"],"picked":"Ghostly Armor","floor":3},{"not_picked":["Warcry","Clash","Sentinel"],"picked":"SKIP","floor":4},{"not_picked":["Clash","Reckless Charge"],"picked":"Dropkick","floor":6},{"not_picked":["Bloodletting","Battle Trance"],"picked":"Offering","floor":8}],"player_experience":18773527,"relics_obtained":[{"floor":8,"key":"Eternal Feather"},{"floor":9,"key":"Frozen Egg 2"}],"event_choices":[{"damage_healed":0,"gold_gain":0,"player_choice":"Donut","damage_taken":0,"max_hp_gain":5,"max_hp_loss":0,"event_name":"Big Fish","floor":2,"gold_loss":0},{"damage_healed":0,"gold_gain":0,"player_choice":"Got Potions","damage_taken":0,"max_hp_gain":0,"max_hp_loss":0,"event_name":"Lab","floor":5,"gold_loss":0}],"is_beta":true,"boss_relics":[],"items_purged_floors":[],"is_endless":false,"potions_floor_spawned":[1,8],"killed_by":"3 Sentries","ascension_level":20}}