{"host":"Fun","time":1608735029,"event":{"mods":["BaseMod","Colored Map","Filter the Spire","Minty Spire (QoL Compilation)","Relic Stats","StSLib"],"gold_per_floor":[116,132,34,109,109,109,124,124,124,124,152,171,121,139,139,217,217,229,229,247,267,267,294,294,12,12,12,27,27,57,69,69,144,144,155,155,54,79,79,79,79,0,0,40,40,51,51,67,67,67],"floor_reached":51,"playtime":1655,"items_purged":["Aggregate+1"],"score":1226,"play_id":"5852b97e-5463-45b2-9232-4dda9e6f780e","local_time":"20201223095029","is_ascension_mode":true,"campfire_choices":[{"data":"Sunder","floor":6,"key":"SMITH"},{"data":"Ball Lightning","floor":8,"key":"SMITH"},{"data":"Zap","floor":10,"key":"SMITH"},{"floor":15,"key":"REST"},{"floor":24,"key":"REST"},{"floor":27,"key":"REST"},{"floor":32,"key":"REST"},{"floor":40,"key":"REST"},{"floor":47,"key":"REST"},{"floor":49,"key":"REST"}],"circlet_count":0,"master_deck":["AscendersBane","Defend_B","Defend_B","Defend_B","Defend_B","Zap+1","Dualcast","Ball Lightning+1","Conserve Battery","Defragment+1","Coolheaded","Go for the Eyes","Gash","Gash","Electrodynamics","Leap","Glacier","Coolheaded","Cold Snap","FTL","Creative AI","Biased Cognition","Rip and Tear+1","Defragment+1","HandOfGreed","Chill+1","Recycle+1","Barrage"],"relics":["Cracked Core","WarpedTongs","Sundial","Shuriken","Fusion Hammer","MealTicket","Sling","Juzu Bracelet","Omamori","Astrolabe","WingedGreaves","Red Mask","HornCleat"],"acts_visited":["Exordium","TheCity","TheBeyond"],"potions_floor_usage":[14,20,23,33,41,50,50],"damage_taken":[{"damage":0,"enemies":"Small Slimes","floor":1,"turns":2},{"damage":0,"enemies":"Jaw Worm","floor":2,"turns":3},{"damage":0,"enemies":"2 Louse","floor":7,"turns":2},{"damage":24,"enemies":"Lagavulin","floor":11,"turns":5},{"damage":0,"enemies":"Blue Slaver","floor":12,"turns":2},{"damage":4,"enemies":"Lots of Slimes","floor":14,"turns":3},{"damage":0,"enemies":"Slime Boss","floor":16,"turns":5},{"damage":17,"enemies":"2 Thieves","floor":18,"turns":3},{"damage":26,"enemies":"3 Byrds","floor":20,"turns":3},{"damage":0,"enemies":"Cultist and Chosen","floor":21,"turns":4},{"damage":34,"enemies":"Slavers","floor":23,"turns":6},{"damage":5,"enemies":"Snecko","floor":28,"turns":6},{"damage":30,"enemies":"Book of Stabbing","floor":30,"turns":7},{"damage":0,"enemies":"3 Cultists","floor":31,"turns":3},{"damage":41,"enemies":"Automaton","floor":33,"turns":12},{"damage":0,"enemies":"Orb Walker","floor":35,"turns":4},{"damage":0,"enemies":"Mind Bloom Boss Battle","floor":38,"turns":5},{"damage":0,"enemies":"Reptomancer","floor":41,"turns":1},{"damage":14,"enemies":"3 Shapes","floor":44,"turns":5},{"damage":10,"enemies":"Spire Growth","floor":46,"turns":8},{"damage":9,"enemies":"Maw","floor":48,"turns":9},{"damage":40,"enemies":"Time Eater","floor":50,"turns":13}],"seed_played":"3852437877605391271","potions_obtained":[{"floor":7,"key":"AttackPotion"},{"floor":11,"key":"Dexterity Potion"},{"floor":18,"key":"Strength Potion"},{"floor":20,"key":"Dexterity Potion"},{"floor":23,"key":"FairyPotion"},{"floor":35,"key":"SmokeBomb"},{"floor":44,"key":"CultistPotion"},{"floor":48,"key":"DuplicationPotion"}],"is_trial":false,"path_per_floor":["M","M","$","?","?","R","M","R","T","R","E","M","?","M","R","B",null,"M","?","M","M","?","E","R","$","T","R","M","?","E","M","R","B",null,"M","?","$","?","?","R","E","?","T","M","?","M","R","M","R","B",null],"character_chosen":"DEFECT","items_purchased":["Defragment","Coolheaded","Cold Snap","Sling","FTL","Beam Cell"],"campfire_rested":7,"item_purchase_floors":[3,3,25,25,25,37],"current_hp_per_floor":[68,68,68,57,57,57,57,57,57,57,33,33,33,29,51,51,69,52,52,26,26,75,41,63,75,75,75,70,63,33,33,55,14,60,60,50,65,65,65,75,75,75,75,61,61,51,73,64,75,35],"gold":67,"neow_bonus":"THREE_CARDS","is_daily":false,"chose_seed":false,"campfire_upgraded":3,"win_rate":0.0,"timestamp":1608735029,"path_taken":["M","M","$","?","?","R","M","R","T","R","E","?","?","M","R","BOSS","M","?","?","M","?","E","R","$","T","R","M","?","E","M","R","BOSS","M","?","$","?","?","R","E","?","T","M","?","M","R","M","R","BOSS"],"items_purchased_type":["Card","Card","Card","Relic","Card","Card"],"build_version":"2020-12-18","purchased_purges":1,"victory":true,"max_hp_per_floor":[75,75,75,75,75,75,75,75,75,75,75,75,75,75,75,75,75,75,75,75,75,75,75,75,75,75,75,75,75,75,75,75,75,75,75,75,75,75,75,75,75,75,75,75,75,75,75,75,75,75],"relic_stats":{"counters":[22,111],"Sundial":[10],"Shuriken":[23],"Astrolabe":["Rip and Tear","Aggregate","Defragment"],"MealTicket":27,"Juzu Bracelet":2,"obtain_stats":[{"Astrolabe":34,"Juzu Bracelet":26,"Omamori":30,"Sling":25,"WarpedTongs":0,"HornCleat":43,"Sundial":9,"Shuriken":11,"MealTicket":23,"Fusion Hammer":17,"WingedGreaves":38,"Red Mask":42,"Cracked Core":0},{"Astrolabe":15,"Juzu Bracelet":11,"Omamori":13,"Sling":11,"WarpedTongs":0,"HornCleat":18,"Sundial":3,"Shuriken":4,"MealTicket":11,"Fusion Hammer":7,"WingedGreaves":17,"Red Mask":18,"Cracked Core":0},{"Astrolabe":66,"Juzu Bracelet":38,"Omamori":51,"Sling":38,"WarpedTongs":0,"HornCleat":76,"Sundial":7,"Shuriken":12,"MealTicket":38,"Fusion Hammer":22,"WingedGreaves":75,"Red Mask":76,"Cracked Core":0}],"WarpedTongs":[111]},"card_choices":[{"not_picked":["BootSequence","Leap"],"picked":"Sunder","floor":0},{"not_picked":["Cold Snap","Sweeping Beam"],"picked":"Ball Lightning","floor":1},{"not_picked":["BootSequence","Streamline"],"picked":"Conserve Battery","floor":2},{"not_picked":["Barrage","All For One","Coolheaded"],"picked":"SKIP","floor":7},{"not_picked":["Conserve Battery","Fission"],"picked":"Go for the Eyes","floor":11},{"not_picked":["Barrage","Stack"],"picked":"Gash","floor":12},{"not_picked":["Melter","Rebound"],"picked":"Gash","floor":14},{"not_picked":["Thunder Strike","Core Surge"],"picked":"Electrodynamics","floor":16},{"not_picked":["Auto Shields","Conserve Battery"],"picked":"Leap","floor":18},{"not_picked":["Conserve Battery","Leap","Lockon"],"picked":"SKIP","floor":20},{"not_picked":["Stack","Streamline"],"picked":"Glacier","floor":21},{"not_picked":["Gash","Double Energy"],"picked":"Coolheaded","floor":23},{"not_picked":["FTL","Hologram"],"picked":"Creative AI","floor":28},{"not_picked":["Reboot","Hello World","Compile Driver"],"picked":"SKIP","floor":30},{"not_picked":["Conserve Battery","Blizzard","Hologram"],"picked":"SKIP","floor":31},{"not_picked":["Multi-Cast","Amplify"],"picked":"Biased Cognition","floor":33},{"not_picked":["Steam Power","Redo","Ball Lightning"],"picked":"SKIP","floor":35},{"not_picked":["Trip","Secret Technique"],"picked":"HandOfGreed","floor":36},{"not_picked":["Stack","Aggregate+1"],"picked":"Chill+1","floor":38},{"not_picked":["Cold Snap","Compile Driver"],"picked":"Recycle+1","floor":44},{"not_picked":["Gash","Reprogram","Static Discharge+1"],"picked":"SKIP","floor":46},{"not_picked":["Steam","Conserve Battery"],"picked":"Barrage","floor":48}],"player_experience":104561,"relics_obtained":[{"floor":9,"key":"Sundial"},{"floor":11,"key":"Shuriken"},{"floor":23,"key":"MealTicket"},{"floor":26,"key":"Juzu Bracelet"},{"floor":30,"key":"Omamori"},{"floor":38,"key":"WingedGreaves"},{"floor":43,"key":"HornCleat"}],"event_choices":[{"damage_healed":0,"gold_gain":75,"player_choice":"Gather Gold","damage_taken":11,"max_hp_gain":0,"max_hp_loss":0,"event_name":"World of Goop","floor":4,"gold_loss":0},{"damage_healed":0,"gold_gain":0,"player_choice":"Grow","damage_taken":0,"max_hp_gain":0,"max_hp_loss":0,"event_name":"Living Wall","floor":5,"gold_loss":0,"cards_upgraded":["Defragment"]},{"cards_removed":["Strike_B"],"damage_healed":0,"gold_gain":0,"player_choice":"Card Removal","damage_taken":0,"max_hp_gain":0,"max_hp_loss":0,"event_name":"The Cleric","floor":13,"gold_loss":50},{"damage_healed":0,"gold_gain":0,"player_choice":"Ignored","damage_taken":0,"max_hp_gain":0,"max_hp_loss":0,"event_name":"N\u0027loth","floor":19,"gold_loss":0},{"cards_removed":["Sunder"],"damage_healed":49,"gold_gain":0,"player_choice":"Offered Uncommon","damage_taken":0,"max_hp_gain":0,"max_hp_loss":0,"event_name":"Bonfire Elementals","floor":22,"gold_loss":0},{"damage_healed":0,"gold_gain":0,"player_choice":"Damaged","damage_taken":7,"max_hp_gain":0,"max_hp_loss":0,"event_name":"Wheel of Change","floor":29,"gold_loss":0},{"damage_healed":0,"gold_gain":0,"player_choice":"Memory 3","damage_taken":10,"max_hp_gain":0,"max_hp_loss":0,"event_name":"SensoryStone","floor":36,"gold_loss":0},{"damage_healed":0,"gold_gain":0,"player_choice":"Fight","damage_taken":0,"max_hp_gain":0,"max_hp_loss":0,"event_name":"MindBloom","floor":38,"gold_loss":0},{"cards_removed":["Beam Cell"],"damage_healed":0,"gold_gain":0,"player_choice":"Removed Attack","damage_taken":0,"max_hp_gain":0,"max_hp_loss":0,"event_name":"Falling","floor":39,"gold_loss":0},{"damage_healed":0,"gold_gain":0,"player_choice":"Paid","damage_taken":0,"relics_obtained":["Red Mask"],"max_hp_gain":0,"max_hp_loss":0,"event_name":"Tomb of Lord Red Mask","floor":42,"gold_loss":79},{"damage_healed":0,"gold_gain":0,"player_choice":"Ignored","damage_taken":0,"max_hp_gain":0,"max_hp_loss":0,"event_name":"Mysterious Sphere","floor":45,"gold_loss":0}],"is_beta":true,"boss_relics":[{"not_picked":["Pandora\u0027s Box","Nuclear Battery"],"picked":"Fusion Hammer"},{"not_picked":["FrozenCore","Tiny House"],"picked":"Astrolabe"}],"items_purged_floors":[37],"is_endless":false,"potions_floor_spawned":[7,11,18,20,23,30,35,44,46,48],"ascension_level":13}}