{"host":"cjmwurvrz00ml9vd","time":1608753922,"event":{"mods":["2.2 Compatiblity","AchievementEnabler","Act Like it!","Aspiration","BaseMod","Beaked The Cultist","Better Third Choice","BetterRewards","Colored Powertips","Conspire","Downfall","Hermit","Hubris","Infinite Spire","Marisa????????","Marked Mod","Minty Spire (QoL Compilation)","Robot Space Explorer","StSLib","The Blackbeard","The Cursed","The Disciple","The Jungle","The Necromancer","The Servant 0.9.4","TheFirefly"],"gold_per_floor":[119,131,143,143,158,192,207,233,286,302,319,63,63,63,63,163,163,181,199,199,199,298,298,329,329,329,343,359,359,383,394,394,496,496,511,524,544,544,544,578,578,59,82,111,125,125,1,51,51,154,154,153,153,156,2,2,2,0,0],"floor_reached":58,"playtime":2471,"items_purged":["Strike_B"],"score":1300,"play_id":"d37a00c3-3a0c-4d81-9bdd-93c75eb376cc","local_time":"20201223210522","is_ascension_mode":true,"campfire_choices":[{"data":"Fission","floor":13,"key":"SMITH"},{"data":"Zap","floor":15,"key":"SMITH"},{"data":"Electrodynamics","floor":23,"key":"SMITH"},{"data":"Defragment","floor":29,"key":"SMITH"},{"data":"Capacitor","floor":32,"key":"SMITH"},{"data":"Loop","floor":49,"key":"SMITH"},{"data":"Biased Cognition","floor":57,"key":"SMITH"}],"circlet_count":0,"master_deck":["conspire:GhostlyStrike","conspire:GhostlyStrike","conspire:GhostlyStrike","conspire:GhostlyDefend","conspire:GhostlyDefend","conspire:GhostlyDefend","conspire:GhostlyDefend","Zap+1","Dualcast+1","Glacier+1","Cold Snap","Fission+1","Loop+1","Defragment+1","Ball Lightning","Electrodynamics+1","Redo+1","Force Field","Capacitor+1","conspire:Rain+1","Static Discharge+1","Conserve Battery+1","infinitespire:Starlight+1","Chaos+1","Darkness+1","Biased Cognition+1","Redo+1"],"relics":["Cracked Core","DataDisk","aspiration:HummingbirdHeart","Blue Candle","Regal Pillow","Meat on the Bone","Lantern","infinitespire:Lucky Rock","Toxic Egg 2","infinitespire:Beetle Shell","hubris:Backtick","infinitespire:SolderingIron","CaptainsWheel","Centennial Puzzle","hubris:Towel","conspire:Dentures","infinitespire:Freezer","War Paint","Darkstone Periapt","Dead Branch","Inserter","FaceOfCleric","Juzu Bracelet"],"acts_visited":["Exordium","TheCity","TheBeyond","Exordium"],"potions_floor_usage":[5,8,24,33,40,44,44,50,50],"damage_taken":[{"damage":0,"enemies":"Cultist","floor":1,"turns":4},{"damage":1,"enemies":"Small Slimes","floor":2,"turns":3},{"damage":4,"enemies":"Jaw Worm","floor":3,"turns":4},{"damage":3,"enemies":"Exordium Thugs","floor":5,"turns":6},{"damage":3,"enemies":"Lagavulin","floor":6,"turns":10},{"damage":0,"enemies":"Exordium Wildlife","floor":7,"turns":4},{"damage":18,"enemies":"Gremlin Nob","floor":8,"turns":6},{"damage":0,"enemies":"3 Louse","floor":10,"turns":5},{"damage":0,"enemies":"Blue Slaver","floor":11,"turns":4},{"damage":10,"enemies":"The Guardian","floor":16,"turns":12},{"damage":0,"enemies":"Spheric Guardian","floor":18,"turns":4},{"damage":7,"enemies":"conspire:FuzzyDice","floor":19,"turns":4},{"damage":5,"enemies":"Slavers","floor":24,"turns":4},{"damage":1,"enemies":"Snake Plant","floor":27,"turns":4},{"damage":0,"enemies":"Snecko","floor":28,"turns":3},{"damage":2,"enemies":"Centurion and Healer","floor":31,"turns":4},{"damage":15,"enemies":"hubris:MusketHawk","floor":33,"turns":7},{"damage":3,"enemies":"3 Shapes","floor":35,"turns":4},{"damage":8,"enemies":"3 Darklings","floor":36,"turns":4},{"damage":0,"enemies":"Maw","floor":37,"turns":8},{"damage":58,"enemies":"Giant Head","floor":40,"turns":11},{"damage":11,"enemies":"Nightmare","floor":44,"turns":14},{"damage":1,"enemies":"Sphere and 2 Shapes","floor":45,"turns":4},{"damage":4,"enemies":"2 Orb Walkers","floor":48,"turns":3},{"damage":8,"enemies":"Time Eater","floor":50,"turns":8},{"damage":0,"enemies":"Cultist","floor":52,"turns":4},{"damage":0,"enemies":"2 Louse","floor":54,"turns":3},{"damage":102,"enemies":"Nightmare","floor":58,"turns":5}],"seed_played":"-5733030008886128902","potions_obtained":[{"floor":2,"key":"SkillPotion"},{"floor":3,"key":"FocusPotion"},{"floor":7,"key":"sneckomod:MuddlingPotion"},{"floor":16,"key":"Guardian:BlockOnCardUsePotion"},{"floor":19,"key":"FairyPotion"},{"floor":27,"key":"Ancient Potion"},{"floor":28,"key":"SpeedPotion"},{"floor":31,"key":"PowerPotion"},{"floor":36,"key":"BlessingOfTheForge"},{"floor":40,"key":"SkillPotion"},{"floor":45,"key":"Explosive Potion"},{"floor":48,"key":"DistilledChaos"},{"floor":50,"key":"champ:CounterPotion"},{"floor":54,"key":"Swift Potion"}],"is_trial":false,"path_per_floor":["M","M","M","?","M","E","M","E","T","M","M","$","R","$","R","B",null,"M","M","?","AVR","?","R","E","?","T","M","M","R","T","M","R","B",null,"M","M","M","?","AVR","E","?","$","T","NM","M","?","$","?","R","B",null,"M","?","M","$","?","R","NM"],"character_chosen":"DEFECT","items_purchased":["DataDisk","Glacier","Meat on the Bone","conspire:Dentures","infinitespire:Freezer","Conserve Battery+1","Darkness+1","Swift Potion","Juzu Bracelet"],"campfire_rested":0,"item_purchase_floors":[0,0,12,42,42,42,47,47,55],"current_hp_per_floor":[61,60,56,56,53,50,50,32,32,32,32,32,32,32,32,34,65,65,58,58,58,58,58,53,53,53,52,52,52,52,50,50,47,68,65,57,57,57,57,33,33,33,33,34,48,48,48,44,44,51,66,66,66,67,67,67,67,0,0],"gold":0,"neow_bonus":"","is_daily":false,"chose_seed":false,"campfire_upgraded":7,"win_rate":0.0,"timestamp":1608753922,"path_taken":["M","M","?","?","M","E","M","E","T","M","M","?","R","$","R","BOSS","M","M","?","AVR","?","R","E","?","T","M","M","R","?","M","R","BOSS","M","M","M","?","AVR","E","?","$","T","NM","M","?","$","?","R","BOSS","M","?","M","$","?","R","NM"],"items_purchased_type":["Relic","Card","Relic","Relic","Relic","Card","Card","Potion","Relic"],"build_version":"2020-12-22","purchased_purges":1,"victory":false,"max_hp_per_floor":[75,75,75,75,75,75,75,75,75,75,75,75,75,75,75,75,75,75,75,75,75,75,75,75,75,75,75,75,75,75,75,75,75,75,75,75,75,71,71,71,71,71,71,71,71,71,71,71,71,71,71,71,71,72,72,72,72,72,72],"card_choices":[{"not_picked":["Compile Driver","Glacier"],"picked":"Cold Snap","floor":1},{"not_picked":["Hello World","Sweeping Beam","Streamline"],"picked":"SKIP","floor":2},{"not_picked":["Leap","Sweeping Beam","Compile Driver"],"picked":"SKIP","floor":3},{"not_picked":["Glacier","Doom and Gloom","Steam"],"picked":"SKIP","floor":5},{"not_picked":["Consume","Sweeping Beam"],"picked":"Fission","floor":6},{"not_picked":["Rebound","Leap"],"picked":"Loop","floor":7},{"not_picked":["Heatsinks","Stack","Chaos"],"picked":"SKIP","floor":8},{"not_picked":["Cold Snap","Turbo"],"picked":"Defragment","floor":10},{"not_picked":["Static Discharge","Leap"],"picked":"Ball Lightning","floor":11},{"not_picked":["Amplify","Echo Form"],"picked":"Electrodynamics","floor":16},{"not_picked":["Sweeping Beam","Hello World"],"picked":"Redo+1","floor":18},{"not_picked":["Redo","Ball Lightning+1","Heatsinks"],"picked":"SKIP","floor":19},{"not_picked":["Double Energy","Stack"],"picked":"Force Field","floor":24},{"not_picked":["Hologram+1","hubris:Prefetch+1","Leap+1"],"picked":"SKIP","floor":27},{"not_picked":["Streamline+1","Turbo+1","Reinforced Body+1"],"picked":"SKIP","floor":28},{"not_picked":["Beam Cell","Barrage"],"picked":"conspire:Rain+1","floor":31},{"not_picked":["Reprogram+1","Barrage","Scrape+1"],"picked":"SKIP","floor":35},{"not_picked":["Ball Lightning+1","Sweeping Beam","Scrape"],"picked":"SKIP","floor":36},{"not_picked":["Hologram+1","Cold Snap"],"picked":"Static Discharge+1","floor":37},{"not_picked":["Steam+1","Electrodynamics","conspire:Rain+1"],"picked":"SKIP","floor":40},{"not_picked":["infinitespire:FutureSight","infinitespire:TheBestDefense"],"picked":"infinitespire:Starlight","floor":44},{"not_picked":["Reprogram+1","Loop+1"],"picked":"Chaos+1","floor":44},{"not_picked":["Static Discharge","Sweeping Beam","Hologram+1"],"picked":"SKIP","floor":45},{"not_picked":["hubris:SpecializedCircuitry","Meteor Strike"],"picked":"Biased Cognition","floor":50},{"not_picked":["Glacier+1","Rebound"],"picked":"Redo+1","floor":52},{"not_picked":["Go for the Eyes","Steam+1","Leap+1"],"picked":"SKIP","floor":54}],"player_experience":631595,"relics_obtained":[{"floor":6,"key":"aspiration:HummingbirdHeart"},{"floor":8,"key":"Blue Candle"},{"floor":9,"key":"Regal Pillow"},{"floor":24,"key":"infinitespire:Lucky Rock"},{"floor":26,"key":"Toxic Egg 2"},{"floor":30,"key":"infinitespire:Beetle Shell"},{"floor":40,"key":"Centennial Puzzle"},{"floor":43,"key":"War Paint"},{"floor":44,"key":"Darkstone Periapt"},{"floor":48,"key":"Dead Branch"}],"event_choices":[{"damage_healed":0,"gold_gain":0,"player_choice":"Ignored","damage_taken":0,"max_hp_gain":0,"max_hp_loss":0,"event_name":"Ghosts","floor":20,"gold_loss":0},{"damage_healed":0,"gold_gain":99,"player_choice":"Steal","damage_taken":0,"max_hp_gain":0,"max_hp_loss":0,"event_name":"betterThird:BetterNest","floor":22,"gold_loss":0},{"damage_healed":0,"gold_gain":0,"player_choice":"Max HP","damage_taken":0,"max_hp_gain":0,"max_hp_loss":4,"event_name":"Winding Halls","floor":38,"gold_loss":0},{"damage_healed":0,"gold_gain":0,"player_choice":"Leave","damage_taken":0,"max_hp_gain":0,"max_hp_loss":0,"event_name":"conspire:Investor","floor":46,"gold_loss":0},{"damage_healed":0,"gold_gain":0,"player_choice":"Fight","damage_taken":0,"max_hp_gain":0,"max_hp_loss":0,"event_name":"Mysterious Sphere","floor":48,"gold_loss":0},{"damage_healed":0,"gold_gain":0,"player_choice":"Trade","damage_taken":0,"relics_obtained":["FaceOfCleric"],"max_hp_gain":0,"max_hp_loss":0,"event_name":"FaceTrader","floor":53,"gold_loss":0},{"damage_healed":0,"gold_gain":0,"player_choice":"Agree","damage_taken":0,"max_hp_gain":0,"max_hp_loss":0,"event_name":"conspire:LoneGhost","floor":56,"gold_loss":0}],"is_beta":false,"boss_relics":[{"not_picked":["aspiration:ServantSkillbook","Fusion Hammer","Runic Dome"]},{"not_picked":["Coffee Dripper","Snecko Eye"],"picked":"hubris:Backtick"},{"not_picked":["conspire:RunicOctahedron","aspiration:WatcherSkillbook"],"picked":"Inserter"}],"items_purged_floors":[42],"is_endless":true,"potions_floor_spawned":[2,3,7,16,19,27,28,31,36,40,45,48,50,54],"killed_by":"Nightmare","ascension_level":7}}