{"host":"7cp3z5w0tcrrm8ys","time":1608726004,"event":{"mods":["AchievementEnabler","BaseMod","Colored Map","Colored Powertips","DeckTracker","Minty Spire (QoL Compilation)","StSLib","SuperFastMode"],"gold_per_floor":[363,363,29,29,46,46,46,74,101,101,120,130,140,172,172,245,245,255,49,49,49,68,68,88,119,119,65,65,65,65],"floor_reached":29,"playtime":829,"items_purged":["Strike_G","Strike_G"],"score":502,"play_id":"9764be00-5a5d-4944-9076-2e364ef922db","local_time":"20201223212004","is_ascension_mode":true,"campfire_choices":[{"data":"Apotheosis","floor":6.0,"key":"SMITH"},{"floor":10.0,"key":"REST"},{"data":"After Image","floor":15.0,"key":"SMITH"},{"data":"After Image","floor":23,"key":"SMITH"},{"floor":28,"key":"REST"}],"circlet_count":0,"master_deck":["AscendersBane","Strike_G","Strike_G","Defend_G","Defend_G+1","Defend_G","Defend_G","Defend_G","Survivor","Neutralize","Poisoned Stab","Apotheosis+1","After Image+1","Deadly Poison","Terror+1","Dodge and Roll+1","After Image+1","Catalyst+1","Acrobatics+1","Wraith Form v2"],"relics":["Ring of the Snake","Shuriken","Meat on the Bone","Snake Skull","Toxic Egg 2","SacredBark","Orichalcum","War Paint"],"acts_visited":["Exordium","TheCity"],"potions_floor_usage":[18,19,24,29],"damage_taken":[{"damage":4.0,"enemies":"2 Louse","floor":1.0,"turns":4.0},{"damage":2.0,"enemies":"Small Slimes","floor":5.0,"turns":4.0},{"damage":30.0,"enemies":"Gremlin Nob","floor":8.0,"turns":4.0},{"damage":0.0,"enemies":"Cultist","floor":11.0,"turns":4.0},{"damage":7.0,"enemies":"Exordium Thugs","floor":12.0,"turns":5.0},{"damage":2.0,"enemies":"2 Fungi Beasts","floor":13.0,"turns":4.0},{"damage":5.0,"enemies":"Lagavulin","floor":14.0,"turns":8.0},{"damage":1.0,"enemies":"The Guardian","floor":16.0,"turns":8.0},{"damage":0,"enemies":"2 Thieves","floor":18,"turns":4},{"damage":5,"enemies":"3 Byrds","floor":22,"turns":8},{"damage":18,"enemies":"Snecko","floor":24,"turns":8},{"damage":32,"enemies":"Book of Stabbing","floor":25,"turns":6},{"damage":22,"enemies":"Colosseum Slavers","floor":29,"turns":7},{"damage":42,"enemies":"Colosseum Nobs","floor":29,"turns":9}],"seed_played":"8877094610532221031","potions_obtained":[{"floor":5.0,"key":"SpeedPotion"},{"floor":12.0,"key":"ColorlessPotion"},{"floor":14.0,"key":"DistilledChaos"},{"floor":16.0,"key":"DistilledChaos"},{"floor":18,"key":"FearPotion"}],"is_trial":false,"path_per_floor":["M","?","$","?","M","R","?","E","T","R","M","M","M","E","R","B",null,"M","$","?","?","M","R","M","E","T","$","R","?"],"character_chosen":"THE_SILENT","items_purchased":["Apotheosis","FearPotion","Fruit Juice","SteroidPotion"],"campfire_rested":2,"item_purchase_floors":[3,3,19,27],"current_hp_per_floor":[40,40,40,40,38,38,38,8,8,27,39,44,42,37,37,36,59,59,69,69,69,64,64,46,26,26,26,48,0,0],"gold":65,"neow_bonus":"TWO_FIFTY_GOLD","is_daily":false,"chose_seed":false,"campfire_upgraded":3,"win_rate":0.0,"timestamp":1608726004,"path_taken":["M","?","$","?","M","R","?","E","T","R","?","M","M","E","R","BOSS","M","$","?","?","M","R","M","E","T","$","R","?"],"items_purchased_type":["Card","Potion","Potion","Potion"],"build_version":"2020-12-22","purchased_purges":2,"victory":false,"max_hp_per_floor":[66,66,66,66,66,66,66,66,66,66,66,66,66,66,66,66,66,66,76,76,76,76,76,76,76,76,76,76,76,76],"card_choices":[{"not_picked":["Flying Knee","Finisher"],"picked":"Poisoned Stab","floor":1.0},{"not_picked":["Concentrate","Eviscerate","Blade Dance"],"picked":"SKIP","floor":5.0},{"not_picked":["Dagger Spray","Bane"],"picked":"After Image","floor":8.0},{"not_picked":["Slice","Flying Knee"],"picked":"Deadly Poison","floor":11.0},{"not_picked":["Quick Slash","Heel Hook"],"picked":"Terror","floor":12.0},{"not_picked":["Prepared","Underhanded Strike","Dagger Throw"],"picked":"SKIP","floor":13.0},{"not_picked":["Eviscerate","Quick Slash"],"picked":"Dodge and Roll+1","floor":14.0},{"not_picked":["Storm of Steel+1","Unload"],"picked":"After Image","floor":16.0},{"not_picked":["Sucker Punch","Deflect+1"],"picked":"Catalyst+1","floor":18},{"not_picked":["Deflect+1","Dodge and Roll+1","Sucker Punch"],"picked":"SKIP","floor":22},{"not_picked":["Deflect+1","Dodge and Roll+1","Sucker Punch"],"picked":"SKIP","floor":22},{"not_picked":["Expertise+1","Eviscerate+1"],"picked":"Acrobatics+1","floor":24},{"not_picked":["Envenom","Flechettes"],"picked":"Wraith Form v2","floor":25}],"player_experience":788476,"relics_obtained":[{"floor":8.0,"key":"Meat on the Bone"},{"floor":9.0,"key":"Snake Skull"},{"floor":14.0,"key":"Toxic Egg 2"},{"floor":25,"key":"Orichalcum"},{"floor":26,"key":"War Paint"}],"event_choices":[{"damage_healed":0.0,"max_hp_gain":0.0,"max_hp_loss":0.0,"gold_gain":0.0,"event_name":"Scrap Ooze","player_choice":"Fled","floor":2.0,"gold_loss":0.0,"damage_taken":0.0},{"damage_healed":0.0,"max_hp_gain":0.0,"max_hp_loss":0.0,"gold_gain":0.0,"event_name":"Liars Game","player_choice":"Ignored","floor":4.0,"gold_loss":0.0,"damage_taken":0.0},{"damage_healed":0.0,"max_hp_gain":0.0,"max_hp_loss":0.0,"gold_gain":0.0,"event_name":"WeMeetAgain","player_choice":"Gave Potion","floor":7.0,"gold_loss":0.0,"damage_taken":0.0,"relics_obtained":["Shuriken"]},{"damage_healed":0,"gold_gain":0,"player_choice":"Ignored","damage_taken":0,"max_hp_gain":0,"max_hp_loss":0,"event_name":"The Mausoleum","floor":20,"gold_loss":0},{"cards_removed":["Strike_G"],"damage_healed":0,"gold_gain":0,"player_choice":"Elegance","damage_taken":0,"max_hp_gain":0,"max_hp_loss":0,"event_name":"Back to Basics","floor":21,"gold_loss":0},{"damage_healed":0,"gold_gain":0,"player_choice":"Fight","damage_taken":0,"max_hp_gain":0,"max_hp_loss":0,"event_name":"Colosseum","floor":29,"gold_loss":0},{"damage_healed":0,"gold_gain":0,"player_choice":"Fought Nobs","damage_taken":0,"max_hp_gain":0,"max_hp_loss":0,"event_name":"Colosseum","floor":29,"gold_loss":0}],"is_beta":false,"boss_relics":[{"not_picked":["Philosopher\u0027s Stone","Ectoplasm"],"picked":"SacredBark"}],"items_purged_floors":[3,19],"is_endless":false,"potions_floor_spawned":[5,12,14,16,18,29],"killed_by":"Colosseum Nobs","ascension_level":20}}