{"host":"hjw1ay65n7jm40lc","time":1608686735,"event":{"mods":["AchievementEnabler","BaseMod","Block Reminder","Colored Map","Colored Powertips","Downfall","Googly Eyes","Highlight Path","Minty Spire (QoL Compilation)","Quick Restart","Relic Stats","StSLib"],"gold_per_floor":[99,119,30,42,57,91,91,191,226,237,270,280,130,148,167,271,271,271,281,298,498,105,135,135,152,152,152,185,185,90,104,121,222,222,222,235,261,261,261,261,284,310,23,56,67,92,92,109,123,123],"floor_reached":51,"playtime":6453,"items_purged":["hexamod:Haunted","Regret"],"score":991,"play_id":"8e92d35a-7b55-41ad-8fc7-49160c9f353f","local_time":"20201222202535","is_ascension_mode":true,"campfire_choices":[{"floor":1,"key":"RECALL"},{"floor":13,"key":"REST"},{"data":"hexamod:EmpoweringStance","floor":18,"key":"SMITH"},{"data":"hexamod:Incineration","floor":27,"key":"SMITH"},{"data":"hexamod:GhostflameInferno","floor":35,"key":"SMITH"},{"data":"hexamod:EmpoweringStance","floor":40,"key":"SMITH"},{"floor":47,"key":"REST"}],"circlet_count":0,"master_deck":["hexamod:Strike","hexamod:Strike","hexamod:Strike","hexamod:Strike","hexamod:Defend","hexamod:Defend","hexamod:Defend+1","hexamod:Defend+1","hexamod:Sear","hexamod:Float","hexamod:NightmareGuise","hexamod:SpectersWail","hexamod:RadiantFlame","hexamod:EmpoweringStance+1","hexamod:Hexaguard","hexamod:CrushingStance","hexamod:GhostOfSpirePresent","hexamod:ThermalTransfer","hexamod:Sear","Mind Blast","hexamod:AdvancingGuard","hexamod:Incineration+1","hexamod:CatchUp","hexamod:TimeOfNeed","hexamod:SuperheatedStrike+1","hexamod:SuperheatedStrike","hexamod:HeatMetal+1","hexamod:GhostflameInferno+1","hexamod:EmpoweringStance+1","hexamod:EmpoweringStance","hexamod:RetreatToShadows+1","hexamod:HeatShield+1"],"relics":["hexamod:SpiritBrand","Happy Flower","TungstenRod","WingedGreaves","downfall:GremlinSack","Tiny Chest","Thread and Needle","downfall:HeartBlessingRed","downfall:HeartBlessingGreen","hexamod:IceCube","hexamod:MatchstickCase","Lantern","Centennial Puzzle","Bottled Tornado","Akabeko","The Courier","Runic Pyramid","Pen Nib","InkBottle","Art of War","CaptainsWheel","OrangePellets","Kunai","Potion Belt","War Paint","Bottled Flame"],"acts_visited":["Exordium","TheCity","TheBeyond"],"potions_floor_usage":[6,8,15,16,28,28,33,42,44,45,50,50,50,50],"damage_taken":[{"damage":0,"enemies":"Small Slimes","floor":2,"turns":4},{"damage":0,"enemies":"downfall:FleeingMerchant","floor":3,"turns":4},{"damage":0,"enemies":"Cultist","floor":4,"turns":3},{"damage":0,"enemies":"2 Louse","floor":5,"turns":2},{"damage":0,"enemies":"3 Sentries","floor":6,"turns":6},{"damage":12,"enemies":"3 Sentries","floor":8,"turns":5},{"damage":6,"enemies":"Lagavulin","floor":9,"turns":7},{"damage":2,"enemies":"2 Fungi Beasts","floor":10,"turns":3},{"damage":18,"enemies":"3 Sentries","floor":11,"turns":10},{"damage":1,"enemies":"Gremlin Gang","floor":12,"turns":5},{"damage":0,"enemies":"Exordium Wildlife","floor":14,"turns":2},{"damage":2,"enemies":"Large Slime","floor":15,"turns":6},{"damage":23,"enemies":"downfall:Defect","floor":16,"turns":9},{"damage":2,"enemies":"Shell Parasite","floor":19,"turns":4},{"damage":0,"enemies":"Spheric Guardian","floor":20,"turns":4},{"damage":0,"enemies":"downfall:FleeingMerchant","floor":22,"turns":4},{"damage":6,"enemies":"Gremlin Leader","floor":23,"turns":6},{"damage":8,"enemies":"3 Cultists","floor":25,"turns":4},{"damage":5,"enemies":"Slavers","floor":28,"turns":4},{"damage":0,"enemies":"downfall:FleeingMerchant","floor":30,"turns":4},{"damage":0,"enemies":"Cultist and Chosen","floor":31,"turns":5},{"damage":6,"enemies":"Snake Plant","floor":32,"turns":3},{"damage":27,"enemies":"downfall:Ironclad","floor":33,"turns":7},{"damage":0,"enemies":"Orb Walker","floor":36,"turns":3},{"damage":3,"enemies":"Reptomancer","floor":42,"turns":6},{"damage":0,"enemies":"downfall:FleeingMerchant","floor":43,"turns":1},{"damage":23,"enemies":"Giant Head","floor":44,"turns":7},{"damage":0,"enemies":"3 Darklings","floor":45,"turns":3},{"damage":0,"enemies":"Reptomancer","floor":46,"turns":5},{"damage":0,"enemies":"Maw","floor":48,"turns":6},{"damage":0,"enemies":"Writhing Mass","floor":49,"turns":5},{"damage":51,"enemies":"downfall:Silent","floor":50,"turns":6}],"seed_played":"-459195952911614343","potions_obtained":[{"floor":5,"key":"EssenceOfSteel"},{"floor":6,"key":"Explosive Potion"},{"floor":10,"key":"Ancient Potion"},{"floor":12,"key":"LiquidMemories"},{"floor":14,"key":"Fruit Juice"},{"floor":15,"key":"Block Potion"},{"floor":16,"key":"SneckoOil"},{"floor":25,"key":"hexamod:InfernoChargePotion"},{"floor":28,"key":"SkillPotion"},{"floor":32,"key":"Fire Potion"},{"floor":33,"key":"SteroidPotion"},{"floor":44,"key":"DistilledChaos"},{"floor":46,"key":"champ:CounterPotion"},{"floor":48,"key":"LiquidBronze"}],"is_trial":false,"path_per_floor":["R","M","$","M","M","E","T","?","E","M","E","M","R","M","M","B",null,"R","M","M","?","$","E","T","M","?","R","E","T","$","M","M","B",null,"R","M","?","?","T","R","T","E","$","E","M","E","R","M","M","B",null],"character_chosen":"THE_SPIRIT","items_purchased":["hexamod:RadiantFlame","hexamod:MatchstickCase","Lantern","hexamod:EmpoweringStance","OrangePellets","Kunai","hexamod:EctoCoolerPotion","Potion Belt","CultistPotion"],"campfire_rested":2,"item_purchase_floors":[3,22,22,43,43,43,43,43,43],"current_hp_per_floor":[70,70,70,70,70,70,70,58,52,50,32,31,52,52,55,32,75,75,73,73,73,73,67,67,59,49,49,44,44,44,44,38,11,75,75,75,75,75,75,75,75,72,72,49,49,49,71,71,71,20],"gold":123,"neow_bonus":"RANDOM_COMMON_RELIC","is_daily":false,"chose_seed":false,"campfire_upgraded":4,"win_rate":0.0,"timestamp":1608686735,"path_taken":["R","M","$","M","M","E","T","?","E","M","E","?","R","M","M","BOSS","R","M","M","?","$","E","T","M","?","R","E","?","$","?","M","BOSS","R","M","?","?","?","R","T","E","$","E","M","E","R","M","M","BOSS"],"items_purchased_type":["Card","Relic","Relic","Card","Relic","Relic","Potion","Relic","Potion"],"build_version":"2020-12-13","purchased_purges":2,"victory":true,"max_hp_per_floor":[70,70,70,70,70,70,70,70,70,70,70,70,70,70,75,75,75,75,75,75,75,75,75,75,75,75,75,75,75,75,75,75,75,75,75,75,75,75,75,75,75,75,75,75,75,75,75,75,75,75],"relic_stats":{"OrangePellets":[8],"Centennial Puzzle":[21],"Happy Flower":[51],"counters":[32,153],"Tiny Chest":2,"Pen Nib":[6],"Art of War":[2],"Kunai":[6],"War Paint":["hexamod:Defend","hexamod:Defend"],"obtain_stats":[{"Lantern":22,"downfall:HeartBlessingGreen":13,"Bottled Tornado":24,"Centennial Puzzle":23,"Tiny Chest":9,"WingedGreaves":7,"Kunai":43,"hexamod:SpiritBrand":0,"InkBottle":39,"Runic Pyramid":34,"Potion Belt":43,"Happy Flower":0,"downfall:HeartBlessingRed":13,"Thread and Needle":11,"The Courier":29,"Pen Nib":37,"War Paint":44,"Akabeko":28,"hexamod:MatchstickCase":22,"OrangePellets":43,"CaptainsWheel":42,"Bottled Flame":46,"downfall:GremlinSack":8,"Art of War":41,"TungstenRod":6,"hexamod:IceCube":17},{"Lantern":16,"downfall:HeartBlessingGreen":10,"Bottled Tornado":17,"Centennial Puzzle":17,"Tiny Chest":7,"WingedGreaves":5,"Kunai":26,"hexamod:SpiritBrand":0,"InkBottle":24,"Runic Pyramid":23,"Potion Belt":26,"Happy Flower":0,"downfall:HeartBlessingRed":10,"Thread and Needle":9,"The Courier":19,"Pen Nib":24,"War Paint":27,"Akabeko":19,"hexamod:MatchstickCase":16,"OrangePellets":26,"CaptainsWheel":25,"Bottled Flame":29,"downfall:GremlinSack":6,"Art of War":24,"TungstenRod":5,"hexamod:IceCube":13},{"Lantern":78,"downfall:HeartBlessingGreen":49,"Bottled Tornado":84,"Centennial Puzzle":84,"Tiny Chest":31,"WingedGreaves":19,"Kunai":121,"hexamod:SpiritBrand":0,"InkBottle":114,"Runic Pyramid":111,"Potion Belt":121,"Happy Flower":0,"downfall:HeartBlessingRed":49,"Thread and Needle":44,"The Courier":92,"Pen Nib":114,"War Paint":128,"Akabeko":92,"hexamod:MatchstickCase":78,"OrangePellets":121,"CaptainsWheel":120,"Bottled Flame":136,"downfall:GremlinSack":24,"Art of War":114,"TungstenRod":19,"hexamod:IceCube":66}],"TungstenRod":48,"InkBottle":[13]},"card_choices":[{"not_picked":["hexamod:GhostShield","hexamod:BurningTouch"],"picked":"hexamod:NightmareGuise","floor":2},{"not_picked":["hexamod:FastForward","hexamod:NecessarySacrifice"],"picked":"hexamod:SpectersWail","floor":3},{"not_picked":["hexamod:BurningTouch","hexamod:GhostOfSpireFuture"],"picked":"hexamod:EmpoweringStance","floor":4},{"not_picked":["hexamod:SecondSeal","hexamod:SpectersWail","hexamod:ThermalTransfer"],"picked":"SKIP","floor":5},{"not_picked":["hexamod:BurningTouch","hexamod:ThermalTransfer"],"picked":"hexamod:Hexaguard","floor":6},{"not_picked":["hexamod:BacktrackSmack","hexamod:FastForward","hexamod:DynamicBlow"],"picked":"SKIP","floor":9},{"not_picked":["hexamod:Hexaguard","hexamod:ThermalTransfer"],"picked":"hexamod:AdvancingGuard","floor":10},{"not_picked":["hexamod:SwordOfDarkness","hexamod:HeatCrush"],"picked":"hexamod:Incineration","floor":11},{"not_picked":["hexamod:Haunt","hexamod:ShieldOfDarkness","hexamod:FastForward"],"picked":"SKIP","floor":12},{"not_picked":["hexamod:ExtraCrispy","hexamod:ChargedBarrage"],"picked":"hexamod:CatchUp","floor":14},{"not_picked":["hexamod:RadiantFlame","hexamod:SwordOfDarkness","hexamod:AdvancingGuard"],"picked":"SKIP","floor":15},{"not_picked":["hexamod:VolcanoVisage","hexamod:WildfireWeapon"],"picked":"hexamod:TimeOfNeed","floor":16},{"not_picked":["hexamod:HauntingEcho","hexamod:ShieldOfDarkness","hexamod:SwordOfDarkness"],"picked":"SKIP","floor":19},{"not_picked":["hexamod:GhostShield","hexamod:SpectersWail","hexamod:FastForward"],"picked":"SKIP","floor":20},{"not_picked":["hexamod:Hexaguard","hexamod:RainOfEmbers","hexamod:GhostLash"],"picked":"SKIP","floor":22},{"not_picked":["hexamod:Toasty","hexamod:ChargedBarrage"],"picked":"hexamod:SuperheatedStrike+1","floor":23},{"not_picked":["hexamod:GhostOfSpirePast","hexamod:ExtraCrispy","hexamod:Haunt"],"picked":"SKIP","floor":25},{"not_picked":["hexamod:Haunt","hexamod:EmpoweredFlame"],"picked":"hexamod:SuperheatedStrike","floor":28},{"not_picked":["hexamod:AdvancingGuard","hexamod:Hexaguard","hexamod:NightmareStrike"],"picked":"SKIP","floor":30},{"not_picked":["hexamod:ShieldOfDarkness+1","hexamod:NightmareGuise"],"picked":"hexamod:HeatMetal+1","floor":31},{"not_picked":["hexamod:ThermalTransfer","hexamod:NightmareGuise"],"picked":"hexamod:GhostflameInferno","floor":32},{"not_picked":["hexamod:HexaLevel","hexamod:TimeOfNeed"],"picked":"hexamod:EmpoweringStance","floor":33},{"not_picked":["hexamod:Haunt+1","hexamod:ThermalTransfer","hexamod:BacktrackSmack+1"],"picked":"SKIP","floor":36},{"not_picked":["hexamod:ShieldOfDarkness+1","hexamod:AdvancingGuard","hexamod:BacktrackSmack+1"],"picked":"SKIP","floor":42},{"not_picked":["hexamod:GhostOfSpirePresent+1","hexamod:RadiantFlame","hexamod:BacktrackSmack+1"],"picked":"SKIP","floor":43},{"not_picked":["hexamod:GhostShield+1","hexamod:TimeOfNeed"],"picked":"hexamod:RetreatToShadows+1","floor":44},{"not_picked":["hexamod:ChargedBarrage","hexamod:Hexaguard"],"picked":"hexamod:HeatShield+1","floor":45},{"not_picked":["hexamod:NightmareGuise","hexamod:NightmareStrike","hexamod:SpectersWail+1"],"picked":"SKIP","floor":46},{"not_picked":["hexamod:Haunt+1","hexamod:CatchUp+1","hexamod:ShieldOfDarkness"],"picked":"SKIP","floor":48},{"not_picked":["hexamod:Firestarter+1","hexamod:GhostflameBarrier","hexamod:NightmareGuise"],"picked":"SKIP","floor":49}],"player_experience":491599,"relics_obtained":[{"floor":6,"key":"TungstenRod"},{"floor":7,"key":"WingedGreaves"},{"floor":8,"key":"downfall:GremlinSack"},{"floor":9,"key":"Tiny Chest"},{"floor":11,"key":"Thread and Needle"},{"floor":23,"key":"Centennial Puzzle"},{"floor":24,"key":"Bottled Tornado"},{"floor":28,"key":"Akabeko"},{"floor":29,"key":"The Courier"},{"floor":37,"key":"Pen Nib"},{"floor":39,"key":"InkBottle"},{"floor":41,"key":"Art of War"},{"floor":42,"key":"CaptainsWheel"},{"floor":44,"key":"War Paint"},{"floor":46,"key":"Bottled Flame"}],"event_choices":[],"is_beta":false,"boss_relics":[{"not_picked":["Coffee Dripper","Ectoplasm"],"picked":"hexamod:IceCube"},{"not_picked":["Black Star","Runic Dome"],"picked":"Runic Pyramid"}],"items_purged_floors":[22,30],"is_endless":false,"potions_floor_spawned":[5,6,10,12,14,15,16,23,25,28,32,33,36,44,46,48],"ascension_level":1}}