{"host":"mvq3y0vr4azttkc6","time":1608759244,"event":{"mods":["BaseMod","Colored Powertips","Marisa????????","Minty Spire (QoL Compilation)","Replay The Spire","StSLib"],"gold_per_floor":[109,136,136,136,186,233,262,262,262,262,30,80,22,57,57,171,171,186,213,213,224,224,241,241,57,57,57,57,71,71,106,106,109,109,28,28,28,79,95,129,139,139,139,139,139,139,159,159,159,159,159,159,78,107,107,107],"floor_reached":55,"playtime":4532,"items_purged":["ReplayTheSpireMod:Restless Dread","Looming Evil"],"score":1146,"play_id":"0fd4fbbc-7d20-405d-b8a2-afd0c07452b1","local_time":"20201224003404","is_ascension_mode":false,"campfire_choices":[{"floor":8.0,"key":"REST"},{"data":"OortCloud","floor":15,"key":"SMITH"},{"data":"OortCloud","floor":24,"key":"SMITH"},{"data":"GasGiant","floor":32,"key":"SMITH"},{"data":"UltimateShortwave","floor":32,"key":"SMITH"},{"floor":42,"key":"RECALL"},{"data":"SuperNova","floor":44,"key":"SMITH"},{"data":"EscapeVelocity","floor":44,"key":"SMITH"},{"data":"MasterSpark","floor":46,"key":"SMITH"},{"data":"JA","floor":46,"key":"SMITH"},{"data":"WitchLeyline","floor":49,"key":"SMITH"},{"data":"UpSweep","floor":49,"key":"SMITH"},{"data":"GravityBeat","floor":52,"key":"SMITH"},{"data":"GravityBeat","floor":52,"key":"SMITH"}],"circlet_count":0,"master_deck":["Defend_MRS","Defend_MRS","Defend_MRS","Defend_MRS+1","MasterSpark+1","UpSweep+1","OortCloud+1","OortCloud+1","AlicesGift+1","JA+1","SuperNova+1","MachineGunSpark+1","MilkyWay+1","GasGiant+1","ChargeUpSpray","AlicesGift+1","SuperPerseids+1","UltimateShortwave+1","ReplayTheSpireMod:IOU","MaximisePower+1","EscapeVelocity+1","WitchLeyline+1","GravityBeat+1","OortCloud+1","WitchLeyline+1","MachineGunSpark+1","GravityBeat+1","ReplayTheSpireMod:IOU","ReplayTheSpireMod:IOU","SprinkleStarSeal+1","SuperNova+1","ReplayTheSpireMod:IOU","ReplayTheSpireMod:IOU","ReplayTheSpireMod:IOU","UnstableBomb+1","Writhe","Occultation+1","GasGiant+1"],"relics":["MiniHakkero","Mango","Happy Flower","Du-Vu Doll","Vajra","ReplayTheSpireMod:Ring of Exchange","Replay:Wax Seal","Orichalcum","Astrolabe","Replay:Arrowhead","Toxic Egg 2","Boot","Replay:Bottled Flurry","Orrery","BreadOfAWashokuLover","PreservedInsect","HornCleat"],"acts_visited":["Exordium","TheCity","TheBeyond","TheEnding"],"potions_floor_usage":[33,55],"damage_taken":[{"damage":2.0,"enemies":"2 Louse","floor":1.0,"turns":2.0},{"damage":3.0,"enemies":"Jaw Worm","floor":2.0,"turns":3.0},{"damage":22.0,"enemies":"3 Sentries","floor":6.0,"turns":11.0},{"damage":4.0,"enemies":"Small Slimes","floor":7.0,"turns":3.0},{"damage":0,"enemies":"Replay:BlueRogue","floor":12,"turns":6},{"damage":2,"enemies":"Blue Slaver","floor":14,"turns":3},{"damage":39,"enemies":"Hexaghost","floor":16,"turns":12},{"damage":4,"enemies":"Chosen","floor":18,"turns":2},{"damage":0,"enemies":"Shell Parasite","floor":19,"turns":7},{"damage":6,"enemies":"Shelled Parasite and Fungi","floor":21,"turns":7},{"damage":0,"enemies":"Cultist and Chosen","floor":23,"turns":5},{"damage":0,"enemies":"Snecko","floor":29,"turns":2},{"damage":10,"enemies":"Replay:Snechameleon","floor":31,"turns":3},{"damage":6,"enemies":"Pondfish","floor":33,"turns":8},{"damage":5,"enemies":"3 Shapes","floor":35,"turns":2},{"damage":0,"enemies":"Orb Walker","floor":39,"turns":1},{"damage":7,"enemies":"Nemesis","floor":40,"turns":3},{"damage":5,"enemies":"Spire Growth","floor":41,"turns":4},{"damage":4,"enemies":"Sphere and 2 Shapes","floor":47,"turns":3},{"damage":14,"enemies":"Donu and Deca","floor":50,"turns":7},{"damage":1,"enemies":"Shield and Spear","floor":54,"turns":3},{"damage":162,"enemies":"The Heart","floor":55,"turns":14}],"seed_played":"8086266351160616108","potions_obtained":[{"floor":1.0,"key":"Explosive Potion"},{"floor":2.0,"key":"Strength Potion"},{"floor":6.0,"key":"Fruit Juice"},{"floor":7.0,"key":"GamblersBrew"},{"floor":19,"key":"Doom Potion"},{"floor":33,"key":"FairyPotion"},{"floor":39,"key":"BlessingOfTheForge"}],"is_trial":false,"path_per_floor":["M","M","?","?","T","E","M","R","T","?","$","E","$","M","R","B",null,"M","M","?","M","?","M","R","$","T","?","?","M","?","E","R","B",null,"M","?","?","$","M","E","M","R","T","R","?","R","M","?","R","B",null,"R","$","E","B"],"character_chosen":"MARISA","items_purchased":["OortCloud","Replay:Wax Seal","AlicesGift+1","Replay:Arrowhead","UltimateShortwave","SprinkleStarSeal+1","SuperNova","BreadOfAWashokuLover","GasGiant+1"],"campfire_rested":1,"item_purchase_floors":[11,11,13,25,25,38,38,38,53],"current_hp_per_floor":[87,84,84,66,66,44,45,73,73,73,73,73,73,71,71,32,94,90,90,90,84,84,84,84,84,84,84,84,84,84,74,74,68,94,89,89,89,89,89,88,83,83,83,83,94,94,92,92,92,92,107,107,107,106,0,0],"gold":107,"neow_bonus":"ONE_RARE_RELIC","is_daily":false,"chose_seed":false,"campfire_upgraded":12,"win_rate":0.0,"timestamp":1608759244,"path_taken":["M","M","?","?","?","E","M","R","T","?","$","E","$","?","R","BOSS","M","M","?","?","?","?","R","?","T","?","?","M","?","E","R","BOSS","M","?","?","$","?","E","M","R","T","R","?","R","M","?","R","BOSS","R","$","E","BOSS"],"items_purchased_type":["Card","Relic","Card","Relic","Card","Card","Card","Relic","Card"],"build_version":"2020-12-22","purchased_purges":2,"victory":false,"max_hp_per_floor":[89,89,89,89,89,89,94,94,94,94,94,94,94,94,94,94,94,94,94,94,94,94,94,94,94,94,94,94,94,94,94,94,94,94,94,94,94,94,94,94,94,94,94,94,94,94,94,94,94,107,107,107,107,107,107,107],"card_choices":[{"not_picked":["PropBag","Occultation"],"picked":"WitchOfGreed","floor":1.0},{"not_picked":["SporeBomb","MilkyWay","DoubleSpark"],"picked":"SKIP","floor":2.0},{"not_picked":["CollectingQuirk","SporeBomb"],"picked":"OortCloud","floor":6.0},{"not_picked":["MeteoricShower","PulseMagic","6A"],"picked":"SKIP","floor":7.0},{"not_picked":["Acceleration","MeteoricShower","IllusionStar"],"picked":"SKIP","floor":12},{"not_picked":["6A","UnstableBomb","RefractionSpark"],"picked":"SKIP","floor":14},{"not_picked":["EscapeVelocity","StarDustReverie"],"picked":"JA","floor":16},{"not_picked":["NonDirectionalLaser","Singularity+1"],"picked":"GasGiant","floor":18},{"not_picked":["DC","MilkyWay"],"picked":"ChargeUpSpray","floor":19},{"not_picked":["DoubleSpark","MagicChant"],"picked":"AlicesGift+1","floor":21},{"not_picked":["EnergyFlow","ShootingEcho"],"picked":"SuperPerseids+1","floor":23},{"not_picked":["6A","GalacticHalo+1","FairyDestructionRay"],"picked":"SKIP","floor":29},{"not_picked":["AbsoluteMagnitude","ManaConvection+1"],"picked":"MaximisePower+1","floor":31},{"not_picked":["StarDustReverie+1","BigCrunch+1"],"picked":"EscapeVelocity","floor":33},{"not_picked":["LuminesStrike","Robbery"],"picked":"WitchLeyline","floor":34},{"not_picked":["AsteroidBelt+1","EventHorizon"],"picked":"GravityBeat","floor":34},{"not_picked":["MeteoricShower","FairyDestructionRay"],"picked":"OortCloud+1","floor":34},{"not_picked":["NonDirectionalLaser","IllusionStar+1"],"picked":"WitchLeyline+1","floor":34},{"not_picked":["OortCloud","SporeBomb+1"],"picked":"MachineGunSpark+1","floor":34},{"not_picked":["MagicAbsorber+1","GrandCross"],"picked":"GravityBeat","floor":35},{"not_picked":["OneTimeOff+1","GrandCross+1","PowerUp+1"],"picked":"SKIP","floor":39},{"not_picked":["MysteriousBeam+1","MilkyWay+1","MeteoricShower+1"],"picked":"SKIP","floor":40},{"not_picked":["Robbery","GravityBeat"],"picked":"UnstableBomb+1","floor":41},{"not_picked":["SporeBomb+1","AbsoluteMagnitude"],"picked":"Occultation+1","floor":47},{"not_picked":["AsteroidBelt+1","JA","MilkyWay+1"],"picked":"SKIP","floor":54}],"player_experience":77806,"relics_obtained":[{"floor":5.0,"key":"Happy Flower"},{"floor":6.0,"key":"Du-Vu Doll"},{"floor":9.0,"key":"Vajra"},{"floor":10.0,"key":"ReplayTheSpireMod:Ring of Exchange"},{"floor":12,"key":"Orichalcum"},{"floor":26,"key":"Toxic Egg 2"},{"floor":31,"key":"Replay:Bottled Flurry"},{"floor":40,"key":"PreservedInsect"},{"floor":54,"key":"HornCleat"}],"event_choices":[{"damage_healed":0.0,"max_hp_gain":0.0,"max_hp_loss":0.0,"gold_gain":0.0,"event_name":"Liars Game","player_choice":"Ignored","floor":3.0,"gold_loss":0.0,"damage_taken":0.0},{"damage_healed":0.0,"max_hp_gain":0.0,"max_hp_loss":0.0,"gold_gain":0.0,"event_name":"Shining Light","player_choice":"Entered Light","floor":4.0,"gold_loss":0.0,"damage_taken":18.0,"cards_upgraded":["Strike_MRS","Defend_MRS"]},{"damage_healed":0,"gold_gain":0,"player_choice":"Cursed","damage_taken":0,"max_hp_gain":0,"max_hp_loss":0,"event_name":"Wheel of Change","floor":20,"gold_loss":0,"cards_obtained":["Decay"]},{"damage_healed":0,"gold_gain":0,"player_choice":"Ignored","damage_taken":0,"max_hp_gain":0,"max_hp_loss":0,"event_name":"NoteForYourself","floor":22,"gold_loss":0},{"cards_removed":["Strike_MRS"],"damage_healed":0,"gold_gain":0,"player_choice":"Elegance","damage_taken":0,"max_hp_gain":0,"max_hp_loss":0,"event_name":"Back to Basics","floor":28,"gold_loss":0},{"damage_healed":0,"gold_gain":0,"player_choice":"Stole Relic","damage_taken":0,"relics_obtained":["Boot"],"max_hp_gain":0,"max_hp_loss":0,"event_name":"Addict","floor":30,"gold_loss":0,"cards_obtained":["Shame"]},{"damage_healed":0,"gold_gain":0,"player_choice":"Ignored","damage_taken":0,"max_hp_gain":0,"max_hp_loss":0,"event_name":"Mysterious Sphere","floor":36,"gold_loss":0},{"cards_removed":["Shame","ReplayTheSpireMod:IOU","Decay"],"damage_healed":0,"gold_gain":0,"player_choice":"Removed Curses","damage_taken":0,"max_hp_gain":0,"max_hp_loss":0,"event_name":"Fountain of Cleansing","floor":37,"gold_loss":0},{"damage_healed":24,"gold_gain":0,"player_choice":"Writhe","damage_taken":0,"max_hp_gain":0,"max_hp_loss":0,"event_name":"Winding Halls","floor":45,"gold_loss":0,"cards_obtained":["Writhe"]},{"cards_removed":["WitchOfGreed"],"damage_healed":0,"gold_gain":0,"player_choice":"Removed Power","damage_taken":0,"max_hp_gain":0,"max_hp_loss":0,"event_name":"Falling","floor":48,"gold_loss":0}],"is_beta":false,"boss_relics":[{"not_picked":["SlaversCollar","ChewingGum"],"picked":"Astrolabe"},{"not_picked":["ClockworkSouvenir","Replay:Grab Bag"],"picked":"Orrery"}],"items_purged_floors":[11,25],"is_endless":false,"potions_floor_spawned":[1,6,12,23,31,33,39,40,41,47],"killed_by":"The Heart","ascension_level":0}}