{"host":"toh0bbw446wnuexf","time":1608703762,"event":{"mods":["BaseMod","Downfall","Hermit","Minty Spire (QoL Compilation)","Random Character Button","StSLib"],"gold_per_floor":[99,115,32,44,57,57,57,57,76,95,95,42,42,42,61,157,157,157,176,193,178,178,190,190,190,210,310,310,337,262,247,260,357,357,357,407,424,440,440,440,440,452,218,230,263,248,248,248,264,264],"floor_reached":51,"playtime":8678,"items_purged":["champ:Defend"],"score":1087,"play_id":"b3660a70-999b-485c-80d7-b2547afc7131","local_time":"20201223190922","is_ascension_mode":false,"campfire_choices":[{"data":"champ:Taunt","floor":1,"key":"SMITH"},{"data":"champ:HoldFirm","floor":6,"key":"SMITH"},{"data":"champ:TornadoPunch","floor":11,"key":"SMITH"},{"data":"champ:DefensiveStyle","floor":13,"key":"SMITH"},{"data":"champ:SteelEdge","floor":18,"key":"SMITH"},{"data":"champ:Execute","floor":25,"key":"SMITH"},{"data":"champ:IronFortress","floor":28,"key":"SMITH"},{"data":"champ:Defend","floor":30,"key":"SMITH"},{"data":"champ:Defend","floor":35,"key":"SMITH"},{"data":"champ:Defend","floor":40,"key":"SMITH"},{"data":"champ:Strike","floor":47,"key":"SMITH"}],"circlet_count":0,"master_deck":["champ:Strike","champ:Strike","champ:Strike+1","champ:Strike","champ:Defend+1","champ:Defend+1","champ:Defend+1","champ:Execute+1","champ:Taunt+1","champ:ShieldSlam+1","champ:TornadoPunch+1","champ:IronFortress+1","champ:HoldFirm+1","champ:BringItOn+1","champ:Riposte+1","champ:DefensiveStyle+1","champ:SteelEdge+1","champ:Circumvent+1","champ:FocusedDefense+1","champ:EnGarde+1"],"relics":["champ:ChampionCrown","Toxic Egg 2","Coffee Dripper","Blood Vial","champ:BlackKnightHelmet","Frozen Egg 2","Bird Faced Urn","downfall:HeartBlessingGreen","Runic Pyramid","Calipers","Mercury Hourglass","Bottled Lightning","Bronze Scales","War Paint"],"acts_visited":["Exordium","TheCity","TheBeyond"],"potions_floor_usage":[9,16,33],"damage_taken":[{"damage":0,"enemies":"2 Louse","floor":2,"turns":4},{"damage":5,"enemies":"downfall:FleeingMerchant","floor":3,"turns":4},{"damage":10,"enemies":"Cultist","floor":4,"turns":5},{"damage":5,"enemies":"Small Slimes","floor":5,"turns":5},{"damage":1,"enemies":"3 Louse","floor":9,"turns":2},{"damage":0,"enemies":"2 Fungi Beasts","floor":10,"turns":4},{"damage":10,"enemies":"downfall:FleeingMerchant","floor":12,"turns":4},{"damage":2,"enemies":"Red Slaver","floor":15,"turns":3},{"damage":43,"enemies":"downfall:Defect","floor":16,"turns":14},{"damage":5,"enemies":"Chosen","floor":19,"turns":5},{"damage":25,"enemies":"Centurion and Healer","floor":20,"turns":7},{"damage":5,"enemies":"downfall:FleeingMerchant","floor":21,"turns":4},{"damage":14,"enemies":"Shelled Parasite and Fungi","floor":23,"turns":6},{"damage":0,"enemies":"Snake Plant","floor":26,"turns":5},{"damage":55,"enemies":"Snake Plant","floor":27,"turns":10},{"damage":8,"enemies":"Book of Stabbing","floor":29,"turns":8},{"damage":5,"enemies":"downfall:FleeingMerchant","floor":31,"turns":4},{"damage":10,"enemies":"Centurion and Healer","floor":32,"turns":13},{"damage":28,"enemies":"downfall:Watcher","floor":33,"turns":21},{"damage":36,"enemies":"Mind Bloom Boss Battle","floor":36,"turns":16},{"damage":5,"enemies":"3 Shapes","floor":37,"turns":6},{"damage":5,"enemies":"3 Darklings","floor":38,"turns":7},{"damage":5,"enemies":"4 Shapes","floor":42,"turns":4},{"damage":5,"enemies":"downfall:FleeingMerchant","floor":43,"turns":4},{"damage":5,"enemies":"Sphere and 2 Shapes","floor":44,"turns":5},{"damage":5,"enemies":"Nemesis","floor":45,"turns":7},{"damage":5,"enemies":"downfall:FleeingMerchant","floor":46,"turns":4},{"damage":5,"enemies":"Spire Growth","floor":49,"turns":5},{"damage":10,"enemies":"downfall:Ironclad","floor":50,"turns":12}],"seed_played":"6173509163114560392","potions_obtained":[{"floor":5,"key":"AttackPotion"},{"floor":9,"key":"EntropicBrew"},{"floor":10,"key":"Explosive Potion"},{"floor":23,"key":"LiquidMemories"},{"floor":27,"key":"Ancient Potion"},{"floor":29,"key":"FairyPotion"},{"floor":37,"key":"BlessingOfTheForge"}],"is_trial":false,"path_per_floor":["R","M","$","M","M","R","T","?","M","M","R","$","R","?","M","B",null,"R","M","M","$","?","M","T","R","M","?","R","E","R","$","M","B",null,"R","?","M","M","?","R","T","M","$","M","E","$","R","?","M","B",null],"character_chosen":"THE_CHAMP","items_purchased":["champ:HoldFirm","champ:DefensiveStyle","Bronze Scales"],"campfire_rested":0,"item_purchase_floors":[3,12,43],"current_hp_per_floor":[81,81,81,81,76,76,76,76,75,75,75,70,70,70,68,35,81,81,81,61,61,61,52,52,52,54,14,14,13,13,19,25,8,81,81,65,71,77,77,77,77,81,81,81,81,81,81,81,81,81],"gold":264,"neow_bonus":"THREE_RARE_CARDS","is_daily":false,"chose_seed":false,"campfire_upgraded":11,"win_rate":0.0,"timestamp":1608703762,"path_taken":["R","M","$","M","M","R","T","?","M","M","R","$","R","?","M","BOSS","R","M","?","$","?","M","T","R","M","?","R","E","R","$","M","BOSS","R","?","M","M","?","R","T","M","$","M","E","$","R","?","M","BOSS"],"items_purchased_type":["Card","Card","Relic"],"build_version":"2020-12-13","purchased_purges":1,"victory":true,"max_hp_per_floor":[81,81,81,81,81,81,81,81,81,81,81,81,81,81,81,81,81,81,81,81,81,81,81,81,81,81,81,81,81,81,81,81,81,81,81,81,81,81,81,81,81,81,81,81,81,81,81,81,81,81],"card_choices":[{"not_picked":["champ:CrownThrow","champ:Improvising"],"picked":"champ:ShieldSlam","floor":0},{"not_picked":["champ:FanOfKnives","champ:PerfectedStrike"],"picked":"champ:TornadoPunch","floor":2},{"not_picked":["champ:DefensiveShout","champ:Encircle"],"picked":"champ:IronFortress","floor":3},{"not_picked":["champ:BladeFlurry","champ:CrookedStrike","champ:RecklessLeap"],"picked":"SKIP","floor":4},{"not_picked":["champ:StanceDance","champ:PreciseThrust","champ:TornadoPunch"],"picked":"SKIP","floor":5},{"not_picked":["champ:CrookedStrike","champ:RapidStrikes"],"picked":"champ:BringItOn+1","floor":9},{"not_picked":["champ:TornadoPunch","champ:GladiatorsShout+1","champ:ShieldSlam"],"picked":"SKIP","floor":10},{"not_picked":["champ:Haymaker","champ:Encircle"],"picked":"champ:Riposte+1","floor":12},{"not_picked":["champ:FlashCut","champ:AdrenalArmor+1","champ:ShieldWall"],"picked":"SKIP","floor":15},{"not_picked":["champ:CrownThrow","champ:Devastate"],"picked":"champ:SteelEdge","floor":16},{"not_picked":["champ:DeathBlow","champ:IronFortress","champ:StanceDance+1"],"picked":"SKIP","floor":19},{"not_picked":["champ:DefensiveShout+1","champ:Backstep+1","champ:CrookedStrike"],"picked":"SKIP","floor":20},{"not_picked":["champ:RapidStrikes","champ:FocusedBerserking+1","champ:Shatter"],"picked":"SKIP","floor":21},{"not_picked":["champ:GladiatorsShout+1","champ:Haymaker","champ:CrookedStrike"],"picked":"SKIP","floor":23},{"not_picked":["champ:GladiatorsShout+1","champ:FanOfKnives"],"picked":"champ:Circumvent+1","floor":26},{"not_picked":["champ:EnGarde+1","champ:PerfectedStrike","champ:SteelEdge"],"picked":"SKIP","floor":29},{"not_picked":["champ:Backstep+1","champ:BladeFlurry","champ:DefensiveStyle+1"],"picked":"SKIP","floor":31},{"not_picked":["champ:Backstep+1","champ:BerserkersShout+1","champ:PerfectedStrike"],"picked":"SKIP","floor":32},{"not_picked":["champ:FlashCut+1","champ:GladiatorsShout+1","champ:PreciseThrust+1"],"picked":"SKIP","floor":37},{"not_picked":["champ:FlashCut+1","champ:EnragedBash+1"],"picked":"champ:FocusedDefense+1","floor":38},{"not_picked":["champ:BladeFlurry","champ:FocusedDefense+1"],"picked":"champ:EnGarde+1","floor":42},{"not_picked":["champ:FlashCut","champ:PerfectedStrike+1","champ:FocusedDefense+1"],"picked":"SKIP","floor":43},{"not_picked":["champ:GladiatorStyle+1","champ:Haymaker+1","champ:DefensiveShout+1"],"picked":"SKIP","floor":44},{"not_picked":["champ:GladiatorsShout+1","champ:BringItOn+1","champ:SkillfulDodge+1"],"picked":"SKIP","floor":45},{"not_picked":["champ:GladiatorStyle+1","champ:RisingSlash+1","champ:AdrenalArmor+1"],"picked":"SKIP","floor":46},{"not_picked":["champ:BerserkersShout+1","champ:Encircle","champ:VampiricStrike"],"picked":"SKIP","floor":49}],"player_experience":513294,"relics_obtained":[{"floor":7,"key":"Toxic Egg 2"},{"floor":24,"key":"Blood Vial"},{"floor":27,"key":"champ:BlackKnightHelmet"},{"floor":27,"key":"Frozen Egg 2"},{"floor":29,"key":"Bird Faced Urn"},{"floor":36,"key":"Calipers"},{"floor":39,"key":"Mercury Hourglass"},{"floor":41,"key":"Bottled Lightning"},{"floor":45,"key":"War Paint"}],"event_choices":[{"damage_healed":0,"gold_gain":0,"player_choice":"Grow","damage_taken":0,"max_hp_gain":0,"max_hp_loss":0,"event_name":"Living Wall","floor":8,"gold_loss":0,"cards_upgraded":["champ:ShieldSlam"]},{"damage_healed":0,"gold_gain":0,"player_choice":"Ignored","damage_taken":0,"max_hp_gain":0,"max_hp_loss":0,"event_name":"NoteForYourself","floor":14,"gold_loss":0},{"damage_healed":0,"gold_gain":0,"player_choice":"Ignored","damage_taken":0,"max_hp_gain":0,"max_hp_loss":0,"event_name":"Mysterious Sphere","floor":48,"gold_loss":0}],"is_beta":false,"boss_relics":[{"not_picked":["Fusion Hammer","Cursed Key"],"picked":"Coffee Dripper"},{"not_picked":["Busted Crown","champ:ChampionCrownUpgraded"],"picked":"Runic Pyramid"}],"items_purged_floors":[43],"is_endless":false,"potions_floor_spawned":[5,9,10,15,23,26,27,29,32,37,45],"ascension_level":0}}