{"host":"7krnriczr1b2ou5r","time":1608705110,"event":{"mods":["BaseMod","Keyboard Shortcuts","Minty Spire (QoL Compilation)","Relic Stats","StSLib"],"gold_per_floor":[114,114,39,59,76,76,76,104,128,147,147,222,222,233,233,306,306,325,344,344,86,99,132,132,165,165],"floor_reached":25,"playtime":597,"items_purged":["Strike_P","Strike_P"],"score":482,"play_id":"cb2ecbb0-4d63-4906-bf3b-6a6ecd106388","local_time":"20201223153150","is_ascension_mode":true,"campfire_choices":[{"data":"Brilliance","floor":7,"key":"SMITH"},{"data":"Worship","floor":11,"key":"SMITH"},{"data":"WheelKick","floor":13,"key":"SMITH"},{"data":"FlurryOfBlows","floor":15,"key":"SMITH"},{"data":"RitualDagger","floor":24,"key":"SMITH"}],"circlet_count":0,"master_deck":["AscendersBane","Strike_P","Strike_P","Defend_P","Defend_P","Defend_P","Defend_P","Eruption+1","Vigilance","Brilliance+1","FlurryOfBlows+1","Worship+1","WheelKick+1","Devotion","FollowUp","RitualDagger+1"],"relics":["HolyWater","Akabeko","Strawberry","Vajra","Nunchaku","Ginger"],"acts_visited":["Exordium","TheCity"],"potions_floor_usage":[16,25],"damage_taken":[{"damage":0,"enemies":"Cultist","floor":1,"turns":2},{"damage":3,"enemies":"Small Slimes","floor":4,"turns":3},{"damage":0,"enemies":"Jaw Worm","floor":5,"turns":3},{"damage":27,"enemies":"Gremlin Nob","floor":8,"turns":4},{"damage":0,"enemies":"Large Slime","floor":10,"turns":3},{"damage":0,"enemies":"Blue Slaver","floor":14,"turns":3},{"damage":38,"enemies":"The Guardian","floor":16,"turns":10},{"damage":36,"enemies":"Shell Parasite","floor":18,"turns":5},{"damage":17,"enemies":"Chosen","floor":19,"turns":5},{"damage":0,"enemies":"Sentry and Sphere","floor":22,"turns":2},{"damage":31,"enemies":"Book of Stabbing","floor":23,"turns":4},{"damage":8,"enemies":"Slavers","floor":25,"turns":3}],"seed_played":"2808005147299126134","potions_obtained":[{"floor":4,"key":"SpeedPotion"},{"floor":5,"key":"BottledMiracle"},{"floor":10,"key":"AttackPotion"},{"floor":19,"key":"Ambrosia"},{"floor":23,"key":"PowerPotion"}],"is_trial":false,"path_per_floor":["M","?","$","M","M","$","R","E","T","M","R","?","R","M","R","B",null,"M","M","?","$","M","E","R","E"],"character_chosen":"WATCHER","items_purchased":["Vajra"],"campfire_rested":0,"item_purchase_floors":[21],"current_hp_per_floor":[61,61,61,58,58,58,58,31,38,38,38,27,27,27,27,19,57,21,34,28,28,28,27,27,19,19],"gold":165,"neow_bonus":"THREE_RARE_CARDS","is_daily":false,"chose_seed":false,"campfire_upgraded":5,"win_rate":0.0,"timestamp":1608705110,"path_taken":["M","?","$","M","M","?","R","E","T","?","R","?","R","M","R","BOSS","M","M","?","$","M","E","R","E"],"items_purchased_type":["Relic"],"build_version":"2020-12-22","purchased_purges":2,"victory":false,"max_hp_per_floor":[62,62,62,62,62,62,62,62,69,69,69,69,69,69,69,69,69,69,69,69,69,69,69,69,69,69],"relic_stats":{"Nunchaku":[1],"counters":[12,47],"Ginger":[0],"obtain_stats":[{"Nunchaku":23,"Strawberry":9,"HolyWater":17,"Vajra":21,"Ginger":25,"PureWater":0,"Akabeko":8},{"Nunchaku":11,"Strawberry":4,"HolyWater":7,"Vajra":9,"Ginger":12,"PureWater":0,"Akabeko":4},{"Nunchaku":44,"Strawberry":12,"HolyWater":28,"Vajra":38,"Ginger":47,"PureWater":0,"Akabeko":12}]},"card_choices":[{"not_picked":["Scrawl","DeusExMachina"],"picked":"Brilliance","floor":0},{"not_picked":["Crescendo","EmptyBody","Conclude"],"picked":"SKIP","floor":1},{"not_picked":["Vengeance","JustLucky","Crescendo"],"picked":"SKIP","floor":4},{"not_picked":["MentalFortress","CutThroughFate"],"picked":"FlurryOfBlows","floor":5},{"not_picked":["FlurryOfBlows","Halt"],"picked":"Worship","floor":8},{"not_picked":["Halt","FlurryOfBlows"],"picked":"WheelKick","floor":10},{"not_picked":["SignatureMove","WreathOfFlame","Evaluate"],"picked":"SKIP","floor":14},{"not_picked":["Establishment","Omniscience"],"picked":"Devotion","floor":16},{"not_picked":["Halt","Swivel","WaveOfTheHand"],"picked":"SKIP","floor":18},{"not_picked":["Consecrate","PathToVictory"],"picked":"FollowUp","floor":19},{"not_picked":["Consecrate+1","FollowUp","Collect"],"picked":"SKIP","floor":22},{"not_picked":["ClearTheMind","FollowUp","Nirvana"],"picked":"SKIP","floor":23}],"player_experience":1042292,"relics_obtained":[{"floor":8,"key":"Akabeko"},{"floor":9,"key":"Strawberry"},{"floor":23,"key":"Nunchaku"},{"floor":25,"key":"Ginger"}],"event_choices":[{"damage_healed":0,"gold_gain":0,"player_choice":"Upgraded","damage_taken":0,"max_hp_gain":0,"max_hp_loss":0,"event_name":"Upgrade Shrine","floor":2,"gold_loss":0,"cards_upgraded":["Eruption"]},{"damage_healed":0,"gold_gain":75,"player_choice":"Gather Gold","damage_taken":11,"max_hp_gain":0,"max_hp_loss":0,"event_name":"World of Goop","floor":12,"gold_loss":0},{"damage_healed":0,"gold_gain":0,"player_choice":"Joined the Cult","damage_taken":6,"max_hp_gain":0,"max_hp_loss":0,"event_name":"Nest","floor":20,"gold_loss":0,"cards_obtained":["RitualDagger"]}],"is_beta":false,"boss_relics":[{"not_picked":["Black Star","SacredBark"],"picked":"HolyWater"}],"items_purged_floors":[3,21],"is_endless":false,"potions_floor_spawned":[4,5,10,14,19,22,23],"killed_by":"Slavers","ascension_level":20}}