{"host":"99ad87xtd5ypi7ii","time":1608729561,"event":{"mods":["BaseMod","Hermit","Highlight Path","Marisa????????","Minty Spire (QoL Compilation)","Robot Space Explorer","StSLib","The Bladedancer","The Construct","The Cursed","The Disciple","The Gatherer","The Hierophant","The Runesmith","The Servant 0.9.4","TheVacant"],"gold_per_floor":[109,59,59,159,169,169,180,228,228,57,57,82,94,126,126,126,126],"floor_reached":16,"playtime":1109,"items_purged":[],"score":133,"play_id":"a84820a2-b91e-4b78-9f72-e7b95621e5e6","local_time":"20201223141921","is_ascension_mode":false,"campfire_choices":[{"data":"SecondHand","floor":6,"key":"SMITH"},{"data":"LockedThread","floor":11,"key":"SMITH"},{"data":"Facsimile","floor":15,"key":"SMITH"}],"circlet_count":0,"master_deck":["Strike_Br","Strike_Br","Defend_Br","Defend_Br","Defend_Br","Defend_Br","SecondHand+1","PatternShift","LockedWhetstone","PrimeTime","LockedThread+1","LockedBlood","WatchCommand","Facsimile+1","LockedScales","LockedWarPaint","LockedBlood"],"relics":["Chronometer","Matryoshka","Sling","BlueBox","Oddly Smooth Stone"],"acts_visited":["Exordium"],"potions_floor_usage":[16],"damage_taken":[{"damage":0,"enemies":"2 Louse","floor":1,"turns":4},{"damage":3,"enemies":"Jaw Worm","floor":5,"turns":8},{"damage":0,"enemies":"Cultist","floor":7,"turns":4},{"damage":0,"enemies":"Lagavulin","floor":12,"turns":7},{"damage":17,"enemies":"Exordium Thugs","floor":13,"turns":7},{"damage":25,"enemies":"3 Sentries","floor":14,"turns":12},{"damage":30,"enemies":"The Guardian","floor":16,"turns":5}],"seed_played":"6447688509719818220","potions_obtained":[{"floor":1,"key":"SmokeBomb"},{"floor":13,"key":"SmokeBomb"},{"floor":14,"key":"ColorlessPotion"}],"is_trial":false,"path_per_floor":["M","?","?","?","M","R","M","T","T","$","R","E","M","E","R","B"],"character_chosen":"CHRONO_CLASS","items_purchased":["Sling","LockedBlood"],"campfire_rested":0,"item_purchase_floors":[10,10],"current_hp_per_floor":[71,71,64,64,61,61,61,61,61,61,61,67,56,37,37,19,19],"gold":126,"neow_bonus":"TEN_PERCENT_HP_BONUS","is_daily":false,"chose_seed":false,"campfire_upgraded":3,"win_rate":0.0,"timestamp":1608729561,"path_taken":["M","?","?","?","?","R","M","?","T","?","R","E","M","E","R","BOSS"],"items_purchased_type":["Relic","Card"],"build_version":"2020-12-22","purchased_purges":0,"victory":false,"max_hp_per_floor":[71,71,71,71,71,71,71,71,71,71,71,71,71,71,71,71,71],"card_choices":[{"not_picked":["LockedScales","Facsimile"],"picked":"LockedWhetstone","floor":1},{"not_picked":["Echoward","TiringSlam"],"picked":"PrimeTime","floor":5},{"not_picked":["Echoward","LockedMedicine"],"picked":"LockedThread","floor":7},{"not_picked":["BlueShift","LockedMedicine"],"picked":"WatchCommand","floor":12},{"not_picked":["LockedBlood","Backlash"],"picked":"LockedWarPaint","floor":13},{"not_picked":["ReapSow","Parity"],"picked":"LockedBlood","floor":14}],"player_experience":826577,"relics_obtained":[{"floor":9,"key":"Matryoshka"},{"floor":12,"key":"BlueBox"},{"floor":14,"key":"Oddly Smooth Stone"}],"event_choices":[{"cards_removed":["Strike_Br"],"damage_healed":0,"gold_gain":0,"player_choice":"Card Removal","damage_taken":0,"max_hp_gain":0,"max_hp_loss":0,"event_name":"The Cleric","floor":2,"gold_loss":50},{"cards_removed":["Strike_Br"],"damage_healed":0,"gold_gain":0,"player_choice":"Card Removal","damage_taken":7,"max_hp_gain":0,"max_hp_loss":0,"event_name":"Golden Wing","floor":3,"gold_loss":0},{"damage_healed":0,"gold_gain":100,"player_choice":"Pray","damage_taken":0,"max_hp_gain":0,"max_hp_loss":0,"event_name":"Golden Shrine","floor":4,"gold_loss":0}],"is_beta":false,"boss_relics":[],"items_purged_floors":[],"is_endless":false,"potions_floor_spawned":[1,13,14],"killed_by":"The Guardian","ascension_level":0}}