{"host":"43gh4c2f6tt319we","time":1608732007,"event":{"mods":["Act Like it!","BaseMod","Gensokyo","Hallownest","KinomotoSakuraMod(ƒæ÷Æ±æ”£)","Lobotomy","Marisa£®ÏF”Í°°ƒß¿Ì…≥£©","Minty Spire (QoL Compilation)","Reimu£®≤©¿ˆ¡È√Œ£©","Remilia£®¿Ÿ√◊¿Ú—«£©","StSLib","The Animator","The Bug Knight","Youmu£®ªÍ∆«—˝√Œ£©"],"gold_per_floor":[999,1013,938,966,1011,292,320,340,340,390,405,405,421,433,452,452,550,550,567,137,92,12,27,58,72,72,95,95,95,95,109,125,125,223,223,239,239,257,257,272,272],"floor_reached":90,"playtime":3550,"items_purged":["HollowMod:QuickDashStart","HollowMod:NailStrikeStart"],"score":693,"play_id":"5bfd67b1-8142-4cc0-a218-bb34466179af","local_time":"20201223230007","is_ascension_mode":false,"campfire_choices":[{"data":"HollowMod:FastStrike","floor":59.0,"key":"SMITH"},{"floor":66.0,"key":"REST"},{"data":"HollowMod:SlysStrikes","floor":78.0,"key":"SMITH"},{"data":"HollowMod:DoubleDash","floor":80.0,"key":"SMITH"},{"data":"HollowMod:DoubleDash","floor":83.0,"key":"SMITH"}],"circlet_count":0,"master_deck":["HollowMod:NailStrikeStart","HollowMod:NailStrikeStart","HollowMod:QuickDashStart","HollowMod:QuickDashStart","HollowMod:FocusHealStart","HollowMod:PogoStrike","HollowMod:AwokenDreamNail","HollowMod:DoubleDash+1","HollowMod:SoulStrike","HollowMod:SoulVessel","HollowMod:FastStrike+1","HollowMod:DoubleDash+1","HollowMod:SoulSplash","HollowMod:CornifersMapStart","HollowMod:CycloneSlash","HollowMod:SlysStrikes+1","HollowMod:CloakDash","HollowMod:VengefulSpirit","Hallownest:skillCityofTearsMap","HollowMod:QuirrelsAssistance","HollowMod:HowlingWraiths+1","HollowMod:DungDefenderAura+1","Hallownest:attackMasterCycloneSlash","Doubt","HollowMod:HowlingWraiths","HollowMod:SoulShaman","HollowMod:Hiveblood","Madness","Madness"],"relics":["HollowMod:VesselMask","Hallownest:BankAccountRelic","Oddly Smooth Stone","Bronze Scales","Sling","Mango","Bottled Tornado","Anchor","Hallownest:DreamNailRelic","Empty Cage","StoneCalendar","HollowMod:MillibellesNoteRelic","HollowMod:PaleOreRelic","Sundial","RedLine:ReiMu"],"acts_visited":[],"potions_floor_usage":[],"damage_taken":[{"damage":1.0,"enemies":"Hallownest:monsterHuskWarrior","floor":52.0,"turns":3.0},{"damage":48.0,"enemies":"Hallownest:eliteMossKnight","floor":54.0,"turns":15.0},{"damage":5.0,"enemies":"Hallownest:eliteMossKnight","floor":57.0,"turns":5.0},{"damage":6.0,"enemies":"Hallownest:2_MossCreeps","floor":58.0,"turns":4.0},{"damage":0.0,"enemies":"Hallownest:monsterHuskGuard","floor":61.0,"turns":3.0},{"damage":2.0,"enemies":"Hallownest:1_Ooma_and_2_Uuma","floor":63.0,"turns":6.0},{"damage":0.0,"enemies":"Hallownest:Wandering_and_Horned","floor":64.0,"turns":3.0},{"damage":0.0,"enemies":"Hallownest:2_Tiktiks_1_Baldur_1_Crawlid","floor":65.0,"turns":4.0},{"damage":26.0,"enemies":"Hallownest:BossBrokenVessel","floor":67.0,"turns":11.0},{"damage":16.0,"enemies":"Hallownest:2_Mistakes","floor":69.0,"turns":9.0},{"damage":10.0,"enemies":"Hallownest:3_Youths","floor":73.0,"turns":6.0},{"damage":30.0,"enemies":"Hallownest:eliteWatcherKnight","floor":74.0,"turns":9.0},{"damage":9.0,"enemies":"Hallownest:2_Husk_Sentries","floor":75.0,"turns":6.0},{"damage":0.0,"enemies":"Hallownest:3_Mistakes","floor":81.0,"turns":6.0},{"damage":1.0,"enemies":"Hallownest:Warrior_and_Youth","floor":82.0,"turns":3.0},{"damage":33.0,"enemies":"Hallownest:BossSoulMaster","floor":84.0,"turns":11.0},{"damage":3.0,"enemies":"3 Shapes","floor":86.0,"turns":3.0},{"damage":10.0,"enemies":"3 Darklings","floor":88.0,"turns":4.0},{"damage":77,"enemies":"Transient","floor":90,"turns":5}],"seed_played":"-1766939169667101169","potions_obtained":[{"floor":54.0,"key":"DuplicationPotion"},{"floor":57.0,"key":"Weak Potion"},{"floor":58.0,"key":"GamblersBrew"},{"floor":65.0,"key":"EssenceOfSteel"},{"floor":75.0,"key":"DistilledChaos"},{"floor":81.0,"key":"Strength Potion"},{"floor":82.0,"key":"SmokeBomb"},{"floor":84.0,"key":"Dexterity Potion"},{"floor":86.0,"key":"ZuzhouPotion:ReiMu"}],"is_trial":false,"path_per_floor":["M","?","?","?","$","E","M","R","T","M","?","M","M","M","R","B",null,"M","$","?","?","M","E","M","?","T","R","?","R","M","M","R","B",null,"M","?","M","?","M"],"character_chosen":"THE_BUGKNIGHT","items_purchased":["Bronze Scales","Sling","Mango","HollowMod:SoulVessel","HollowMod:VengefulSpirit","StoneCalendar"],"campfire_rested":1,"item_purchase_floors":[56,56,56,56,70,70],"current_hp_per_floor":[68,67,67,25,25,39,34,34,34,34,40,40,38,38,38,68,48,102,86,86,86,86,76,46,47,47,47,47,47,47,47,46,46,19,102,99,99,89,76,11,11],"gold":272,"neow_bonus":"THREE_RARE_CARDS","is_daily":false,"chose_seed":false,"campfire_upgraded":4,"win_rate":0.0,"timestamp":1608732007,"path_taken":["M","?","?","?","$","E","M","R","T","M","?","M","?","M","R","BOSS","M","$","?","?","?","E","M","?","T","R","?","R","M","M","R","BOSS","M","?","M","?","M"],"items_purchased_type":["Relic","Relic","Relic","Card","Card","Relic"],"build_version":"2020-12-22","purchased_purges":2,"victory":false,"max_hp_per_floor":[88,88,88,88,88,102,102,102,102,102,102,102,102,102,102,102,102,102,102,102,102,102,102,102,102,102,102,102,102,102,102,102,102,102,102,102,102,102,102,102,102],"card_choices":[{"not_picked":["HollowMod:MidwifesHunger","HollowMod:ZotesMagnificence"],"picked":"HollowMod:AwokenDreamNail","floor":0.0},{"not_picked":["HollowMod:InfectedCysts","HollowMod:VengefulVoid"],"picked":"HollowMod:DoubleDash","floor":52.0},{"not_picked":["HollowMod:WraithStrike","HollowMod:LordofShades"],"picked":"HollowMod:SoulStrike","floor":54.0},{"not_picked":["HollowMod:DescendingDark","HollowMod:GrimmsGift"],"picked":"HollowMod:FastStrike","floor":57.0},{"not_picked":["HollowMod:SiblingsSouls","HollowMod:ChannelNail"],"picked":"HollowMod:DoubleDash","floor":58.0},{"not_picked":["HollowMod:LifebloodCocoon","HollowMod:MawleksShell","HollowMod:WraithStrike"],"picked":"SKIP","floor":61.0},{"not_picked":["HollowMod:GoodIntentions","HollowMod:HeavyBlow"],"picked":"HollowMod:SoulSplash","floor":63.0},{"not_picked":["HollowMod:LifebloodCocoon","HollowMod:ShadowDash"],"picked":"HollowMod:CornifersMapStart","floor":64.0},{"not_picked":["HollowMod:GoodIntentions","HollowMod:DashSlash"],"picked":"HollowMod:CycloneSlash","floor":65.0},{"not_picked":["HollowMod:AwokenDreamNail","HollowMod:ZotesMagnificence"],"picked":"HollowMod:SlysStrikes","floor":67.0},{"not_picked":["HollowMod:InfectedCysts","HollowMod:CrystalDash"],"picked":"HollowMod:CloakDash","floor":69.0},{"not_picked":["HollowMod:NewLittleFool","HollowMod:CornifersMapStart"],"picked":"HollowMod:QuirrelsAssistance","floor":73.0},{"not_picked":["HollowMod:HeavyBlow","HollowMod:ElderbugsWisdom"],"picked":"HollowMod:HowlingWraiths+1","floor":74.0},{"not_picked":["HollowMod:VengefulVoid","HollowMod:SoulSplash"],"picked":"HollowMod:DungDefenderAura+1","floor":75.0},{"not_picked":["HollowMod:SoulSplash","HollowMod:CloakDash"],"picked":"HollowMod:HowlingWraiths","floor":81.0},{"not_picked":["HollowMod:GoodIntentions","HollowMod:CycloneSlash"],"picked":"HollowMod:SoulShaman","floor":82.0},{"not_picked":["HollowMod:LifebloodCore","HollowMod:ElderbugsWisdom"],"picked":"HollowMod:Hiveblood","floor":84.0},{"not_picked":["HollowMod:WraithStrike+1","HollowMod:SharpenedNail","HollowMod:MantisMark"],"picked":"SKIP","floor":86.0},{"not_picked":["HollowMod:SiblingsSouls+1","HollowMod:CornifersMapStart+1","HollowMod:SoulStrike"],"picked":"SKIP","floor":88.0}],"player_experience":516304,"relics_obtained":[{"floor":54.0,"key":"Oddly Smooth Stone"},{"floor":57.0,"key":"Bottled Tornado"},{"floor":60.0,"key":"Anchor"},{"floor":74.0,"key":"HollowMod:MillibellesNoteRelic"},{"floor":77.0,"key":"HollowMod:PaleOreRelic"}],"event_choices":[{"damage_healed":0.0,"max_hp_gain":0.0,"max_hp_loss":0.0,"gold_gain":0.0,"event_name":"Tomb of Lord Red Mask","player_choice":"Ignored","floor":87.0,"gold_loss":0.0,"damage_taken":0.0},{"damage_healed":0,"gold_gain":0,"player_choice":"Embrace Madness","damage_taken":13,"max_hp_gain":0,"max_hp_loss":0,"event_name":"Winding Halls","floor":89,"gold_loss":0,"cards_obtained":["Madness","Madness"]}],"is_beta":false,"boss_relics":[{"not_picked":["HollowMod:VoidIdolRelic","Runic Dome"],"picked":"Empty Cage"},{"not_picked":["Runic Pyramid","Pandora\u0027s Box"],"picked":"RedLine:ReiMu"}],"items_purged_floors":[56,70],"is_endless":false,"potions_floor_spawned":[54,57,58,65,75,81,82,84,86],"killed_by":"Transient","ascension_level":0}}