{"host":"mq7pyadb5kndcn8l","time":1608687719,"event":{"mods":["AchievementEnabler","Aspiration","BaseMod","Better Altar","Better Match","Better Note","Better Sensory Stone","Better Skull","Better Third Choice","BetterRewards","Block Reminder","CCEM","Challenge The Spire","ChefMod","Colored Map","Colored Powertips","Conspire","Defuse TimeMaze Blight","Dio Mod","Displayed Cursed Tome","Dota2Spire","Duelist Mod","Energized Spire","Friendly Minions","GifTheSpireLib","Gremlin Skip","Highlight Path","Hubris","Ironclad Rager","Jedi Mod","Mad Scientist","Marked Mod","Mimic Mod","Minty Spire (QoL Compilation)","Permanent Neow","QueenMod","Quick Restart","Random Character Button","Rare Cards Sparkle","Relic Filter","Relic Sorter","Replay The Spire","Reworked Bosses","Shade Mod","Shop Mod","Spicy Shops","Spikes Relics","StSLib","Stuff the Spire","SuperFastMode","The Blue Laboratory","The Death Knight","The Exalted","The Necromancer","The Poker Player","TheBandit","Thieving Mod","Thrall Mod","Trackpad","Transform Curses","Unceasing Turn Reminder","Wandering Minibosses","vexMod"],"gold_per_floor":[112,112,125,141,141,172,13,13,13,32,62,15,32,32,32,108,108,126,142,142,162,162,162,192,192,192,217,63,97,47,74,74,150,150,160,175,53,58,70,74,87,103,103,138,138,155,187,187,187,187],"floor_reached":51,"playtime":3519,"items_purged":["Shade:CarefulCut","Shade:Strike_Shade","Shade:Strike_Shade","Shade:Strike_Shade","theDuelist:CurseAging"],"score":2444,"play_id":"e6d47888-e9ca-421d-acce-dbe45ab44990","local_time":"20201222204159","is_ascension_mode":true,"campfire_choices":[{"data":"Summon_Undead","floor":8,"key":"SMITH"},{"data":"Shade:CallOfTheGrave","floor":23,"key":"SMITH"},{"data":"Shade:FleshLikeOak","floor":25,"key":"SMITH"},{"data":"Spectral_Walk","floor":32,"key":"SMITH"},{"data":"Parasite","floor":49,"key":"PURGE"}],"circlet_count":0,"master_deck":["AscendersBane","Shade:Defend_Shade","Shade:Defend_Shade","Shade:Defend_Shade","Shade:Defend_Shade","Shade:AnimateDead+1","Shade:Brains+1","Shade:AblativeArmor+1","Shade:GraveStillness+1","Shade:Carnophage+1","Summon_Undead+1","Shade:CallOfTheGrave+1","Shade:OpenGraves+1","Summon_Death_Knight+1","Shade:SensePrey+1","Shade:FleshLikeOak+1","Spectral_Walk+1","Shade:UnbarTheGrave+1","conspire:Banana+1","Shade:AuraOfUnlife+1","Shade:OpenGraves","Summon_Undead","AscendersBane","Shade:Defend_Shade","Shade:Defend_Shade","Shade:Defend_Shade","Shade:Defend_Shade","Shade:AnimateDead+1","Shade:Brains+1","Shade:AblativeArmor+1","Shade:GraveStillness+1","Shade:Carnophage+1","Summon_Undead+1","Shade:CallOfTheGrave+1","Shade:OpenGraves+1","Summon_Death_Knight+1","Shade:SensePrey+1","Shade:FleshLikeOak+1","Spectral_Walk+1","Shade:UnbarTheGrave+1","conspire:Banana+1","Shade:AuraOfUnlife+1","Parasite","Shade:OpenGraves","Summon_Undead"],"relics":["Shade:YorickSkull","Dota2Spire:UrnOfShadows","Dota2Spire:EyeOfSkadi","trackpad:FieryHotPepper","conspire:TreasureMap","MerchantsRug","vexMod:PlasmaPancake","CCEMRelics:Sandal","vexMod:GhostlyGear","vexMod:InvisibilityCloak","hubris:DisguiseKit","aspiration:ChemicalBlood","Golden Egg","Bag of Preparation","Dota2Spire:ArcaneBoots","vexMod:DeviousBotling","vexMod:MemoryStick","conspire:BottledYoYo","Runic Dome","jedi:Pinwheel","Dota2Spire:PowerTreads","Art of War","CCEMRelics:DerglesHeadphones"],"acts_visited":["Exordium","TheCity","TheBeyond"],"potions_floor_usage":[11,24],"damage_taken":[{"damage":0,"enemies":"Small Slimes","floor":1,"turns":3},{"damage":0,"enemies":"2 Louse","floor":3,"turns":2},{"damage":0,"enemies":"Cultist","floor":4,"turns":4},{"damage":2,"enemies":"3 Sentries","floor":6,"turns":6},{"damage":0,"enemies":"3 Louse","floor":10,"turns":1},{"damage":35,"enemies":"Gremlin Nob","floor":11,"turns":5},{"damage":2,"enemies":"Looter","floor":13,"turns":3},{"damage":0,"enemies":"Hexaghost","floor":16,"turns":8},{"damage":0,"enemies":"2 Thieves","floor":18,"turns":4},{"damage":1,"enemies":"Spheric Guardian","floor":19,"turns":4},{"damage":0,"enemies":"Cultist and Chosen","floor":21,"turns":4},{"damage":0,"enemies":"conspire:SneckoGhost","floor":24,"turns":6},{"damage":0,"enemies":"theDuelist:KaibaA2","floor":27,"turns":6},{"damage":0,"enemies":"Book of Stabbing","floor":29,"turns":6},{"damage":0,"enemies":"Gremlin Leader","floor":31,"turns":6},{"damage":0,"enemies":"bossMod:newCollector","floor":33,"turns":9},{"damage":0,"enemies":"Orb Walker","floor":35,"turns":4},{"damage":0,"enemies":"3 Darklings","floor":36,"turns":3},{"damage":0,"enemies":"Writhing Mass","floor":38,"turns":5},{"damage":0,"enemies":"4 Shapes","floor":39,"turns":2},{"damage":0,"enemies":"Giant Head","floor":40,"turns":8},{"damage":0,"enemies":"Spire Growth","floor":41,"turns":5},{"damage":0,"enemies":"Sphere and 2 Shapes","floor":42,"turns":4},{"damage":11,"enemies":"Reptomancer","floor":44,"turns":6},{"damage":0,"enemies":"Jaw Worm Horde","floor":46,"turns":3},{"damage":0,"enemies":"Nemesis","floor":47,"turns":7},{"damage":0,"enemies":"conspire:OrnateMirror","floor":50,"turns":8}],"seed_played":"-3191755087168915087","potions_obtained":[{"floor":6,"key":"blueLaboratory:NullPotion"},{"floor":10,"key":"Adrenaline Potion"},{"floor":16,"key":"Adrenaline Potion"},{"floor":21,"key":"blueLaboratory:FruitPunch"},{"floor":27,"key":"LiquidBronze"},{"floor":35,"key":"Adrenaline Potion"}],"is_trial":false,"path_per_floor":["M","?","M","M","?","E","$","R","T","M","E","$","M","?","R_BF","B",null,"M","M","?","M","?","R","E","R","T","E","$","E","?","E","R","B",null,"M","M","$","M","M","E","M","M","T","E","?","M","E","?","R_BF","B",null],"character_chosen":"SHADE","items_purchased":["Shade:Brains","Shade:StitchTogether","trackpad:FieryHotPepper","conspire:TreasureMap","MerchantsRug","Lee\u0027s Waffle","Shade:AblativeArmor","Shade:GraveStillness+1","vexMod:PlasmaPancake","Guide Book","CCEMRelics:Sandal","vexMod:GhostlyGear","Shade:Carnophage","vexMod:InvisibilityCloak","Shade:OpenGraves","Dota2Spire:UrnOfShadows","conspire:Banana","Shade:AuraOfUnlife"],"campfire_rested":0,"item_purchase_floors":[0,0,0,0,0,0,0,0,0,0,0,0,0,0,12,28,37,37],"current_hp_per_floor":[68,68,68,68,68,66,66,66,66,66,31,31,29,25,45,45,62,62,61,61,61,31,31,33,33,33,33,33,39,39,44,44,44,67,67,73,73,77,79,81,83,85,85,85,85,87,91,91,88,92],"gold":187,"neow_bonus":"","is_daily":false,"chose_seed":false,"campfire_upgraded":4,"win_rate":0.0,"timestamp":1608687719,"path_taken":["M","?","M","M","?","E","$","R","T","?","E","$","M","?","R_BF","BOSS","M","M","?","?","?","R","E","R","T","E","?","E","?","E","R","BOSS","M","M","$","M","M","E","M","?","T","E","?","?","E","?","R_BF","BOSS"],"items_purchased_type":["Card","Card","Relic","Relic","Relic","Relic","Card","Card","Relic","Relic","Relic","Relic","Card","Relic","Card","Relic","Card","Card"],"build_version":"2020-12-13","purchased_purges":5,"victory":true,"max_hp_per_floor":[68,68,68,68,68,68,68,68,68,68,68,68,68,68,68,68,68,68,68,68,68,68,68,70,70,70,70,70,70,70,75,75,75,75,75,75,75,77,79,81,83,85,85,87,87,87,91,91,88,92],"card_choices":[{"not_picked":["Shade:SpontaneousRitual","Shade:GreyBargain","Shade:BoneShards"],"picked":"SKIP","floor":1},{"not_picked":["Shade:SpectralStrikes","Shade:Frenzy","Shade:Excise"],"picked":"Summon_Undead","floor":3},{"not_picked":["Shade:Frenzy","Shade:GraveStillness","Shade:BoneShards","Negative_Energy_Sphere"],"picked":"SKIP","floor":4},{"not_picked":["Shade:SanguineRitual","Shade:CoffinDance","Shade:Frenzy","Toxic_Smoke_Screen"],"picked":"SKIP","floor":6},{"not_picked":["Shade:RitualOffering","Shade:FingerOfDeath","Spectral_Armor"],"picked":"Shade:CallOfTheGrave","floor":10},{"not_picked":["Shade:FreshBones","Shade:FleshToFlesh","Shade:FeralStrike","Skeleton_Dragon"],"picked":"SKIP","floor":11},{"not_picked":["Shade:ScuttlingHand","Shade:Doomsay","Shade:Frenzy","Negative_Energy_Javelin"],"picked":"SKIP","floor":13},{"not_picked":["Shade:GreaterAnimation","Shade:OminousRitual","Shade:LastGasp"],"picked":"Summon_Death_Knight","floor":16},{"not_picked":["Shade:FreshBones","Shade:Trample","Shade:SpectralStrikes","Blood_Curse"],"picked":"SKIP","floor":18},{"not_picked":["Shade:PotionOfRestlessness+1","Shade:ClawBack","Death_March_Dance"],"picked":"Shade:SensePrey","floor":19},{"not_picked":["Shade:FleshLikeOak","Shade:Frenzy","Shade:Excise","Blood_Whip"],"picked":"SKIP","floor":21},{"not_picked":["Shade:Frenzy","Shade:Excise","Blood_Whip"],"picked":"Shade:FleshLikeOak","floor":21},{"not_picked":["Shade:FleshOffering","Shade:FleshToFlesh+1","Shade:SpontaneousRitual","Chill_Blood"],"picked":"SKIP","floor":24},{"not_picked":["Shade:CoffinDance","Shade:ClawBack","Shade:PotionOfRestlessness","Chill_Blood"],"picked":"SKIP","floor":27},{"not_picked":["Shade:CommandSoldier","Shade:GoDigging","Shade:WallOfFlesh","Exploit"],"picked":"SKIP","floor":29},{"not_picked":["Shade:FeralStrike","Shade:FuneraryArmor","Shade:FleshOffering+1"],"picked":"Spectral_Walk","floor":31},{"not_picked":["Shade:Consume","Shade:GreaterAnimation","Detonate_Bones"],"picked":"Shade:UnbarTheGrave","floor":33},{"not_picked":["Shade:SpontaneousRitual+1","Shade:Premonition","Shade:TouchOfTheGrave","Negative_Energy_Shield"],"picked":"SKIP","floor":35},{"not_picked":["Shade:CommandSoldier+1","Shade:Premonition","Shade:AblativeArmor","Life_Tap"],"picked":"SKIP","floor":36},{"not_picked":["Shade:Carnophage","Shade:ExtraLimbs","Pandemic"],"picked":"Shade:OpenGraves","floor":38},{"not_picked":["Shade:Patience","Shade:BoneShards","Shade:Asphyxiate","Bone_Armor"],"picked":"SKIP","floor":39},{"not_picked":["Shade:BoneShards","Shade:SkeletonArmy","Shade:FingerOfDeath+1","Blood_Magic"],"picked":"SKIP","floor":40},{"not_picked":["Shade:Bonestorm","Shade:FuneraryArmor","Shade:FleshToFlesh"],"picked":"Summon_Undead","floor":41},{"not_picked":["Shade:Patience+1","Shade:Consume","Shade:SkeletonHug","Bone_Spikes"],"picked":"SKIP","floor":42},{"not_picked":["Shade:FleshToFlesh","Shade:ExtraLimbs","Shade:CallOfTheGrave","Death_Knell"],"picked":"SKIP","floor":44},{"not_picked":["Shade:Brains+1","Shade:LyeBath","Shade:GreyBargain","Death_Knell"],"picked":"SKIP","floor":46},{"not_picked":["Shade:GreyBargain","Shade:RitualOffering+1","Shade:Brains","Summon_Undead_Army"],"picked":"SKIP","floor":47}],"player_experience":891319,"relics_obtained":[{"floor":6,"key":"Golden Egg"},{"floor":9,"key":"Bag of Preparation"},{"floor":11,"key":"Dota2Spire:ArcaneBoots"},{"floor":24,"key":"vexMod:MemoryStick"},{"floor":27,"key":"conspire:BottledYoYo"},{"floor":29,"key":"ReplayTheSpireMod:TigerMarble"},{"floor":31,"key":"Dota2Spire:EyeOfSkadi"},{"floor":40,"key":"jedi:Pinwheel"},{"floor":43,"key":"Dota2Spire:PowerTreads"},{"floor":44,"key":"Art of War"},{"floor":47,"key":"CCEMRelics:DerglesHeadphones"}],"event_choices":[{"cards_removed":["Shade:StitchTogether"],"damage_healed":0,"gold_gain":0,"player_choice":"Gave Card","damage_taken":0,"relics_obtained":["aspiration:ChemicalBlood"],"max_hp_gain":0,"max_hp_loss":0,"event_name":"WeMeetAgain","floor":5,"gold_loss":0},{"damage_healed":0,"gold_gain":0,"player_choice":"Leave","damage_taken":0,"max_hp_gain":0,"max_hp_loss":0,"event_name":"conspire:Investor","floor":14,"gold_loss":0},{"cards_removed":["Shade:Strike_Shade"],"damage_healed":0,"gold_gain":0,"player_choice":"Offered Basic","damage_taken":0,"max_hp_gain":0,"max_hp_loss":0,"event_name":"Bonfire Elementals","floor":20,"gold_loss":0},{"damage_healed":0,"gold_gain":0,"player_choice":"Bet on Owner","damage_taken":0,"max_hp_gain":0,"max_hp_loss":0,"event_name":"The Joust","floor":30,"gold_loss":50}],"is_beta":false,"boss_relics":[{"not_picked":["aspiration:PoetsPen_weak","trackpad:StolenKidneys"],"picked":"vexMod:DeviousBotling"},{"not_picked":["energizedSpire:HugeHouse","aspiration:PoetsPen"],"picked":"Runic Dome"}],"items_purged_floors":[0,0,0,0,7],"is_endless":false,"potions_floor_spawned":[6,10,16,21,27,33,35,39,42,44],"ascension_level":15}}