{"host":"duxoyu97j36znyap","time":1608724101,"event":{"mods":["AlwaysNeverKeys","BaseMod","BetterRewards","Colored Map","DeckTracker","Googly Eyes","Minty Spire (QoL Compilation)","Permanent Neow","Rare Cards Sparkle","Relic Stats"],"gold_per_floor":[119,119,119,132,157,157,193,193,193,193,236,252,252,252,252,383,383,403,403,403,443,443,479,500,543,543,543,557,592,592,610,610,729,729,748,748,748,748,766,232,263,263,289,304,342,342,192,212,212,212,212,212,88,127,127],"floor_reached":56,"playtime":3305,"items_purged":["FlyingSleeves","CarveReality"],"score":1633,"play_id":"509d331c-3d24-47d0-9208-e9fb06c18839","local_time":"20201223064821","is_ascension_mode":true,"campfire_choices":[{"data":"Eruption","floor":6.0,"key":"SMITH"},{"floor":8.0,"key":"REST"},{"data":"SashWhip","floor":10.0,"key":"SMITH"},{"data":"Prostrate","floor":13.0,"key":"SMITH"},{"data":"FlyingSleeves","floor":15.0,"key":"SMITH"},{"floor":32.0,"key":"REST"},{"data":"DevaForm","floor":42.0,"key":"SMITH"},{"data":"Fasting2","floor":46.0,"key":"SMITH"},{"data":"Establishment","floor":49.0,"key":"SMITH"},{"data":"CutThroughFate","floor":52,"key":"SMITH"}],"circlet_count":0,"master_deck":["Eruption+1","Vigilance+1","FlyingSleeves+1","SashWhip+1","CutThroughFate+1","Prostrate+1","Indignation+1","DevaForm+1","LessonLearned+1","WaveOfTheHand+1","Adaptation+1","Nirvana+1","CutThroughFate+1","JustLucky+1","WheelKick+1","Wallop+1","Ragnarok+1","Worship+1","DeusExMachina+1","CrushJoints+1","Evaluate+1","Wallop+1","LikeWater+1","Nirvana+1","SpiritShield+1","Meditate+1","Establishment+1","Fasting2+1","Worship+1","EmptyFist+1","DeusExMachina+1","Ragnarok","WheelKick+1","JustLucky+1"],"relics":["VioletLotus","StoneCalendar","Golden Idol","Thread and Needle","GoldenEye","Toxic Egg 2","Snecko Eye","Potion Belt","Red Mask","Lizard Tail","Bottled Lightning","FossilizedHelix","Vajra","Nilry\u0027s Codex","Mercury Hourglass","Pandora\u0027s Box","PreservedInsect","Ginger","Anchor","Bag of Marbles","StrikeDummy","Bag of Preparation","Sundial","CloakClasp","DollysMirror","Oddly Smooth Stone"],"acts_visited":["TheCity","TheBeyond","TheEnding"],"potions_floor_usage":[50,50,55,55,55],"damage_taken":[{"damage":5.0,"enemies":"Cultist","floor":1.0,"turns":6.0},{"damage":12.0,"enemies":"Jaw Worm","floor":4.0,"turns":5.0},{"damage":0.0,"enemies":"2 Louse","floor":5.0,"turns":3.0},{"damage":16.0,"enemies":"Gremlin Nob","floor":7.0,"turns":3.0},{"damage":8.0,"enemies":"Lagavulin","floor":11.0,"turns":7.0},{"damage":5.0,"enemies":"Blue Slaver","floor":12.0,"turns":5.0},{"damage":0.0,"enemies":"Slime Boss","floor":16.0,"turns":4.0},{"damage":3.0,"enemies":"3 Byrds","floor":18.0,"turns":5.0},{"damage":25.0,"enemies":"Masked Bandits","floor":21.0,"turns":6.0},{"damage":13.0,"enemies":"Book of Stabbing","floor":23.0,"turns":6.0},{"damage":9.0,"enemies":"Chosen","floor":24.0,"turns":5.0},{"damage":7.0,"enemies":"Slavers","floor":25.0,"turns":4.0},{"damage":0.0,"enemies":"Centurion and Healer","floor":28.0,"turns":7.0},{"damage":10.0,"enemies":"Book of Stabbing","floor":29.0,"turns":5.0},{"damage":0.0,"enemies":"Sentry and Sphere","floor":31.0,"turns":2.0},{"damage":14.0,"enemies":"Automaton","floor":33.0,"turns":6.0},{"damage":0.0,"enemies":"Orb Walker","floor":35.0,"turns":3.0},{"damage":20.0,"enemies":"3 Darklings","floor":39.0,"turns":5.0},{"damage":12.0,"enemies":"Reptomancer","floor":41.0,"turns":5.0},{"damage":0.0,"enemies":"4 Shapes","floor":44.0,"turns":5.0},{"damage":0.0,"enemies":"Giant Head","floor":45.0,"turns":5.0},{"damage":0.0,"enemies":"Spire Growth","floor":48.0,"turns":2.0},{"damage":23,"enemies":"Awakened One","floor":50,"turns":9},{"damage":0,"enemies":"Shield and Spear","floor":54,"turns":2},{"damage":8,"enemies":"The Heart","floor":55,"turns":6}],"seed_played":"-821958335800875633","potions_obtained":[{"floor":7.0,"key":"LiquidMemories"},{"floor":12.0,"key":"Weak Potion"},{"floor":16.0,"key":"ColorlessPotion"},{"floor":18.0,"key":"BottledMiracle"},{"floor":24.0,"key":"Explosive Potion"},{"floor":25.0,"key":"EntropicBrew"},{"floor":28.0,"key":"Ambrosia"},{"floor":31.0,"key":"BottledMiracle"},{"floor":39.0,"key":"Ancient Potion"},{"floor":45.0,"key":"PowerPotion"}],"is_trial":false,"path_per_floor":["M","?","?","M","M","R","E","R","T","R","E","M","R","?","R","B",null,"M","?","?","?","T","E","M","E","T","?","M","E","?","M","R","B",null,"M","?","T","?","M","$","E","R","T","M","E","R","$","M","R","B",null,"R","$","E","B",null],"character_chosen":"WATCHER","items_purchased":["Ginger","Fasting2","Worship+1","Bag of Preparation","Ragnarok","Sundial","CloakClasp","DollysMirror","Block Potion","GamblersBrew","AttackPotion"],"campfire_rested":2,"item_purchase_floors":[40,40,40,47,53,53,53,53,53,53,53],"current_hp_per_floor":[67,67,49,37,37,37,21,42,42,42,34,29,29,22,22,22,72,69,56,56,31,31,18,9,2,2,25,25,15,15,15,38,24,77,77,73,73,73,53,53,41,41,41,41,41,41,41,41,41,18,73,73,73,73,65],"gold":127,"neow_bonus":"BOSS_RELIC","is_daily":false,"chose_seed":false,"campfire_upgraded":8,"win_rate":0.0,"timestamp":1608724101,"path_taken":["M","?","?","M","M","R","E","R","T","R","E","M","R","?","R","BOSS","M","?","?","?","?","E","M","E","T","?","M","E","?","M","R","BOSS","M","?","?","?","M","$","E","R","T","?","E","R","$","M","R","BOSS","R","$","E","BOSS"],"items_purchased_type":["Relic","Card","Card","Relic","Card","Relic","Relic","Relic","Potion","Potion","Potion"],"build_version":"2020-12-22","purchased_purges":2,"victory":true,"max_hp_per_floor":[72,72,72,72,72,72,72,72,72,72,72,72,72,72,72,72,72,72,77,77,77,77,77,77,77,77,77,77,77,77,77,77,77,77,77,73,73,73,73,73,73,73,73,73,73,73,73,73,73,73,73,73,73,73,73],"relic_stats":{"counters":[25,121],"Golden Idol":210,"StoneCalendar":[71],"PreservedInsect":253,"Bag of Preparation":[7],"CloakClasp":[28],"Ginger":[4],"GoldenEye":[59],"Mercury Hourglass":[224],"Lizard Tail":38,"Sundial":[0],"Snecko Eye":[166,176,155,163],"Pandora\u0027s Box":["FlyingSleeves","CrushJoints","Evaluate","Wallop","CarveReality","LikeWater","Nirvana","SpiritShield"],"VioletLotus":[30],"obtain_stats":[{"Nilry\u0027s Codex":27,"Vajra":26,"StoneCalendar":2,"Bag of Preparation":47,"CloakClasp":53,"Ginger":40,"Lizard Tail":22,"Sundial":53,"DollysMirror":53,"VioletLotus":0,"Red Mask":21,"Toxic Egg 2":11,"Potion Belt":20,"Golden Idol":3,"Oddly Smooth Stone":54,"Thread and Needle":7,"PreservedInsect":37,"GoldenEye":9,"Mercury Hourglass":29,"Anchor":41,"Snecko Eye":17,"Pandora\u0027s Box":34,"Bag of Marbles":43,"Bottled Lightning":23,"PureWater":0,"StrikeDummy":45,"FossilizedHelix":25},{"Nilry\u0027s Codex":12,"Vajra":12,"StoneCalendar":1,"Bag of Preparation":21,"CloakClasp":23,"Ginger":18,"Lizard Tail":9,"Sundial":23,"DollysMirror":23,"VioletLotus":0,"Red Mask":9,"Toxic Egg 2":5,"Potion Belt":8,"Golden Idol":1,"Oddly Smooth Stone":24,"Thread and Needle":4,"PreservedInsect":17,"GoldenEye":4,"Mercury Hourglass":14,"Anchor":19,"Snecko Eye":7,"Pandora\u0027s Box":16,"Bag of Marbles":19,"Bottled Lightning":10,"PureWater":0,"StrikeDummy":21,"FossilizedHelix":12},{"Nilry\u0027s Codex":59,"Vajra":59,"StoneCalendar":6,"Bag of Preparation":102,"CloakClasp":113,"Ginger":87,"Lizard Tail":44,"Sundial":113,"DollysMirror":113,"VioletLotus":0,"Red Mask":44,"Toxic Egg 2":24,"Potion Belt":38,"Golden Idol":6,"Oddly Smooth Stone":115,"Thread and Needle":17,"PreservedInsect":82,"GoldenEye":17,"Mercury Hourglass":71,"Anchor":92,"Snecko Eye":33,"Pandora\u0027s Box":79,"Bag of Marbles":92,"Bottled Lightning":50,"PureWater":0,"StrikeDummy":102,"FossilizedHelix":59}]},"card_choices":[{"not_picked":["Consecrate","ClearTheMind"],"picked":"FlyingSleeves","floor":1.0},{"not_picked":["PathToVictory","FlyingSleeves"],"picked":"SashWhip","floor":4.0},{"not_picked":["CarveReality","EmptyFist"],"picked":"CutThroughFate","floor":5.0},{"not_picked":["CutThroughFate","SpiritShield"],"picked":"Prostrate","floor":7.0},{"not_picked":["FlyingSleeves","SashWhip"],"picked":"Indignation+1","floor":11.0},{"not_picked":["Meditate+1","SignatureMove"],"picked":"DevaForm","floor":12.0},{"not_picked":["SpiritShield+1","Omniscience+1"],"picked":"LessonLearned","floor":16.0},{"not_picked":["Vengeance+1","CutThroughFate"],"picked":"WaveOfTheHand+1","floor":18.0},{"not_picked":["ClearTheMind+1","CrushJoints+1"],"picked":"Adaptation","floor":21.0},{"not_picked":["CutThroughFate","Crescendo+1"],"picked":"Nirvana","floor":23.0},{"not_picked":["Study","Sanctity+1"],"picked":"CutThroughFate","floor":24.0},{"not_picked":["LikeWater","Swivel+1"],"picked":"JustLucky+1","floor":25.0},{"not_picked":["EmptyFist+1","WindmillStrike+1"],"picked":"WheelKick","floor":28.0},{"not_picked":["BowlingBash","DeceiveReality+1"],"picked":"Wallop","floor":29.0},{"not_picked":["Omniscience+1","EmptyFist"],"picked":"Worship+1","floor":31.0},{"not_picked":["LessonLearned","Brilliance"],"picked":"DeusExMachina+1","floor":33.0},{"not_picked":["PathToVictory+1","FollowUp+1"],"picked":"Meditate+1","floor":35.0},{"not_picked":["FlurryOfBlows","Weave","BowlingBash+1"],"picked":"SKIP","floor":39.0},{"not_picked":["FlurryOfBlows","ClearTheMind+1","ReachHeaven"],"picked":"SKIP","floor":41.0},{"not_picked":["CutThroughFate","Nirvana"],"picked":"EmptyFist+1","floor":44.0},{"not_picked":["EmptyBody+1","Wallop+1"],"picked":"DeusExMachina+1","floor":45.0},{"not_picked":["CrushJoints","Evaluate+1","FlurryOfBlows+1"],"picked":"SKIP","floor":48.0},{"not_picked":["Evaluate+1","FlyingSleeves+1"],"picked":"JustLucky+1","floor":54}],"player_experience":541803,"relics_obtained":[{"floor":7.0,"key":"Thread and Needle"},{"floor":9.0,"key":"GoldenEye"},{"floor":11.0,"key":"Toxic Egg 2"},{"floor":21.0,"key":"Red Mask"},{"floor":22.0,"key":"Lizard Tail"},{"floor":23.0,"key":"Bottled Lightning"},{"floor":25.0,"key":"FossilizedHelix"},{"floor":26.0,"key":"Vajra"},{"floor":27.0,"key":"Nilry\u0027s Codex"},{"floor":29.0,"key":"Mercury Hourglass"},{"floor":37.0,"key":"PreservedInsect"},{"floor":41.0,"key":"Anchor"},{"floor":43.0,"key":"Bag of Marbles"},{"floor":45.0,"key":"StrikeDummy"},{"floor":54,"key":"Oddly Smooth Stone"}],"event_choices":[{"damage_healed":0.0,"max_hp_gain":0.0,"max_hp_loss":0.0,"gold_gain":0.0,"event_name":"Big Fish","player_choice":"Box","floor":2.0,"gold_loss":0.0,"damage_taken":0.0,"relics_obtained":["StoneCalendar"],"cards_obtained":["Regret"]},{"damage_healed":0.0,"max_hp_gain":0.0,"max_hp_loss":0.0,"gold_gain":0.0,"event_name":"Golden Idol","player_choice":"Take Damage","floor":3.0,"gold_loss":0.0,"damage_taken":18.0,"relics_obtained":["Golden Idol"]},{"cards_removed":["Regret"],"damage_healed":0.0,"max_hp_gain":0.0,"max_hp_loss":0.0,"gold_gain":0.0,"event_name":"Golden Wing","player_choice":"Card Removal","floor":14.0,"gold_loss":0.0,"damage_taken":7.0},{"damage_healed":0.0,"max_hp_gain":5.0,"max_hp_loss":0.0,"gold_gain":0.0,"event_name":"Forgotten Altar","player_choice":"Shed Blood","floor":19.0,"gold_loss":0.0,"damage_taken":18.0},{"damage_healed":0.0,"max_hp_gain":0.0,"max_hp_loss":0.0,"gold_gain":0.0,"event_name":"The Mausoleum","player_choice":"Opened","floor":20.0,"gold_loss":0.0,"damage_taken":0.0,"relics_obtained":["Potion Belt"]},{"damage_healed":0.0,"max_hp_gain":0.0,"max_hp_loss":0.0,"gold_gain":0.0,"event_name":"Masked Bandits","player_choice":"Fought Bandits","floor":21.0,"gold_loss":0.0,"damage_taken":0.0},{"damage_healed":0.0,"max_hp_gain":0.0,"max_hp_loss":0.0,"gold_gain":0.0,"event_name":"Cursed Tome","player_choice":"Obtained Book","floor":27.0,"gold_loss":0.0,"damage_taken":16.0},{"damage_healed":0.0,"max_hp_gain":0.0,"max_hp_loss":0.0,"gold_gain":0.0,"event_name":"The Library","player_choice":"Read","floor":30.0,"gold_loss":0.0,"damage_taken":0.0,"cards_obtained":["Ragnarok"]},{"damage_healed":0.0,"max_hp_gain":0.0,"max_hp_loss":4.0,"gold_gain":0.0,"event_name":"Winding Halls","player_choice":"Max HP","floor":36.0,"gold_loss":0.0,"damage_taken":0.0},{"damage_healed":0.0,"max_hp_gain":0.0,"max_hp_loss":0.0,"gold_gain":0.0,"event_name":"Match and Keep!","player_choice":"1 cards matched","floor":38.0,"gold_loss":0.0,"damage_taken":0.0,"cards_obtained":["Establishment"]}],"is_beta":false,"boss_relics":[{"not_picked":["SacredBark","Velvet Choker"],"picked":"Snecko Eye"},{"not_picked":["Black Star","Fusion Hammer"],"picked":"Pandora\u0027s Box"}],"items_purged_floors":[40,53],"is_endless":false,"potions_floor_spawned":[7,12,16,18,24,25,28,31,39,45],"ascension_level":4}}