{"host":"9rxgn077cyjlend4","time":1608747741,"event":{"mods":["BaseMod","Minty Spire (QoL Compilation)","StSLib"],"gold_per_floor":[118,136,136,150,150,178,26,26,52,84,95,109,109,109,109],"floor_reached":14,"playtime":393,"items_purged":[],"score":175,"play_id":"a7263436-b254-4e5c-8ac8-4ad4e27e60ce","local_time":"20201223182221","is_ascension_mode":true,"campfire_choices":[{"data":"Poisoned Stab","floor":8.0,"key":"SMITH"}],"circlet_count":0,"master_deck":["AscendersBane","Strike_G","Strike_G","Strike_G","Strike_G","Strike_G","Defend_G","Defend_G","Defend_G","Defend_G","Defend_G","Survivor","Neutralize","Poisoned Stab+1","Glass Knife","Backstab"],"relics":["Ring of the Snake","NeowsBlessing","WarpedTongs","Smiling Mask","Sling","Potion Belt","White Beast Statue","Akabeko"],"acts_visited":["Exordium"],"potions_floor_usage":[14,14],"damage_taken":[{"damage":0.0,"enemies":"Jaw Worm","floor":1.0,"turns":1.0},{"damage":0.0,"enemies":"Cultist","floor":2.0,"turns":1.0},{"damage":0.0,"enemies":"2 Louse","floor":4.0,"turns":1.0},{"damage":25.0,"enemies":"Lagavulin","floor":6.0,"turns":10.0},{"damage":16.0,"enemies":"3 Sentries","floor":10.0,"turns":9.0},{"damage":0.0,"enemies":"Gremlin Gang","floor":11.0,"turns":5.0},{"damage":0,"enemies":"Large Slime","floor":12,"turns":5},{"damage":7,"enemies":"Lagavulin","floor":14,"turns":2}],"seed_played":"-2910517671027079574","potions_obtained":[{"floor":6.0,"key":"AttackPotion"},{"floor":11.0,"key":"SteroidPotion"},{"floor":12,"key":"GamblersBrew"}],"is_trial":false,"path_per_floor":["M","M","?","M","?","E","$","R","T","E","M","M","?","E"],"character_chosen":"THE_SILENT","items_purchased":["Sling"],"campfire_rested":0,"item_purchase_floors":[7],"current_hp_per_floor":[59,59,59,59,59,34,34,34,34,18,18,18,7,0,0],"gold":109,"neow_bonus":"THREE_ENEMY_KILL","is_daily":false,"chose_seed":false,"campfire_upgraded":1,"win_rate":0.0,"timestamp":1608747741,"path_taken":["M","M","?","?","?","E","$","R","T","E","M","?","?","E"],"items_purchased_type":["Relic"],"build_version":"2020-12-22","purchased_purges":0,"victory":false,"max_hp_per_floor":[66,66,66,66,66,66,66,66,66,66,66,66,66,66,66],"card_choices":[{"not_picked":["Acrobatics","Outmaneuver","Infinite Blades"],"picked":"SKIP","floor":1.0},{"not_picked":["Prepared","Terror","Cloak And Dagger"],"picked":"SKIP","floor":2.0},{"not_picked":["Slice","Backflip"],"picked":"Poisoned Stab","floor":4.0},{"not_picked":["Blur","Flying Knee","Deflect"],"picked":"SKIP","floor":6.0},{"not_picked":["Backflip","Skewer"],"picked":"Glass Knife","floor":10.0},{"not_picked":["Flying Knee","Deflect","Setup"],"picked":"SKIP","floor":11.0},{"not_picked":["Prepared","Sucker Punch"],"picked":"Backstab","floor":12}],"player_experience":669095,"relics_obtained":[{"floor":6.0,"key":"Smiling Mask"},{"floor":9.0,"key":"Potion Belt"},{"floor":10.0,"key":"White Beast Statue"}],"event_choices":[{"damage_healed":0.0,"max_hp_gain":0.0,"max_hp_loss":0.0,"gold_gain":0.0,"event_name":"Accursed Blacksmith","player_choice":"Rummage","floor":3.0,"gold_loss":0.0,"damage_taken":0.0,"relics_obtained":["WarpedTongs"],"cards_obtained":["Pain"]},{"cards_removed":["Pain"],"damage_healed":0.0,"max_hp_gain":0.0,"max_hp_loss":0.0,"gold_gain":0.0,"event_name":"Fountain of Cleansing","player_choice":"Removed Curses","floor":5.0,"gold_loss":0.0,"damage_taken":0.0},{"damage_healed":0,"gold_gain":0,"player_choice":"Success","damage_taken":11,"relics_obtained":["Akabeko"],"max_hp_gain":0,"max_hp_loss":0,"event_name":"Scrap Ooze","floor":13,"gold_loss":0}],"is_beta":false,"boss_relics":[],"items_purged_floors":[],"is_endless":false,"potions_floor_spawned":[6,11,12],"killed_by":"Lagavulin","ascension_level":15}}