{"host":"580ga1x1z8x1b2ni","time":1608724835,"event":{"mods":["Act Like it!","BaseMod","BetterRewards","Hallownest","Hubris","Minty Spire (QoL Compilation)","Replay The Spire","StSLib","Waifu the Spire","[IsaacMod]ÒÔÈö¼âËþ","vexMod"],"gold_per_floor":[113,113,20,20,20,30,30,63,98,130,142,166,178,221,233,346,458,486,418,430,457,485,497,509,446,446,446,496,513,541,551,551,647,647,664,664,684,684,696,729,746,746,746,804,655,673,689,614,614,614,614,614,489,523,523],"floor_reached":56,"playtime":2983,"items_purged":["Strike_R","Strike_R","Strike_R"],"score":1744,"play_id":"f5e5f8ae-459c-4d2c-bfbe-63767357e6f6","local_time":"20201223200035","is_ascension_mode":true,"campfire_choices":[{"data":"Armaments","floor":7.0,"key":"SMITH"},{"data":"Shockwave","floor":11.0,"key":"SMITH"},{"data":"Entrench","floor":15.0,"key":"SMITH"},{"data":"Barricade","floor":23.0,"key":"SMITH"},{"data":"True Grit","floor":27.0,"key":"SMITH"},{"data":"Hallownest:skillCityofTearsMap","floor":32.0,"key":"SMITH"},{"data":"Offering","floor":42.0,"key":"SMITH"},{"floor":49.0,"key":"RECALL"},{"data":"Burning Pact","floor":52.0,"key":"SMITH"}],"circlet_count":0,"master_deck":["Strike_R","Strike_R","Defend_R+1","Defend_R+1","Defend_R+1","Bash","Armaments+1","Body Slam+1","Entrench+1","Demon Form+1","Bloodletting","Barricade+1","Hallownest:skillCityofTearsMap+1","True Grit+1","ReplayTheSpireMod:Stacked+1","Shrug It Off+1","ReplayTheSpireMod:Stacked","Berserk","Offering+1","Burning Pact+1","Juggernaut","Exhume","Battle Trance+1","Body Slam+1"],"relics":["Burning Blood","HushsDoor","PillsDrop","NeowsBlessing","MawBank","Replay:Wax Seal","Pear","Replay:Rubber Ducky","Magic Flower","Replay:Wanted Poster","vexMod:InvisibilityCloak","Matryoshka","vexMod:BarristanHead","Strawberry","Philosopher\u0027s Stone","Hallownest:HeavyBlowRelic","Blue Doll","AnarchistCookbook","Molten Egg 2","Hallownest:SoulVesselRelic","Replay:Bottled Eggs"],"acts_visited":["Exordium","Hallownest:CityofTears","Hallownest:KingdomsEdge","TheEnding"],"potions_floor_usage":[55],"damage_taken":[{"damage":0.0,"enemies":"Cultist","floor":1.0,"turns":1.0},{"damage":0.0,"enemies":"Jaw Worm","floor":6.0,"turns":1.0},{"damage":0.0,"enemies":"Gremlin Nob","floor":8.0,"turns":1.0},{"damage":40.0,"enemies":"Hiden Room Battle","floor":10.0,"turns":4.0},{"damage":0.0,"enemies":"2 Louse","floor":12.0,"turns":3.0},{"damage":1.0,"enemies":"Lagavulin","floor":14.0,"turns":7.0},{"damage":9.0,"enemies":"Fading Forest","floor":16.0,"turns":11.0},{"damage":8.0,"enemies":"Hallownest:Guard_and_Sentry","floor":18.0,"turns":6.0},{"damage":0.0,"enemies":"Hallownest:Flukemon_and_Top","floor":21.0,"turns":7.0},{"damage":28.0,"enemies":"Hallownest:Master_and_Novice","floor":22.0,"turns":6.0},{"damage":15.0,"enemies":"Hiden Room Battle","floor":28.0,"turns":9.0},{"damage":0.0,"enemies":"Hallownest:2_Flukemon","floor":29.0,"turns":9.0},{"damage":0.0,"enemies":"Hallownest:Nosk","floor":30.0,"turns":6.0},{"damage":3.0,"enemies":"Hallownest:3_Mistakes","floor":31.0,"turns":7.0},{"damage":3.0,"enemies":"Hallownest:BossMantisLord","floor":33.0,"turns":9.0},{"damage":6.0,"enemies":"Hallownest:Shield_Heavy","floor":35.0,"turns":6.0},{"damage":6.0,"enemies":"Hallownest:2_Littles","floor":37.0,"turns":6.0},{"damage":11.0,"enemies":"Hallownest:Xero_Hu_Marmu","floor":39.0,"turns":7.0},{"damage":6.0,"enemies":"Hallownest:StalkingDevout","floor":40.0,"turns":7.0},{"damage":16.0,"enemies":"Hallownest:monsterPrimalAspid","floor":41.0,"turns":5.0},{"damage":12.0,"enemies":"Hallownest:2_Wandering_and_1_Horned","floor":46.0,"turns":6.0},{"damage":15.0,"enemies":"Hallownest:2_Soldiers_and_1_Guardian","floor":47.0,"turns":5.0},{"damage":3.0,"enemies":"Hallownest:Radiance","floor":50.0,"turns":3.0},{"damage":15,"enemies":"Shield and Spear","floor":54,"turns":5},{"damage":70,"enemies":"The Heart","floor":55,"turns":6}],"seed_played":"1883638606413961833","potions_obtained":[{"floor":14.0,"key":"FairyPotion"},{"floor":16.0,"key":"Death Potion"},{"floor":29.0,"key":"Swift Potion"},{"floor":31.0,"key":"Energy Potion"},{"floor":33.0,"key":"SkillPotion"},{"floor":44.0,"key":"DistilledChaos"},{"floor":54,"key":"Weak Potion"}],"is_trial":false,"path_per_floor":["M","?","$","?","$","M","R","E","T","?","R","M","?","E","R","B",null,"M","?","?","M","M","R","?","$","T","R","?","M","E","M","R","B",null,"M","?","M","?","M","E","M","R","T","?","$","M","M","?","R","B",null,"R","$","E","B",null],"character_chosen":"IRONCLAD","items_purchased":["Armaments","Body Slam","Offering","Burning Pact","Juggernaut","Adrenaline Potion"],"campfire_rested":0,"item_purchase_floors":[3,3,34,34,34,45],"current_hp_per_floor":[78,78,78,62,62,68,68,74,74,35,35,41,41,46,46,58,78,79,79,79,88,69,69,69,69,69,69,48,57,73,82,82,91,90,90,90,90,90,91,93,86,86,86,63,63,60,54,54,54,60,85,85,85,79,18],"gold":523,"neow_bonus":"THREE_ENEMY_KILL","is_daily":false,"chose_seed":false,"campfire_upgraded":8,"win_rate":0.0,"timestamp":1608724835,"path_taken":["M","?","$","?","$","M","R","E","T","?","R","M","?","E","R","BOSS","M","?","?","M","?","R","?","$","T","R","?","M","E","M","R","BOSS","M","?","?","?","M","E","?","R","T","?","?","M","?","?","R","BOSS","R","$","E","BOSS"],"items_purchased_type":["Card","Card","Card","Card","Card","Potion"],"build_version":"2020-12-22","purchased_purges":3,"victory":true,"max_hp_per_floor":[80,80,80,80,80,75,75,75,75,85,85,85,85,85,85,85,85,85,85,85,88,88,88,88,88,88,88,88,88,95,98,98,101,90,90,90,90,90,93,93,93,93,93,93,93,93,93,93,93,93,93,93,93,93,93],"card_choices":[{"not_picked":["Pommel Strike","ReplayTheSpireMod:Corrosion Curse","Ghostly Armor"],"picked":"SKIP","floor":1.0},{"not_picked":["Disarm","Sword Boomerang"],"picked":"Shockwave","floor":6.0},{"not_picked":["hubris:ReadiedAction","Run Through","Clash"],"picked":"SKIP","floor":8.0},{"not_picked":["Cleave","Anger"],"picked":"Entrench","floor":12.0},{"not_picked":["Perfected Strike","Intimidate"],"picked":"Bloodletting","floor":14.0},{"not_picked":["hubris:StunningStrike","Demonic Infusion"],"picked":"Barricade","floor":16.0},{"not_picked":["Defy Death+1","Sever Soul","Whirlwind"],"picked":"SKIP","floor":18.0},{"not_picked":["Anger","Flame Barrier"],"picked":"ReplayTheSpireMod:Stacked+1","floor":21.0},{"not_picked":["ReplayTheSpireMod:LeadingStrike+1","Thunderclap","Rupture+1"],"picked":"SKIP","floor":22.0},{"not_picked":["ReplayTheSpireMod:Strike From Hell","Feel No Pain+1"],"picked":"Shrug It Off+1","floor":29.0},{"not_picked":["Ghostly Armor","Clash"],"picked":"ReplayTheSpireMod:Stacked","floor":30.0},{"not_picked":["Blood for Blood","Defy Death+1","Shrug It Off"],"picked":"SKIP","floor":31.0},{"not_picked":["Reaper","Hemogenesis"],"picked":"Berserk","floor":33.0},{"not_picked":["Perfected Strike+1","ReplayTheSpireMod:Stacked+1","ReplayTheSpireMod:Strike From Hell"],"picked":"SKIP","floor":35.0},{"not_picked":["True Grit","Thunderclap+1","Clash"],"picked":"SKIP","floor":37.0},{"not_picked":["ReplayTheSpireMod:LeadingStrike+1","Armaments+1","ReplayTheSpireMod:Corrosion Curse"],"picked":"SKIP","floor":39.0},{"not_picked":["Flex+1","Double Tap"],"picked":"Exhume","floor":40.0},{"not_picked":["Replay:Undeath\u0027s Touch","True Grit+1","Abandon"],"picked":"SKIP","floor":41.0},{"not_picked":["Iron Wave+1","Shrug It Off+1"],"picked":"Battle Trance+1","floor":44.0},{"not_picked":["Rampage+1","Perfected Strike+1"],"picked":"Body Slam+1","floor":46.0},{"not_picked":["Dark Embrace+1","Havoc+1","ReplayTheSpireMod:Corrosion Curse+1"],"picked":"SKIP","floor":47.0},{"not_picked":["Armaments","Warcry","Replay:Undeath\u0027s Touch+1"],"picked":"SKIP","floor":54}],"player_experience":205852,"relics_obtained":[{"floor":8.0,"key":"MawBank"},{"floor":9.0,"key":"Replay:Wax Seal"},{"floor":10.0,"key":"Pear"},{"floor":10.0,"key":"Replay:Rubber Ducky"},{"floor":14.0,"key":"Magic Flower"},{"floor":26.0,"key":"vexMod:InvisibilityCloak"},{"floor":28.0,"key":"Matryoshka"},{"floor":28.0,"key":"vexMod:BarristanHead"},{"floor":30.0,"key":"Strawberry"},{"floor":40.0,"key":"Blue Doll"},{"floor":43.0,"key":"AnarchistCookbook"},{"floor":44.0,"key":"Molten Egg 2"},{"floor":54,"key":"Replay:Bottled Eggs"}],"event_choices":[{"damage_healed":0.0,"max_hp_gain":0.0,"max_hp_loss":0.0,"gold_gain":0.0,"event_name":"Shining Light","player_choice":"Entered Light","floor":4.0,"gold_loss":0.0,"damage_taken":16.0,"cards_upgraded":["Body Slam","Defend_R"]},{"damage_healed":0.0,"max_hp_gain":0.0,"max_hp_loss":0.0,"gold_gain":0.0,"event_name":"HidenRoomEvent","player_choice":"Fight","floor":10.0,"gold_loss":0.0,"damage_taken":0.0},{"damage_healed":0.0,"max_hp_gain":0.0,"max_hp_loss":0.0,"gold_gain":0.0,"event_name":"HidenRoomEvent","player_choice":"Fight","floor":28.0,"gold_loss":0.0,"damage_taken":0.0}],"is_beta":false,"boss_relics":[{"not_picked":["Tiny House","Ooze Armor"],"picked":"Replay:Wanted Poster"},{"not_picked":[]},{"not_picked":["hubris:TerracottaHorce","hubris:BlackHole"],"picked":"Philosopher\u0027s Stone"},{"not_picked":[]}],"items_purged_floors":[25,45,53],"is_endless":false,"potions_floor_spawned":[14,16,29,31,33,40,41,46,54],"ascension_level":6}}