{"host":"627up2rvtmm0cf0r","time":1608736430,"event":{"mods":["ATMod(阿瑾Mod)","Act Like it!","BaseMod","CapriCore","Card Filter","Card Forge","DeckTracker","Dota2Spire","Friendly Minions","Highlight Path","Minty Spire (QoL Compilation)","MostiFishMod","Permanent Neow","Quick Restart","Relic Stats","Shop Mod","Spicy Shops","StSLib","SuperFastMode","TestMod","[地精首领爬塔]The Maniac","【遗物卡牌】REMEMod","篝火指南"],"gold_per_floor":[239,239,639,658,658,691,691,748,748,673,708,728,740,759,91,190,190,212,87,87,112,52,52,88,130,211,126,126,126,192,248,101,244,244,307,307,307,365,417,488,206,270,270,290,374,374,457,473,323,397],"floor_reached":51,"playtime":1456,"items_purged":["Vigilance+1","Defend_P","Defend_P+1","Strike_P+1"],"score":1948,"play_id":"15677885-0afa-42a6-858b-bbf7043b33c6","local_time":"20201223231350","is_ascension_mode":true,"campfire_choices":[{"data":"AT_FamilyPortrait","floor":7,"key":"SMITH"},{"floor":23,"key":"RECALL"}],"circlet_count":0,"master_deck":["Strike_P+1","Eruption+1","AT_FamilyPortrait+1","Master of Strategy+1","MostiFishMod:DustFall+1","Wish+1","MostiFishMod:StarOceanP+1","AT_RealColorLess+1","MostiFishMod:StarOceanP+1","MostiFishMod:StarHerder+1"],"relics":["PureWater","Hammer of Thor","Seething Fire","Anvil of the Gods","DaveBox","testmod-TestBox","AT_ATBox","testmod-AscensionHeart","DSteel32","Sundial","testmod-HeartOfStrike","DianDianMeat","Orichalcum","AT_BellowingDragoncrestRing","Dota2Spire:AssaultCuirass","testmod-DeterminationOfClimber","testmod-BouquetWithThorns","Dota2Spire:Desolator","Ancient Tea Set","Bag of Marbles","Medical Kit","Empty Cage","Frozen Egg 2","Dota2Spire:CrimsonGuard","ChiLing","Chi","Ling","testmod-Fortitude","testmod-ArcanaOfDestiny","MealTicket","AT_Manta"],"acts_visited":["Exordium","TheCity","TheBeyond"],"potions_floor_usage":[],"damage_taken":[{"damage":5,"enemies":"Small Slimes","floor":1,"turns":3},{"damage":0,"enemies":"Cultist","floor":4,"turns":2},{"damage":8,"enemies":"Lagavulin","floor":6,"turns":5},{"damage":0,"enemies":"3 Sentries","floor":8,"turns":3},{"damage":0,"enemies":"Lagavulin","floor":11,"turns":3},{"damage":7,"enemies":"2 Louse","floor":12,"turns":2},{"damage":0,"enemies":"Gremlin Gang","floor":13,"turns":2},{"damage":1,"enemies":"Exordium Wildlife","floor":14,"turns":2},{"damage":0,"enemies":"Hexaghost","floor":16,"turns":4},{"damage":0,"enemies":"Spheric Guardian","floor":18,"turns":1},{"damage":0,"enemies":"3 Byrds","floor":21,"turns":1},{"damage":0,"enemies":"Book of Stabbing","floor":24,"turns":1},{"damage":0,"enemies":"Snake Plant","floor":25,"turns":1},{"damage":0,"enemies":"Slavers","floor":30,"turns":1},{"damage":0,"enemies":"Cultist and Chosen","floor":31,"turns":1},{"damage":0,"enemies":"Collector","floor":33,"turns":2},{"damage":0,"enemies":"Orb Walker","floor":35,"turns":1},{"damage":0,"enemies":"3 Shapes","floor":38,"turns":1},{"damage":0,"enemies":"Maw","floor":39,"turns":1},{"damage":0,"enemies":"Reptomancer","floor":40,"turns":1},{"damage":3,"enemies":"Nemesis","floor":42,"turns":1},{"damage":1,"enemies":"3 Darklings","floor":44,"turns":1},{"damage":3,"enemies":"Giant Head","floor":45,"turns":1},{"damage":3,"enemies":"Nemesis","floor":47,"turns":1},{"damage":2,"enemies":"4 Shapes","floor":48,"turns":1},{"damage":3,"enemies":"Awakened One","floor":50,"turns":2}],"seed_played":"-5749476115504782480","potions_obtained":[{"floor":1,"key":"Fire Potion"},{"floor":11,"key":"Regen Potion"},{"floor":12,"key":"FearPotion"}],"is_trial":false,"path_per_floor":["M","?","?","M","?","E","R","E","T","$","E","M","M","M","R","B",null,"M","$","?","M","?","R","E","M","T","?","$","R","E","M","R","B",null,"M","?","?","M","M","E","R","E","T","M","E","?","E","M","R","B",null],"character_chosen":"WATCHER","items_purchased":["AT_BellowingDragoncrestRing","Dota2Spire:AssaultCuirass","Medical Kit","Dota2Spire:CrimsonGuard","ChiLing"],"campfire_rested":0,"item_purchase_floors":[15,15,32,41,41],"current_hp_per_floor":[61,47,47,48,48,41,41,42,42,42,43,37,38,38,38,44,69,74,74,74,77,77,77,78,78,78,78,78,78,80,80,80,85,85,85,75,75,85,85,88,88,92,92,92,97,97,97,95,95,102],"gold":397,"neow_bonus":"HUNDRED_GOLD","is_daily":false,"chose_seed":false,"campfire_upgraded":1,"win_rate":0.0,"timestamp":1608736430,"path_taken":["M","?","?","M","?","E","R","E","T","$","E","?","M","M","R","BOSS","M","?","?","M","?","R","E","?","T","?","$","R","E","M","R","BOSS","M","?","?","M","M","E","R","E","T","?","E","?","E","M","R","BOSS"],"items_purchased_type":["Relic","Relic","Relic","Relic","Relic"],"build_version":"2020-12-22","purchased_purges":4,"victory":true,"max_hp_per_floor":[72,72,72,72,72,72,72,72,72,72,72,72,72,72,72,77,77,77,77,77,77,77,77,78,78,78,78,78,78,80,80,80,85,85,85,85,85,85,85,88,88,92,92,92,97,97,97,97,97,102],"relic_stats":{"counters":[26,45],"Sundial":[62],"MealTicket":0,"Orichalcum":[6],"Medical Kit":[0],"obtain_stats":[{"testmod-HeartOfStrike":8,"AT_ATBox":0,"DaveBox":0,"Chi":41,"Hammer of Thor":0,"testmod-BouquetWithThorns":24,"Ancient Tea Set":27,"Empty Cage":34,"testmod-AscensionHeart":0,"Dota2Spire:CrimsonGuard":41,"Sundial":6,"MealTicket":45,"testmod-DeterminationOfClimber":17,"Dota2Spire:AssaultCuirass":15,"testmod-ArcanaOfDestiny":43,"DSteel32":0,"DianDianMeat":9,"testmod-TestBox":0,"AT_Manta":47,"Seething Fire":0,"Orichalcum":11,"Frozen Egg 2":40,"Medical Kit":32,"testmod-Fortitude":42,"Ling":41,"AT_BellowingDragoncrestRing":15,"Anvil of the Gods":0,"Bag of Marbles":30,"PureWater":0,"REME_ComplimentaryCards":0,"Dota2Spire:Desolator":26,"ChiLing":41},{"testmod-HeartOfStrike":4,"AT_ATBox":0,"DaveBox":0,"Chi":20,"Hammer of Thor":0,"testmod-BouquetWithThorns":12,"Ancient Tea Set":13,"Empty Cage":16,"testmod-AscensionHeart":0,"Dota2Spire:CrimsonGuard":20,"Sundial":3,"MealTicket":23,"testmod-DeterminationOfClimber":9,"Dota2Spire:AssaultCuirass":8,"testmod-ArcanaOfDestiny":21,"DSteel32":0,"DianDianMeat":4,"testmod-TestBox":0,"AT_Manta":24,"Seething Fire":0,"Orichalcum":5,"Frozen Egg 2":20,"Medical Kit":15,"testmod-Fortitude":21,"Ling":20,"AT_BellowingDragoncrestRing":8,"Anvil of the Gods":0,"Bag of Marbles":14,"PureWater":0,"REME_ComplimentaryCards":0,"Dota2Spire:Desolator":13,"ChiLing":20},{"testmod-HeartOfStrike":13,"AT_ATBox":0,"DaveBox":0,"Chi":38,"Hammer of Thor":0,"testmod-BouquetWithThorns":29,"Ancient Tea Set":30,"Empty Cage":34,"testmod-AscensionHeart":0,"Dota2Spire:CrimsonGuard":38,"Sundial":10,"MealTicket":41,"testmod-DeterminationOfClimber":26,"Dota2Spire:AssaultCuirass":22,"testmod-ArcanaOfDestiny":39,"DSteel32":0,"DianDianMeat":13,"testmod-TestBox":0,"AT_Manta":42,"Seething Fire":0,"Orichalcum":16,"Frozen Egg 2":38,"Medical Kit":32,"testmod-Fortitude":39,"Ling":38,"AT_BellowingDragoncrestRing":22,"Anvil of the Gods":0,"Bag of Marbles":31,"PureWater":0,"REME_ComplimentaryCards":0,"Dota2Spire:Desolator":30,"ChiLing":38}]},"card_choices":[{"not_picked":["Halt","FlyingSleeves","JustLucky"],"picked":"SKIP","floor":1},{"not_picked":["Protect","AT_ChampionStep","CarveReality"],"picked":"SKIP","floor":4},{"not_picked":["Ragnarok","Judgement"],"picked":"MostiFishMod:DustFall","floor":6},{"not_picked":["MostiFishMod:ScryFuture","MostiFishMod:Moonprays","MostiFishMod:ScryFuture"],"picked":"SKIP","floor":8},{"not_picked":["MostiFishMod:Dust","MostiFishMod:OutWit","SpiritShield"],"picked":"SKIP","floor":11},{"not_picked":["ClearTheMind","DeceiveReality","AT_RealFormLess"],"picked":"SKIP","floor":12},{"not_picked":["FlyingSleeves","CrushJoints","REME_MusicOfDeath"],"picked":"SKIP","floor":13},{"not_picked":["Halt","Evaluate","AT_DivineConfetti"],"picked":"SKIP","floor":14},{"not_picked":["WindmillStrike","AT_RealFormLess+1","Protect"],"picked":"SKIP","floor":18},{"not_picked":["Protect","CrushJoints+1","Swivel+1"],"picked":"SKIP","floor":21},{"not_picked":["Vault","MasterReality"],"picked":"Wish","floor":24},{"not_picked":["SashWhip","ThirdEye","Conclude"],"picked":"SKIP","floor":25},{"not_picked":["LessonLearned","REME_EmptyShield"],"picked":"MostiFishMod:StarOceanP","floor":30},{"not_picked":["REME_MusicOfDeath","BowlingBash","SignatureMove"],"picked":"SKIP","floor":31},{"not_picked":["REME_MusicOfDeath","BattleHymn+1","WheelKick"],"picked":"SKIP","floor":35},{"not_picked":["WaveOfTheHand","Halt+1","Study","Consecrate+1","FollowUp"],"picked":"SKIP","floor":38},{"not_picked":["Perseverance","Fasting2","Conclude"],"picked":"SKIP","floor":39},{"not_picked":["AT_IrregularMenstruation","Blasphemy"],"picked":"AT_RealColorLess+1","floor":40},{"not_picked":["DevaForm","AT_MachinaRedman"],"picked":"MostiFishMod:StarOceanP","floor":42},{"not_picked":["Crescendo+1","EmptyFist+1","REME_Repentance"],"picked":"SKIP","floor":44},{"not_picked":["AT_IrregularMenstruation","MostiFishMod:Moonprays"],"picked":"MostiFishMod:StarHerder+1","floor":45},{"not_picked":["AT_ChampionKick","MostiFishMod:StarHerder","Wish","REME_WorshipGod","REME_EmptyShield"],"picked":"SKIP","floor":47},{"not_picked":["SashWhip","AT_DivineConfetti","BowlingBash+1"],"picked":"SKIP","floor":48}],"player_experience":31662,"relics_obtained":[{"floor":6,"key":"Sundial"},{"floor":8,"key":"testmod-HeartOfStrike"},{"floor":9,"key":"DianDianMeat"},{"floor":11,"key":"Orichalcum"},{"floor":24,"key":"testmod-BouquetWithThorns"},{"floor":26,"key":"Dota2Spire:Desolator"},{"floor":30,"key":"Bag of Marbles"},{"floor":40,"key":"Frozen Egg 2"},{"floor":42,"key":"testmod-Fortitude"},{"floor":43,"key":"testmod-ArcanaOfDestiny"},{"floor":45,"key":"MealTicket"},{"floor":47,"key":"AT_Manta"}],"event_choices":[{"damage_healed":0,"gold_gain":0,"player_choice":"Entered Light","damage_taken":14,"max_hp_gain":0,"max_hp_loss":0,"event_name":"Shining Light","floor":2,"gold_loss":0,"cards_upgraded":["Vigilance","Eruption"]},{"damage_healed":0,"gold_gain":400,"player_choice":"Sell","damage_taken":0,"max_hp_gain":0,"max_hp_loss":0,"event_name":"恩洛斯的盘子","floor":3,"relics_lost":["REME_ComplimentaryCards"],"gold_loss":0},{"damage_healed":0,"gold_gain":0,"cards_transformed":["Strike_P"],"player_choice":"Transformed","damage_taken":0,"max_hp_gain":0,"max_hp_loss":0,"event_name":"Transmorgrifier","floor":5,"gold_loss":0,"cards_obtained":["MostiFishMod:FlowState"]},{"damage_healed":0,"gold_gain":0,"player_choice":"Ignored","damage_taken":0,"max_hp_gain":0,"max_hp_loss":0,"event_name":"Vampires","floor":20,"gold_loss":0},{"cards_removed":["Defend_P"],"damage_healed":0,"gold_gain":0,"player_choice":"Single Remove","damage_taken":0,"max_hp_gain":0,"max_hp_loss":0,"event_name":"Designer","floor":22,"gold_loss":60},{"damage_healed":0,"gold_gain":0,"player_choice":"Obtained Relic","damage_taken":0,"relics_obtained":["Ancient Tea Set"],"max_hp_gain":0,"max_hp_loss":0,"event_name":"Addict","floor":27,"gold_loss":85},{"damage_healed":0,"gold_gain":0,"player_choice":"Memory 3","damage_taken":10,"max_hp_gain":0,"max_hp_loss":0,"event_name":"SensoryStone","floor":36,"gold_loss":0},{"damage_healed":0,"gold_gain":0,"player_choice":"Bought 0 Potions","damage_taken":0,"max_hp_gain":0,"max_hp_loss":0,"event_name":"The Woman in Blue","floor":37,"gold_loss":0},{"cards_removed":["Strike_P"],"damage_healed":0,"gold_gain":0,"player_choice":"Purged","damage_taken":0,"max_hp_gain":0,"max_hp_loss":0,"event_name":"Purifier","floor":46,"gold_loss":0}],"is_beta":false,"boss_relics":[{"not_picked":["SacredBark","REME_ChargedStone"],"picked":"testmod-DeterminationOfClimber"},{"not_picked":["testmod-CardMagician","testmod-Prudence"],"picked":"Empty Cage"}],"items_purged_floors":[10,15,19,49],"is_endless":false,"potions_floor_spawned":[1,11,12,16,21,30,33,38,45,47],"ascension_level":9}}