{"host":"dsxpg2dh2uupq0t9","time":1608702340,"event":{"mods":["Act Like it!","Aspiration","BaseMod","Better Note","Better Skull","BetterRewards","Colored Powertips","DeckTracker","Halation","Hallownest","Hubris","Minty Spire (QoL Compilation)","Replay The Spire","Shop Mod","Spicy Shops","StSLib"],"gold_per_floor":[118,46,46,46,46,46,46,46,72,72,101,112,130,160,160,260,260,274,274,289,302,302,302,320,320,343,39,66,66,80,95,95,95,95],"floor_reached":33,"playtime":1388,"items_purged":["Decay"],"score":267,"play_id":"42826cc3-b023-4634-9050-3f8bfac97786","local_time":"20201223004540","is_ascension_mode":true,"campfire_choices":[{"floor":6,"key":"REST"},{"data":"Zap","floor":8,"key":"SMITH"},{"data":"Zap","floor":10,"key":"SMITH"},{"data":"Defragment","floor":15,"key":"SMITH"},{"floor":23,"key":"REST"},{"floor":32,"key":"REST"}],"circlet_count":0,"master_deck":["Strike_B","Strike_B","Strike_B","Strike_B+1","Defend_B","Defend_B+1","Defend_B","Defend_B","Zap+1","Dualcast+1","Defragment+1","FTL","Zap+1","Injury","Gash+1","Ball Lightning+1","Scrape+1","ReplayTheSpireMod:Omega Cannon+1","Streamline+1","hubris:Ukulele+1","Sweeping Beam+1","Auto Shields","Fusion","Beam Cell+1","Iron Wave+1","Dagger Spray+1"],"relics":["Cracked Core","Juzu Bracelet","Molten Egg 2","hubris:Towel","Replay:Baseball","Lizard Tail","hubris:HollowSoul","MutagenicStrength","Vajra","aspiration:EnhancedActuators","Regal Pillow","PrismaticShard"],"acts_visited":["Exordium","TheCity"],"potions_floor_usage":[16,31,31,31,33],"damage_taken":[{"damage":11,"enemies":"2 Louse","floor":1,"turns":3},{"damage":10,"enemies":"Replay:BlueRogue","floor":11,"turns":4},{"damage":0,"enemies":"Cultist","floor":12,"turns":3},{"damage":0,"enemies":"Jaw Worm","floor":13,"turns":3},{"damage":38,"enemies":"Hexaghost","floor":16,"turns":6},{"damage":7,"enemies":"Chosen","floor":18,"turns":3},{"damage":11,"enemies":"Spheric Guardian","floor":20,"turns":3},{"damage":42,"enemies":"Snake Plant","floor":21,"turns":4},{"damage":45,"enemies":"Cultist and Chosen","floor":24,"turns":5},{"damage":13,"enemies":"Shelled Parasite and Fungi","floor":30,"turns":2},{"damage":15,"enemies":"Snake Plant","floor":31,"turns":3},{"damage":20,"enemies":"hubris:MusketHawk","floor":33,"turns":3}],"seed_played":"4892928333838729582","potions_obtained":[{"floor":1,"key":"AttackPotion"},{"floor":13,"key":"LifebloodPotion"},{"floor":24,"key":"Swift Potion"},{"floor":30,"key":"FocusPotion"},{"floor":31,"key":"Dexterity Potion"}],"is_trial":false,"path_per_floor":["M","$","?","?","?","R","?","R","T","R","E","M","M","?","R","B",null,"M","?","M","M","?","R","M","?","T","$","T","?","M","M","R","B"],"character_chosen":"DEFECT","items_purchased":["Juzu Bracelet","aspiration:EnhancedActuators","Fusion"],"campfire_rested":3,"item_purchase_floors":[2,27,27],"current_hp_per_floor":[64,64,64,49,49,71,71,71,71,71,61,61,61,61,61,23,75,68,68,57,15,15,37,37,37,37,37,37,29,16,1,38,0,0],"gold":95,"neow_bonus":"RANDOM_EVENT","is_daily":false,"chose_seed":false,"campfire_upgraded":3,"win_rate":0.0,"timestamp":1608702340,"path_taken":["M","$","?","?","?","R","?","R","T","R","E","M","M","?","R","BOSS","M","?","M","M","?","R","M","?","T","$","?","?","M","M","R","BOSS"],"items_purchased_type":["Relic","Relic","Card"],"build_version":"2020-12-22","purchased_purges":1,"victory":false,"max_hp_per_floor":[75,75,75,75,75,75,75,75,75,75,75,75,75,75,75,75,75,75,75,75,75,75,75,75,75,75,75,75,75,75,75,75,75,75],"card_choices":[{"not_picked":["Fusion","BootSequence"],"picked":"Defragment","floor":1},{"not_picked":["Go for the Eyes+1","Rebound+1"],"picked":"Gash+1","floor":11},{"not_picked":["Cold Snap+1","Darkness"],"picked":"Ball Lightning+1","floor":12},{"not_picked":["Coolheaded","Consume"],"picked":"Scrape+1","floor":13},{"not_picked":["Creative AI","hubris:DoWhile"],"picked":"ReplayTheSpireMod:Omega Cannon+1","floor":16},{"not_picked":["Conserve Battery+1","Coolheaded"],"picked":"Streamline+1","floor":18},{"not_picked":["Hologram","Streamline+1"],"picked":"hubris:Ukulele+1","floor":20},{"not_picked":["Stack","Streamline+1"],"picked":"Sweeping Beam+1","floor":21},{"not_picked":["Panic Button","Glacier+1"],"picked":"Auto Shields","floor":24},{"not_picked":["Steam","Hologram"],"picked":"Beam Cell+1","floor":29},{"not_picked":["Seeing Red","Skewer+1"],"picked":"Iron Wave+1","floor":30},{"not_picked":["Weave+1","True Grit"],"picked":"Dagger Spray+1","floor":31}],"player_experience":628093,"relics_obtained":[{"floor":9,"key":"Replay:Baseball"},{"floor":11,"key":"Lizard Tail"},{"floor":26,"key":"Vajra"},{"floor":28,"key":"Regal Pillow"},{"floor":29,"key":"PrismaticShard"}],"event_choices":[{"damage_healed":0,"gold_gain":0,"player_choice":"2 cards matched","damage_taken":0,"max_hp_gain":0,"max_hp_loss":0,"event_name":"Match and Keep!","floor":3,"gold_loss":0,"cards_obtained":["FTL","Zap"]},{"damage_healed":0,"gold_gain":0,"player_choice":"Entered Light","damage_taken":15,"max_hp_gain":0,"max_hp_loss":0,"event_name":"Shining Light","floor":4,"gold_loss":0,"cards_upgraded":["Strike_B","Dualcast"]},{"damage_healed":0,"gold_gain":30,"player_choice":"Searched \u00271\u0027 times","damage_taken":0,"max_hp_gain":0,"max_hp_loss":0,"event_name":"Dead Adventurer","floor":14,"gold_loss":0},{"damage_healed":0,"gold_gain":0,"player_choice":"Ignored","damage_taken":0,"max_hp_gain":0,"max_hp_loss":0,"event_name":"Ghosts","floor":19,"gold_loss":0},{"damage_healed":0,"gold_gain":0,"player_choice":"Smashed Altar","damage_taken":0,"max_hp_gain":0,"max_hp_loss":0,"event_name":"Forgotten Altar","floor":22,"gold_loss":0,"cards_obtained":["Decay"]},{"damage_healed":0,"gold_gain":0,"player_choice":"Inject Mutagens","damage_taken":0,"relics_obtained":["MutagenicStrength"],"max_hp_gain":0,"max_hp_loss":0,"event_name":"Drug Dealer","floor":25,"gold_loss":0}],"is_beta":false,"boss_relics":[{"not_picked":["FrozenCore","aspiration:Stellarator"],"picked":"hubris:HollowSoul"}],"items_purged_floors":[27],"is_endless":false,"potions_floor_spawned":[1,13,24,30,31],"killed_by":"hubris:MusketHawk","ascension_level":2}}