{"host":"pz1ko3gi7nsxydm3","time":1608756468,"event":{"mods":["AchievementEnabler","Act Like it!","BaseMod","Better Note","Better Third Choice","Colored Map","Downfall","Hallownest","Hermit","Hubris","Infinite Spire","Minty Spire (QoL Compilation)","Rare Cards Sparkle","Replay The Spire","StSLib","The Bug Knight","The Jungle","??????REMEMod"],"gold_per_floor":[114,114,25,25,39,39,70,70,93,125,35,67,67,67,27,42,42,140,140,154,248,294,314,331,363,117,149,149,149,149,162,172,184,184,291,291,313,333,380,399,413,472,472,485,530,530,548,584,82,167,167,167,167,167,24,49,49],"floor_reached":58,"playtime":7562,"items_purged":[],"score":1579,"play_id":"701b7ca0-d635-46aa-90ca-f04e3c29ecf2","local_time":"20201223204748","is_ascension_mode":true,"campfire_choices":[{"floor":6,"key":"RECALL"},{"floor":8,"key":"REST"},{"floor":29,"key":"REST"},{"floor":34,"key":"REST"},{"floor":43,"key":"REST"},{"floor":46,"key":"REST"},{"data":"hermit:EternalForm","floor":54,"key":"SMITH"}],"circlet_count":0,"master_deck":["hermit:Strike_Hermit","hermit:Strike_Hermit","hermit:Strike_Hermit","hermit:Strike_Hermit","hermit:Defend_Hermit","hermit:Defend_Hermit","hermit:Defend_Hermit","hermit:Defend_Hermit","hermit:Snapshot","hermit:Covet","REME_WheelOfFate","hermit:TakeAim","expansioncontent:DecasProtection","hermit:Deadeye","hermit:Dive+1","hermit:WideOpen+1","hermit:Cheat+1","hermit:EternalForm","hermit:BigShot","hermit:Roulette","hermit:Brawl","hermit:HeroicBravado","hermit:Determination","hermit:CalledShot","hermit:GoldenBullet","hermit:ItchyTrigger","REME_PuzzleBox","hermit:FromBeyond","hermit:FlashPowder+1","hermit:LuckOfTheDraw+1","hermit:HighCaliber","hermit:Scavenge","hermit:EyeOfTheStorm+1","hermit:GhostlyPresence+1","hermit:EternalForm+1","CurseOfTheBell","sneckomod:Unknown3Cost+1","hermit:NoHoldsBarred","hermit:Enervate+1","hermit:Enervate","hermit:Vantage+1","hermit:GoldenBullet","hermit:Glare","hermit:LowProfile+1","hermit:Horror+1","hermit:FromBeyond","hermit:Enervate+1","hubris:Fate","hermit:Roulette+1","hermit:HighCaliber+1"],"relics":["hermit:Momento","REME_ComplimentaryCards","Bag of Marbles","Dream Catcher","Replay:Baseball","Bag of Preparation","infinitespire:Golems Mask","REME_PuzzleBoxRelic","infinitespire:Lucky Rock","Smiling Mask","Tiny Chest","Snecko Eye","Nunchaku","Mango","Ornamental Fan","MutagenicStrength","Replay:Mystery Machine","Calling Bell","Ancient Tea Set","HollowMod:LifeEnderRelic","hubris:FunFungus","Potion Belt","Replay:Wax Seal","War Paint","Regal Pillow","Replay:Rubber Ducky","Prayer Wheel","hermit:PetGhost","Prayer Wheel","infinitespire:CursedDice"],"acts_visited":["Exordium","TheCity","TheCity","TheEnding"],"potions_floor_usage":[18,24,32,41,42,47,50,50],"damage_taken":[{"damage":0,"enemies":"Jaw Worm","floor":1,"turns":1},{"damage":16,"enemies":"Cultist","floor":5,"turns":4},{"damage":21,"enemies":"Gremlin Nob","floor":7,"turns":5},{"damage":16,"enemies":"Lagavulin","floor":10,"turns":4},{"damage":22,"enemies":"Gremlin Nob","floor":12,"turns":5},{"damage":0,"enemies":"2 Louse","floor":16,"turns":1},{"damage":51,"enemies":"Fading Forest","floor":18,"turns":11},{"damage":12,"enemies":"2 Thieves","floor":20,"turns":2},{"damage":44,"enemies":"Centurion and Healer","floor":21,"turns":5},{"damage":1,"enemies":"3 Cultists","floor":23,"turns":6},{"damage":5,"enemies":"Chosen and Byrds","floor":24,"turns":2},{"damage":3,"enemies":"HollowMod:Nosk","floor":25,"turns":8},{"damage":7,"enemies":"Gremlin Leader","floor":27,"turns":3},{"damage":0,"enemies":"Snecko","floor":31,"turns":3},{"damage":10,"enemies":"Centurion and Healer","floor":32,"turns":2},{"damage":0,"enemies":"Snake Plant","floor":33,"turns":3},{"damage":0,"enemies":"Champ","floor":35,"turns":6},{"damage":0,"enemies":"Hallownest:Shield_Heavy","floor":37,"turns":5},{"damage":17,"enemies":"Hallownest:3_Siblings","floor":38,"turns":5},{"damage":30,"enemies":"Hallownest:2_Soldiers_and_1_Guardian","floor":40,"turns":5},{"damage":7,"enemies":"Hallownest:2_Wandering_and_1_Horned","floor":41,"turns":4},{"damage":21,"enemies":"Hallownest:eliteHiveKnight","floor":42,"turns":4},{"damage":0,"enemies":"Hallownest:2_Great","floor":44,"turns":1},{"damage":6,"enemies":"Hallownest:Slobbering_and_Violent","floor":47,"turns":4},{"damage":1,"enemies":"Hallownest:StalkingDevout","floor":48,"turns":5},{"damage":3,"enemies":"Hallownest:StalkingDevout","floor":50,"turns":3},{"damage":0,"enemies":"Hallownest:StalkingDevout","floor":50,"turns":2},{"damage":2,"enemies":"Hallownest:BossGreyPrinceZote","floor":52,"turns":2},{"damage":0,"enemies":"Shield and Spear","floor":56,"turns":5},{"damage":100103,"enemies":"The Heart","floor":57,"turns":7}],"seed_played":"-8890444506346652430","potions_obtained":[{"floor":5,"key":"Energy Potion"},{"floor":10,"key":"hermit:Tonic"},{"floor":18,"key":"Flashbang"},{"floor":20,"key":"Fire Potion"},{"floor":23,"key":"Energy Potion"},{"floor":31,"key":"REME_GoldPotion"},{"floor":32,"key":"Toxic Potion"},{"floor":44,"key":"EssenceOfSteel"},{"floor":48,"key":"SteroidPotion"}],"is_trial":false,"path_per_floor":["M","?","$","?","M","R","E","R","T","E","?","E","PTL","PTL","$","M","R_BF","B",null,"M","M","T","M","M","E","$","E","T","R","?","M","M","M","R","B",null,"M","M","T","M","M","E","R","M","T","R","M","E","?","?","R_BF","B",null,"R","$","E","B",null],"character_chosen":"HERMIT","items_purchased":["expansioncontent:DecasProtection","hermit:BigShot","REME_PuzzleBox","hermit:FromBeyond","hermit:PetGhost"],"campfire_rested":5,"item_purchase_floors":[3,15,26,26,55],"current_hp_per_floor":[75,72,72,72,56,56,54,75,75,59,59,53,53,53,53,53,75,29,75,63,44,44,43,38,37,37,46,46,73,73,83,73,73,91,91,91,91,77,77,48,42,24,51,51,51,78,73,77,77,74,91,89,91,91,91,91,32],"gold":49,"neow_bonus":"RANDOM_COMMON_RELIC","is_daily":false,"chose_seed":false,"campfire_upgraded":1,"win_rate":0.0,"timestamp":1608756468,"path_taken":["M","?","$","?","?","R","E","R","T","E","?","E","PTL","PTL","$","M","R_BF","BOSS","M","M","?","M","?","E","$","E","T","R","?","M","M","M","R","BOSS","M","M","?","M","M","E","R","?","T","R","M","E","?","?","R_BF","BOSS","R","$","E","BOSS"],"items_purchased_type":["Card","Card","Card","Card","Relic"],"build_version":"2020-12-22","purchased_purges":0,"victory":true,"max_hp_per_floor":[75,75,75,75,75,75,75,75,75,75,75,75,75,75,75,75,75,75,75,75,75,75,75,75,77,77,91,91,91,91,91,91,91,91,91,91,91,91,91,91,91,91,91,91,91,91,91,91,91,91,91,91,91,91,91,91,91],"card_choices":[{"not_picked":["hermit:Desperado","hermit:TrackingShot"],"picked":"hermit:TakeAim","floor":1},{"not_picked":["hermit:Purgatory","hermit:WideOpen"],"picked":"hermit:Deadeye","floor":5},{"not_picked":["hermit:BodyArmor","hermit:SprayPray"],"picked":"hermit:Dive","floor":7},{"not_picked":["hermit:NoHoldsBarred","hermit:LowProfile"],"picked":"hermit:WideOpen","floor":8},{"not_picked":["hermit:BodyArmor","hermit:FlashPowder"],"picked":"hermit:Cheat","floor":10},{"not_picked":["hermit:Vantage","hermit:Virtue"],"picked":"hermit:EternalForm","floor":12},{"not_picked":["hermit:ItchyTrigger","hermit:Quickdraw"],"picked":"hermit:Roulette","floor":16},{"not_picked":["hermit:Roulette","hermit:Snipe"],"picked":"hermit:Brawl","floor":17},{"not_picked":["hermit:Adapt","hermit:HighNoon"],"picked":"hermit:HeroicBravado","floor":18},{"not_picked":["hermit:BigShot","hermit:HighCaliber"],"picked":"hermit:Determination","floor":20},{"not_picked":["hermit:BodyArmor","hermit:BigShot+1"],"picked":"hermit:CalledShot","floor":21},{"not_picked":["hermit:Quickdraw","hermit:HighCaliber+1"],"picked":"hermit:GoldenBullet","floor":23},{"not_picked":["hermit:LoneWolf+1","hermit:Desperado","hermit:Manifest"],"picked":"SKIP","floor":24},{"not_picked":["hermit:TakeAim","hermit:Desperado"],"picked":"hermit:ItchyTrigger","floor":25},{"not_picked":["hermit:Feint+1","hermit:Desperado"],"picked":"hermit:FlashPowder+1","floor":27},{"not_picked":["hermit:Roulette","hermit:Desperado"],"picked":"hermit:LuckOfTheDraw","floor":29},{"not_picked":["hermit:CalledShot","hermit:Adapt"],"picked":"hermit:HighCaliber","floor":31},{"not_picked":["hermit:LowProfile","hermit:HighCaliber"],"picked":"hermit:Scavenge","floor":32},{"not_picked":["hermit:GoldenBullet","hermit:Determination+1"],"picked":"hermit:EyeOfTheStorm+1","floor":33},{"not_picked":["hermit:Desperado","hermit:Shortfuse"],"picked":"hermit:GhostlyPresence+1","floor":34},{"not_picked":["hermit:FatalDesire","hermit:Roughhouse"],"picked":"hermit:EternalForm","floor":35},{"not_picked":["sneckomod:UnknownUncommonAttack+1","sneckomod:UnknownClassRED+1"],"picked":"sneckomod:Unknown3Cost+1","floor":37},{"not_picked":["hermit:Ricochet+1","hermit:Manifest+1"],"picked":"hermit:NoHoldsBarred","floor":37},{"not_picked":["hermit:Adapt","hermit:TrackingShot"],"picked":"hermit:Enervate+1","floor":38},{"not_picked":["hermit:TrackingShot+1","hermit:Ricochet+1"],"picked":"hermit:Enervate","floor":40},{"not_picked":["hermit:Desperado+1","hermit:Spite+1"],"picked":"hermit:Vantage+1","floor":41},{"not_picked":["hermit:Headshot+1","hermit:ItchyTrigger"],"picked":"hermit:GoldenBullet","floor":42},{"not_picked":["hermit:Misfire+1","hermit:ItchyTrigger"],"picked":"hermit:Glare","floor":43},{"not_picked":["hermit:WideOpen+1","hermit:Manifest+1"],"picked":"hermit:LowProfile+1","floor":44},{"not_picked":["hermit:Feint+1","hermit:BodyArmor"],"picked":"hermit:Horror+1","floor":46},{"not_picked":["hermit:Quickdraw","hermit:Headshot"],"picked":"hermit:FromBeyond","floor":47},{"not_picked":["hermit:Misfire","hermit:GoldenBullet+1"],"picked":"hermit:Enervate+1","floor":48},{"not_picked":["infinitespire:TheBestDefense","infinitespire:Oblivion"],"picked":"hubris:Fate","floor":49},{"not_picked":["hermit:Manifest","hermit:Misfire+1"],"picked":"hermit:Roulette+1","floor":51},{"not_picked":["hermit:Feint+1","hermit:ItchyTrigger+1"],"picked":"hermit:HighCaliber+1","floor":56}],"player_experience":92186,"relics_obtained":[{"floor":4,"key":"Replay:Baseball"},{"floor":7,"key":"infinitespire:Golems Mask"},{"floor":9,"key":"REME_PuzzleBoxRelic"},{"floor":10,"key":"infinitespire:Lucky Rock"},{"floor":12,"key":"Tiny Chest"},{"floor":25,"key":"Nunchaku"},{"floor":27,"key":"Mango"},{"floor":28,"key":"Ornamental Fan"},{"floor":36,"key":"Ancient Tea Set"},{"floor":36,"key":"HollowMod:LifeEnderRelic"},{"floor":36,"key":"hubris:FunFungus"},{"floor":39,"key":"Potion Belt"},{"floor":42,"key":"Replay:Wax Seal"},{"floor":45,"key":"War Paint"},{"floor":48,"key":"Replay:Rubber Ducky"},{"floor":56,"key":"infinitespire:CursedDice"}],"event_choices":[{"damage_healed":0,"gold_gain":0,"player_choice":"Relic ","damage_taken":3,"max_hp_gain":0,"max_hp_loss":0,"event_name":"betterThird:BetterScrap","floor":2,"gold_loss":0,"cards_obtained":["hubris:SpecializedCircuitry"]},{"damage_healed":0,"gold_gain":0,"player_choice":"Relic","damage_taken":0,"max_hp_gain":0,"max_hp_loss":0,"event_name":"Wheel of Change","floor":4,"gold_loss":0},{"damage_healed":0,"gold_gain":0,"player_choice":"Paid Gold","damage_taken":0,"relics_obtained":["Smiling Mask"],"max_hp_gain":0,"max_hp_loss":0,"event_name":"WeMeetAgain","floor":11,"gold_loss":90},{"damage_healed":0,"gold_gain":0,"player_choice":"Inject Mutagens","damage_taken":0,"relics_obtained":["MutagenicStrength"],"max_hp_gain":0,"max_hp_loss":0,"event_name":"Drug Dealer","floor":30,"gold_loss":0}],"is_beta":false,"boss_relics":[{"not_picked":["Honey Jar","ReplayTheSpireMod:SealedPack"],"picked":"Snecko Eye"},{"not_picked":["REME_ChargedStone","SacredBark"],"picked":"Calling Bell"}],"items_purged_floors":[],"is_endless":false,"potions_floor_spawned":[5,10,18,20,23,31,32,38,44,48,50,50],"ascension_level":2}}