{"host":"k2x36244ucab5lxq","time":1608685184,"event":{"mods":["2.2 Compatiblity","AchievementEnabler","Act Like it!","Aspiration","BaseMod","Beaked The Cultist","Bestiary","Better Altar","Better Match","Better Note","Better Sensory Stone","Better Skull","Better Third Choice","Better Vampires","BetterRewards","Block Reminder","CatGirl Mod","Clawfect","Clockwork Mod","Colored Map","Conspire","Curses Come First","Downfall","Energized Spire","Gensokyo","GungeonMod","Halation","Hermit","Hubris","Infinite Spire","Jedi Mod","JesterMod","Jorbs\u0027s Wanderer Trilogy","Marisa????????","Marked Mod","Mimic Mod","Minty Spire (QoL Compilation)","Pale of the Ancients","Random Character Button","Rare Cards Sparkle","Relic Sorter","Relic Stats","Replay The Spire","SCP261 Mod","Shop Mod","StSLib","The Administrix","The Alterego","The Blackbeard","The Bladedancer","The Construct","The Cursed","The Disciple","The Judge","The Necromancer","The Problem Sleuth","The Sage","The Servant 0.9.4","The Showman","Transform Curses","Unceasing Turn Reminder","Virulent Crown","egg","everything is the same but u backflip on backflip","slay the spire mod where everything is the same but ironclad has a cowboy hat","thorton"],"gold_per_floor":[99,99,99,99,99,116,116,41,56,91,36,58,9,41,65,82,82,82],"floor_reached":16,"playtime":1898,"items_purged":[],"score":193,"play_id":"8c42e058-0803-4a3b-80e0-5313bb0db5c9","local_time":"20201222195944","is_ascension_mode":true,"campfire_choices":[{"floor":1,"key":"RECALL"},{"data":"hexamod:GhostOfSpireFuture","floor":8,"key":"SMITH"}],"circlet_count":0,"master_deck":["hexamod:Strike","hexamod:Strike","hexamod:Strike","hexamod:Strike","hexamod:Defend","hexamod:Defend","hexamod:Defend","hexamod:Defend","hexamod:Sear","hexamod:Float+1","hexamod:FourthSeal","hexamod:GhostShield","hexamod:GhostOfSpireFuture+1","hexamod:FastForward","hexamod:GhostShield","hexamod:StepThrough","hexamod:SpectersWail","hexamod:NightmareGuise","hexamod:PhantomCloak","hexamod:ShieldOfDarkness","hexamod:HeatMetal","hexamod:Hexaguard"],"relics":["hexamod:SpiritBrand","DemoMod:RingOfEthereal","downfall:HeartsMalice","Eternal Feather","downfall:HeartBlessingRed","halation:IllGainedPizza"],"acts_visited":["Exordium"],"potions_floor_usage":[10,14,16,16,16],"damage_taken":[{"damage":0,"enemies":"Small Slimes","floor":2,"turns":1},{"damage":0,"enemies":"infinitespire:Voidling","floor":3,"turns":1},{"damage":0,"enemies":"Cultist","floor":5,"turns":1},{"damage":8,"enemies":"2 Fungi Beasts","floor":6,"turns":6},{"damage":0,"enemies":"conspire:2 RoseBushes","floor":9,"turns":8},{"damage":53,"enemies":"Gremlin Nob","floor":10,"turns":6},{"damage":0,"enemies":"downfall:FleeingMerchant","floor":11,"turns":4},{"damage":0,"enemies":"Large Slime","floor":12,"turns":7},{"damage":0,"enemies":"downfall:FleeingMerchant","floor":13,"turns":4},{"damage":0,"enemies":"3 Sentries","floor":14,"turns":6},{"damage":0,"enemies":"Exordium Wildlife","floor":15,"turns":7},{"damage":11,"enemies":"downfall:Defect","floor":16,"turns":6}],"seed_played":"-5066268980357245980","potions_obtained":[{"floor":6,"key":"Block Potion"},{"floor":6,"key":"Explosive Potion"},{"floor":9,"key":"Strength Potion"},{"floor":11,"key":"EssenceOfSteel"},{"floor":12,"key":"Strength Potion"},{"floor":13,"key":"jedi:tentaclejuice"},{"floor":14,"key":"SneckoOil"},{"floor":15,"key":"AttackPotion"}],"is_trial":false,"path_per_floor":["R","M","M","?","M","M","T","R","M","E","$","M","$","E","M","B"],"character_chosen":"THE_SPIRIT","items_purchased":["hexamod:NightmareGuise","hexamod:HeatMetal"],"campfire_rested":0,"item_purchase_floors":[11,13],"current_hp_per_floor":[63,63,63,63,63,55,55,61,61,8,8,8,8,8,8,0,0,0],"gold":82,"neow_bonus":"THREE_ENEMY_KILL","is_daily":false,"chose_seed":false,"campfire_upgraded":1,"win_rate":0.0,"timestamp":1608685184,"path_taken":["R","M","M","?","M","?","T","R","M","E","$","M","?","E","M","BOSS"],"items_purchased_type":["Card","Card"],"build_version":"2020-12-13","purchased_purges":0,"victory":false,"max_hp_per_floor":[70,70,70,70,70,70,70,70,70,70,70,70,70,70,70,70,70,70],"relic_stats":{"counters":[12,54],"Eternal Feather":6,"obtain_stats":[{"downfall:HeartBlessingRed":8,"halation:IllGainedPizza":10,"downfall:HeartsMalice":0,"Eternal Feather":7,"DemoMod:GlassGuonStoneRelic":6,"DemoMod:RingOfEthereal":14,"hexamod:SpiritBrand":0},{"downfall:HeartBlessingRed":4,"halation:IllGainedPizza":6,"downfall:HeartsMalice":0,"Eternal Feather":4,"DemoMod:GlassGuonStoneRelic":4,"DemoMod:RingOfEthereal":10,"hexamod:SpiritBrand":0},{"downfall:HeartBlessingRed":6,"halation:IllGainedPizza":20,"downfall:HeartsMalice":0,"Eternal Feather":6,"DemoMod:GlassGuonStoneRelic":6,"DemoMod:RingOfEthereal":41,"hexamod:SpiritBrand":0}]},"card_choices":[{"not_picked":["hexamod:FirstSeal","hexamod:GhostShield"],"picked":"hexamod:FourthSeal","floor":2},{"not_picked":["hexamod:AdvancingGuard","hexamod:Firestarter"],"picked":"hexamod:GhostShield","floor":3},{"not_picked":["hexamod:HeatShield","hexamod:SpectralAdrenaline"],"picked":"hexamod:GhostOfSpireFuture","floor":5},{"not_picked":["hexamod:HeatShield","hexamod:SwordOfDarkness"],"picked":"hexamod:FastForward","floor":6},{"not_picked":["hexamod:FourthSeal","hexamod:Haunt"],"picked":"hexamod:GhostShield","floor":9},{"not_picked":["hexamod:SwordOfDarkness","hexamod:Firestarter"],"picked":"hexamod:StepThrough","floor":10},{"not_picked":["hexamod:GhostShield","hexamod:RadiantFlame"],"picked":"hexamod:SpectersWail","floor":11},{"not_picked":["hexamod:AdvancingGuard","hexamod:ExtraCrispy"],"picked":"hexamod:PhantomCloak","floor":12},{"not_picked":["hexamod:ThermalTransfer","hexamod:Again"],"picked":"hexamod:ShieldOfDarkness","floor":13},{"not_picked":["hexamod:HauntingEcho","hexamod:DynamicBlow"],"picked":"hexamod:Hexaguard","floor":14},{"not_picked":["hexamod:HeatCrush","hexamod:HeatMetal","hexamod:SwordOfDarkness"],"picked":"SKIP","floor":15}],"player_experience":563771,"relics_obtained":[{"floor":7,"key":"Eternal Feather"},{"floor":10,"key":"halation:IllGainedPizza"},{"floor":14,"key":"DemoMod:RingOfEthereal"}],"event_choices":[{"damage_healed":0,"gold_gain":0,"player_choice":"Upgraded","damage_taken":0,"max_hp_gain":0,"max_hp_loss":0,"event_name":"Upgrade Shrine","floor":4,"gold_loss":0,"cards_upgraded":["hexamod:Float"]}],"is_beta":false,"boss_relics":[],"items_purged_floors":[],"is_endless":false,"potions_floor_spawned":[6,12,14,15],"killed_by":"downfall:Defect","ascension_level":9}}