{"host":"580ga1x1z8x1b2ni","time":1608721706,"event":{"mods":["Act Like it!","BaseMod","BetterRewards","Hallownest","Hubris","Minty Spire (QoL Compilation)","Replay The Spire","StSLib","Waifu the Spire","[IsaacMod]ÒÔÈö¼âËþ","vexMod"],"gold_per_floor":[112,128,328,328,339,339,366,378,378,378,378],"floor_reached":10,"playtime":496,"items_purged":[],"score":85,"play_id":"14cf1ada-8137-4ab7-90bc-27dbf3f9e0cb","local_time":"20201223190826","is_ascension_mode":true,"campfire_choices":[{"data":"Entrench","floor":6.0,"key":"SMITH"}],"circlet_count":0,"master_deck":["Strike_R","Strike_R+1","Strike_R","Strike_R","Strike_R","Defend_R","Defend_R","Defend_R","Defend_R","Bash+1","Battle Trance","Entrench+1","ReplayTheSpireMod:Limb From Limb","Searing Blow","Limit Break"],"relics":["Burning Blood","HushsDoor","DeadEye","Hallownest:DreamNailRelic","Onion Ring","hubris:FunFungus"],"acts_visited":["Hallownest:Greenpath"],"potions_floor_usage":[],"damage_taken":[{"damage":2.0,"enemies":"Hallownest:monsterHuskGuard","floor":1.0,"turns":4.0},{"damage":6.0,"enemies":"Hallownest:2_MossCreeps","floor":2.0,"turns":4.0},{"damage":0.0,"enemies":"Hallownest:monsterHuskWarrior","floor":5.0,"turns":3.0},{"damage":32.0,"enemies":"Hallownest:eliteVengeflyKing","floor":7.0,"turns":7.0},{"damage":23.0,"enemies":"Hallownest:MossCreep_and_Mosskin","floor":8.0,"turns":5.0},{"damage":8,"enemies":"Hallownest:eliteMossKnight","floor":10,"turns":2}],"seed_played":"-9082877993044634754","potions_obtained":[{"floor":2.0,"key":"SpeedPotion"}],"is_trial":false,"path_per_floor":["M","M","?","?","M","R","E","M","T","E"],"character_chosen":"IRONCLAD","items_purchased":[],"campfire_rested":0,"item_purchase_floors":[],"current_hp_per_floor":[76,76,44,44,50,50,24,7,7,0,0],"gold":378,"neow_bonus":"RANDOM_EVENT","is_daily":false,"chose_seed":false,"campfire_upgraded":1,"win_rate":0.0,"timestamp":1608721706,"path_taken":["M","M","?","?","M","R","E","?","T","E"],"items_purchased_type":[],"build_version":"2020-12-22","purchased_purges":0,"victory":false,"max_hp_per_floor":[80,80,80,80,80,80,80,80,80,80,80],"card_choices":[{"not_picked":["hubris:ReadiedAction","hubris:SharpeningStone"],"picked":"Battle Trance","floor":1.0},{"not_picked":["True Grit","Armaments"],"picked":"Entrench","floor":2.0},{"not_picked":["Massacre","Iron Wave"],"picked":"ReplayTheSpireMod:Limb From Limb","floor":3.0},{"not_picked":["Rampage","Pommel Strike","Thunderclap"],"picked":"SKIP","floor":5.0},{"not_picked":["Shrug It Off","Dark Embrace"],"picked":"Searing Blow","floor":7.0},{"not_picked":["Pommel Strike","Thunderclap"],"picked":"Limit Break","floor":8.0}],"player_experience":205356,"relics_obtained":[{"floor":7.0,"key":"Onion Ring"},{"floor":9.0,"key":"hubris:FunFungus"}],"event_choices":[],"is_beta":false,"boss_relics":[],"items_purged_floors":[],"is_endless":false,"potions_floor_spawned":[2],"killed_by":"Hallownest:eliteMossKnight","ascension_level":6}}