{"host":"Rich","time":1608685893,"event":{"mods":["AchievementEnabler","BaseMod","Highlight Path","Minty Spire (QoL Compilation)","Relic Stats"],"gold_per_floor":[109,259,275,275,9,53,53,53,102,145,159,197,136,152,152,152,152],"floor_reached":16,"playtime":398,"items_purged":["Doubt"],"score":286,"play_id":"a1a5a0e2-bf42-42f3-b703-2f0838e1d4e3","local_time":"20201222201133","is_ascension_mode":true,"campfire_choices":[{"floor":8.0,"key":"REST"},{"data":"Blade Dance","floor":15.0,"key":"SMITH"}],"circlet_count":0,"master_deck":["AscendersBane","Strike_G","Strike_G","Strike_G","Strike_G","Strike_G","Defend_G","Defend_G","Defend_G","Defend_G","Defend_G","Survivor+1","Neutralize","Blur","Flying Knee","Noxious Fumes","Poisoned Stab+1","Cloak And Dagger","Blade Dance+1"],"relics":["Ring of the Snake","NeowsBlessing","Golden Idol","HornCleat","Potion Belt","Omamori","Regal Pillow"],"acts_visited":["Exordium"],"potions_floor_usage":[16,16,16],"damage_taken":[{"damage":0.0,"enemies":"Small Slimes","floor":1.0,"turns":1.0},{"damage":0.0,"enemies":"Jaw Worm","floor":3.0,"turns":1.0},{"damage":0.0,"enemies":"Lagavulin","floor":6.0,"turns":2.0},{"damage":7.0,"enemies":"3 Sentries","floor":10.0,"turns":7.0},{"damage":0.0,"enemies":"Cultist","floor":11.0,"turns":3.0},{"damage":8.0,"enemies":"Lagavulin","floor":12.0,"turns":8.0},{"damage":0.0,"enemies":"Blue Slaver","floor":14.0,"turns":3.0},{"damage":12,"enemies":"Slime Boss","floor":16,"turns":5}],"seed_played":"7532236353437513108","potions_obtained":[{"floor":3.0,"key":"Fire Potion"},{"floor":6.0,"key":"LiquidMemories"},{"floor":11.0,"key":"SkillPotion"},{"floor":12.0,"key":"SteroidPotion"}],"is_trial":false,"path_per_floor":["M","?","M","?","$","E","?","R","T","E","M","E","?","M","R","B"],"character_chosen":"THE_SILENT","items_purchased":["Noxious Fumes","EntropicBrew"],"campfire_rested":1,"item_purchase_floors":[5,5],"current_hp_per_floor":[59,59,59,36,36,36,16,35,35,28,28,20,20,20,20,8,8],"gold":152,"neow_bonus":"THREE_ENEMY_KILL","is_daily":false,"chose_seed":false,"campfire_upgraded":1,"win_rate":0.0,"timestamp":1608685893,"path_taken":["M","?","M","?","$","E","?","R","T","E","M","E","?","M","R","BOSS"],"items_purchased_type":["Card","Potion"],"build_version":"2020-12-18","purchased_purges":1,"victory":false,"max_hp_per_floor":[66,66,66,66,66,66,66,66,66,66,66,66,66,66,66,66,66],"relic_stats":{"Regal Pillow":0,"counters":[8,30],"Golden Idol":32,"obtain_stats":[{"Potion Belt":9,"Regal Pillow":12,"HornCleat":6,"NeowsBlessing":0,"Golden Idol":4,"Omamori":10,"Ring of the Snake":0},{"Potion Belt":3,"Regal Pillow":6,"HornCleat":3,"NeowsBlessing":0,"Golden Idol":2,"Omamori":4,"Ring of the Snake":0},{"Potion Belt":4,"Regal Pillow":22,"HornCleat":4,"NeowsBlessing":0,"Golden Idol":2,"Omamori":11,"Ring of the Snake":0}],"Ring of the Snake":[16]},"card_choices":[{"not_picked":["Deflect","PiercingWail"],"picked":"Blur","floor":1.0},{"not_picked":["Tactician","Sucker Punch"],"picked":"Flying Knee","floor":3.0},{"not_picked":["Choke","Slice"],"picked":"Poisoned Stab","floor":6.0},{"not_picked":["Distraction","Dagger Throw"],"picked":"Cloak And Dagger","floor":10.0},{"not_picked":["Outmaneuver","Unload","Prepared"],"picked":"SKIP","floor":11.0},{"not_picked":["Reflex","Predator"],"picked":"Blade Dance","floor":12.0},{"not_picked":["Prepared","Terror","Acrobatics"],"picked":"SKIP","floor":14.0}],"player_experience":1929025,"relics_obtained":[{"floor":6.0,"key":"HornCleat"},{"floor":9.0,"key":"Potion Belt"},{"floor":10.0,"key":"Omamori"},{"floor":12.0,"key":"Regal Pillow"}],"event_choices":[{"damage_healed":0.0,"max_hp_gain":0.0,"max_hp_loss":0.0,"gold_gain":150.0,"event_name":"Liars Game","player_choice":"AGREE","floor":2.0,"gold_loss":0.0,"damage_taken":0.0,"cards_obtained":["Doubt"]},{"damage_healed":0.0,"max_hp_gain":0.0,"max_hp_loss":0.0,"gold_gain":0.0,"event_name":"Golden Idol","player_choice":"Take Damage","floor":4.0,"gold_loss":0.0,"damage_taken":23.0,"relics_obtained":["Golden Idol"]},{"damage_healed":0.0,"max_hp_gain":0.0,"max_hp_loss":0.0,"gold_gain":0.0,"event_name":"Shining Light","player_choice":"Entered Light","floor":7.0,"gold_loss":0.0,"damage_taken":20.0,"cards_upgraded":["Poisoned Stab","Survivor"]},{"damage_healed":0.0,"max_hp_gain":0.0,"max_hp_loss":0.0,"gold_gain":0.0,"event_name":"World of Goop","player_choice":"Left Gold","floor":13.0,"gold_loss":61.0,"damage_taken":0.0}],"is_beta":true,"boss_relics":[],"items_purged_floors":[5],"is_endless":false,"potions_floor_spawned":[3,6,11,12],"killed_by":"Slime Boss","ascension_level":20}}