{"host":"g8bj5uairaafp22z","time":1608759229,"event":{"mods":["AchievementEnabler","BaseMod","BetterRewards","Card Forge","Colored Powertips","Minty Spire (QoL Compilation)","Quick Restart","StSLib"],"gold_per_floor":[113,113,41,61,61,61,95,107,146,158,202,228,240,427,439,550,562,585,597,609,632,664,701,728,740,752,798,260,271,304,219,219,317,317,333,333,109,121,137,168,168,499,499,499,529,529,529,549,549,549],"floor_reached":51,"playtime":2447,"items_purged":[],"score":1399,"play_id":"5a709838-d68c-4f6f-ac0d-c5b9a603ca42","local_time":"20201223223349","is_ascension_mode":true,"campfire_choices":[{"data":"Footwork","floor":6,"key":"SMITH"},{"data":"Poisoned Stab","floor":8,"key":"SMITH"},{"data":"Well Laid Plans","floor":10,"key":"SMITH"},{"floor":15,"key":"REST"},{"floor":32,"key":"REST"},{"floor":41,"key":"REST"},{"floor":44,"key":"RECALL"},{"floor":46,"key":"REST"},{"floor":49,"key":"REST"}],"circlet_count":0,"master_deck":["Defend_G+1","Defend_G+1","Defend_G+1","Defend_G+1","Defend_G+1","Survivor+1","Neutralize+1","CurseOfTheBell","Catalyst+1","Envenom+1","Corpse Explosion+1","Bouncing Flask+1","Bane+1","Noxious Fumes+1","After Image+1","Deadly Poison+1","Crippling Poison+1","Tools of the Trade+1","Sadistic Nature+1","Poisoned Stab+1","Dagger Spray+1","Footwork+1","Well Laid Plans+1","Poisoned Stab+1","Infinite Blades+1","Adrenaline+1","PiercingWail+1","Dagger Spray+1","Riddle With Holes+1","Dash+1","PiercingWail+1","Adrenaline+1","Noxious Fumes+1","Crippling Poison+1","Crippling Poison+1","Magnetism+1"],"relics":["Hammer of Thor","Seething Fire","Anvil of the Gods","Calling Bell","Boot","Ornamental Fan","TungstenRod","MawBank","Strawberry","Ninja Scroll","HoveringKite","War Paint","PreservedInsect","The Specimen","Bottled Lightning","Shuriken","InkBottle","Vajra","Gremlin Horn","Fusion Hammer","TheAbacus","Mango","Old Coin","HornCleat","StoneCalendar"],"acts_visited":["Exordium","TheCity","TheBeyond"],"potions_floor_usage":[18,30,33,33,50],"damage_taken":[{"damage":0,"enemies":"Cultist","floor":1,"turns":3},{"damage":0,"enemies":"2 Louse","floor":4,"turns":2},{"damage":10,"enemies":"3 Sentries","floor":7,"turns":3},{"damage":9,"enemies":"Gremlin Nob","floor":11,"turns":3},{"damage":0,"enemies":"Small Slimes","floor":12,"turns":2},{"damage":7,"enemies":"The Guardian","floor":16,"turns":6},{"damage":7,"enemies":"2 Thieves","floor":18,"turns":3},{"damage":0,"enemies":"3 Byrds","floor":21,"turns":3},{"damage":0,"enemies":"Cultist and Chosen","floor":22,"turns":3},{"damage":8,"enemies":"Book of Stabbing","floor":23,"turns":5},{"damage":6,"enemies":"Sentry and Sphere","floor":24,"turns":5},{"damage":22,"enemies":"Slavers","floor":27,"turns":2},{"damage":0,"enemies":"Snecko","floor":29,"turns":4},{"damage":4,"enemies":"Book of Stabbing","floor":30,"turns":4},{"damage":0,"enemies":"Champ","floor":33,"turns":6},{"damage":0,"enemies":"Orb Walker","floor":35,"turns":2},{"damage":0,"enemies":"3 Shapes","floor":38,"turns":3},{"damage":0,"enemies":"3 Darklings","floor":39,"turns":3},{"damage":13,"enemies":"Reptomancer","floor":40,"turns":4},{"damage":0,"enemies":"Giant Head","floor":42,"turns":5},{"damage":0,"enemies":"Nemesis","floor":45,"turns":3},{"damage":0,"enemies":"Sphere and 2 Shapes","floor":48,"turns":2},{"damage":10,"enemies":"Awakened One","floor":50,"turns":7}],"seed_played":"-8605883313904491586","potions_obtained":[{"floor":1,"key":"LiquidBronze"},{"floor":11,"key":"SkillPotion"},{"floor":12,"key":"LiquidBronze"},{"floor":18,"key":"LiquidMemories"},{"floor":29,"key":"Fruit Juice"},{"floor":30,"key":"LiquidMemories"},{"floor":33,"key":"FearPotion"},{"floor":35,"key":"FairyPotion"},{"floor":39,"key":"CunningPotion"},{"floor":48,"key":"FairyPotion"}],"is_trial":false,"path_per_floor":["M","?","$","M","$","R","E","R","T","R","E","M","?","?","R","B",null,"M","?","?","M","M","E","M","?","T","E","$","M","E","?","R","B",null,"M","?","$","M","M","E","R","E","T","R","E","R","?","M","R","B",null],"character_chosen":"THE_SILENT","items_purchased":["Footwork","Block Potion","Shuriken","InkBottle","Noxious Fumes","TheAbacus"],"campfire_rested":5,"item_purchase_floors":[3,28,28,28,37,37],"current_hp_per_floor":[63,68,68,68,68,68,58,58,65,65,56,56,42,42,65,58,72,65,65,65,65,65,57,51,51,51,29,29,29,30,30,54,54,75,75,75,75,75,75,76,96,96,96,96,96,96,96,96,96,86],"gold":549,"neow_bonus":"BOSS_RELIC","is_daily":false,"chose_seed":false,"campfire_upgraded":3,"win_rate":0.0,"timestamp":1608759229,"path_taken":["M","?","?","M","$","R","E","R","T","R","E","M","?","?","R","BOSS","M","?","?","M","M","E","?","?","T","E","$","?","E","?","R","BOSS","M","?","$","M","?","E","R","E","T","R","E","R","?","M","R","BOSS"],"items_purchased_type":["Card","Potion","Relic","Relic","Card","Relic"],"build_version":"2020-12-22","purchased_purges":0,"victory":true,"max_hp_per_floor":[70,70,70,70,70,70,70,70,77,77,77,77,77,77,77,77,77,77,77,77,77,77,77,77,77,77,77,77,77,82,82,82,82,82,82,82,82,82,82,96,96,96,96,96,96,96,96,96,96,96],"card_choices":[{"not_picked":["Prepared","Deflect"],"picked":"PiercingWail","floor":1},{"not_picked":["Crippling Poison","Distraction"],"picked":"Well Laid Plans","floor":4},{"not_picked":["Underhanded Strike","Accuracy"],"picked":"Poisoned Stab","floor":7},{"not_picked":["Blade Dance","Sucker Punch","Malaise"],"picked":"SKIP","floor":11},{"not_picked":["PiercingWail","Dagger Throw"],"picked":"Infinite Blades","floor":12},{"not_picked":["Night Terror","Unload"],"picked":"Adrenaline","floor":16},{"not_picked":["Setup","Prepared"],"picked":"PiercingWail+1","floor":18},{"not_picked":["Choke+1","Skewer"],"picked":"Dagger Spray+1","floor":21},{"not_picked":["Bouncing Flask","Deflect"],"picked":"Riddle With Holes","floor":22},{"not_picked":["Underhanded Strike","Setup+1","Deflect"],"picked":"SKIP","floor":23},{"not_picked":["Flechettes+1","Skewer","Outmaneuver"],"picked":"SKIP","floor":24},{"not_picked":["Cloak And Dagger","PiercingWail+1"],"picked":"Dash+1","floor":27},{"not_picked":["Reflex+1","Slice","Calculated Gamble+1"],"picked":"SKIP","floor":29},{"not_picked":["Unload","Setup"],"picked":"PiercingWail+1","floor":30},{"not_picked":["Corpse Explosion","Storm of Steel"],"picked":"Adrenaline","floor":33},{"not_picked":["Prepared","Bane+1","Sucker Punch+1"],"picked":"SKIP","floor":35},{"not_picked":["Sucker Punch+1","All Out Attack+1"],"picked":"Crippling Poison+1","floor":38},{"not_picked":["Deflect+1","Slice+1","Tactician"],"picked":"SKIP","floor":39},{"not_picked":["Dash","Prepared+1","Dodge and Roll+1"],"picked":"SKIP","floor":40},{"not_picked":["Sucker Punch","Slice+1","All Out Attack+1"],"picked":"SKIP","floor":42},{"not_picked":["Blade Dance+1","Slice+1"],"picked":"Crippling Poison+1","floor":45},{"not_picked":["Mind Blast","Secret Technique"],"picked":"Magnetism","floor":47},{"not_picked":["Blade Dance+1","Quick Slash+1","Choke+1"],"picked":"SKIP","floor":48}],"player_experience":469632,"relics_obtained":[{"floor":0,"key":"Boot"},{"floor":0,"key":"Ornamental Fan"},{"floor":0,"key":"TungstenRod"},{"floor":7,"key":"MawBank"},{"floor":9,"key":"Strawberry"},{"floor":11,"key":"Ninja Scroll"},{"floor":23,"key":"War Paint"},{"floor":26,"key":"The Specimen"},{"floor":27,"key":"Bottled Lightning"},{"floor":30,"key":"Vajra"},{"floor":40,"key":"Mango"},{"floor":42,"key":"Old Coin"},{"floor":43,"key":"HornCleat"},{"floor":45,"key":"StoneCalendar"}],"event_choices":[{"cards_removed":["PiercingWail"],"damage_healed":5,"gold_gain":0,"player_choice":"Offered Common","damage_taken":0,"max_hp_gain":0,"max_hp_loss":0,"event_name":"Bonfire Elementals","floor":2,"gold_loss":0},{"cards_removed":["PiercingWail"],"damage_healed":5,"gold_gain":0,"player_choice":"Offered Special","damage_taken":0,"max_hp_gain":0,"max_hp_loss":0,"event_name":"Bonfire Elementals","floor":2,"gold_loss":0},{"damage_healed":0,"gold_gain":0,"player_choice":"Entered Light","damage_taken":15,"max_hp_gain":0,"max_hp_loss":0,"event_name":"Shining Light","floor":13,"gold_loss":0,"cards_upgraded":["Defend_G","Infinite Blades"]},{"damage_healed":0,"gold_gain":175,"player_choice":"AGREE","damage_taken":0,"max_hp_gain":0,"max_hp_loss":0,"event_name":"Liars Game","floor":14,"gold_loss":0,"cards_obtained":["Doubt"]},{"damage_healed":0,"gold_gain":0,"player_choice":"Ignored","damage_taken":0,"max_hp_gain":0,"max_hp_loss":0,"event_name":"Ghosts","floor":19,"gold_loss":0},{"damage_healed":0,"gold_gain":0,"player_choice":"Ignored","damage_taken":0,"max_hp_gain":0,"max_hp_loss":0,"event_name":"Transmorgrifier","floor":20,"gold_loss":0},{"damage_healed":0,"gold_gain":0,"player_choice":"Gave Potion","damage_taken":0,"relics_obtained":["PreservedInsect"],"max_hp_gain":0,"max_hp_loss":0,"event_name":"WeMeetAgain","floor":25,"gold_loss":0},{"damage_healed":0,"gold_gain":0,"player_choice":"Obtained Relic","damage_taken":0,"relics_obtained":["Gremlin Horn"],"max_hp_gain":0,"max_hp_loss":0,"event_name":"Addict","floor":31,"gold_loss":85},{"damage_healed":0,"gold_gain":0,"player_choice":"0 cards matched","damage_taken":0,"max_hp_gain":0,"max_hp_loss":0,"event_name":"Match and Keep!","floor":36,"gold_loss":0,"cards_obtained":[]},{"damage_healed":0,"gold_gain":0,"player_choice":"Memory 1","damage_taken":0,"max_hp_gain":0,"max_hp_loss":0,"event_name":"SensoryStone","floor":47,"gold_loss":0}],"is_beta":false,"boss_relics":[{"not_picked":["Coffee Dripper","Tiny House"],"picked":"HoveringKite"},{"not_picked":["WristBlade","Runic Pyramid"],"picked":"Fusion Hammer"}],"items_purged_floors":[],"is_endless":false,"potions_floor_spawned":[1,11,12,18,24,29,30,33,35,39,42,48],"ascension_level":8}}