{"host":"15ff3ltgpietarej","time":1608763257,"event":{"mods":["BaseMod","Downfall","Highlight Path","Minty Spire (QoL Compilation)","StSLib"],"gold_per_floor":[114,189,108,121,86,86,120,120,144,144,176,202,234,246,258,367,379,407,419,246,246,246,279,279,279],"floor_reached":24,"playtime":694,"items_purged":["Pain"],"score":282,"play_id":"85a34959-7436-4954-a82b-beb0986470d7","local_time":"20201223234057","is_ascension_mode":true,"campfire_choices":[{"data":"BattleHymn","floor":6,"key":"SMITH"},{"data":"Worship","floor":8,"key":"SMITH"},{"floor":15,"key":"REST"}],"circlet_count":0,"master_deck":["Strike_P+1","Strike_P","Strike_P","Strike_P","Defend_P","Defend_P","Defend_P","Defend_P","Eruption+1","Vigilance","Nirvana","BattleHymn","BattleHymn+1","Worship+1","Devotion","ThirdEye","DeusExMachina","Nirvana","CarveReality"],"relics":["PureWater","NeowsBlessing","Art of War","Omamori","Sundial","MawBank","Calling Bell","Strawberry","Shuriken","Peace Pipe","WarpedTongs","Membership Card","Blue Candle","Whetstone"],"acts_visited":["Exordium","TheCity"],"potions_floor_usage":[11,11,11,11,11,11,16,23],"damage_taken":[{"damage":0,"enemies":"2 Louse","floor":1,"turns":1},{"damage":0,"enemies":"Cultist","floor":4,"turns":1},{"damage":0,"enemies":"Gremlin Nob","floor":7,"turns":1},{"damage":27,"enemies":"3 Sentries","floor":11,"turns":5},{"damage":4,"enemies":"Jaw Worm","floor":12,"turns":3},{"damage":3,"enemies":"Looter","floor":13,"turns":2},{"damage":19,"enemies":"Hexaghost","floor":16,"turns":6},{"damage":7,"enemies":"Chosen","floor":18,"turns":4},{"damage":50,"enemies":"Book of Stabbing","floor":23,"turns":6},{"damage":7,"enemies":"Spheric Guardian","floor":24,"turns":2}],"seed_played":"-4275612788983799634","potions_obtained":[{"floor":1,"key":"BottledMiracle"},{"floor":7,"key":"EntropicBrew"},{"floor":13,"key":"PowerPotion"}],"is_trial":false,"path_per_floor":["M","?","$","M","?","R","E","R","T","?","E","M","M","$","R","B",null,"M","?","$","?","T","E","M"],"character_chosen":"WATCHER","items_purchased":["BattleHymn","Membership Card"],"campfire_rested":1,"item_purchase_floors":[3,20],"current_hp_per_floor":[72,65,65,65,72,72,72,72,72,72,45,41,38,38,59,40,79,72,72,72,57,57,7,0,0],"gold":279,"neow_bonus":"THREE_ENEMY_KILL","is_daily":false,"chose_seed":false,"campfire_upgraded":2,"win_rate":0.0,"timestamp":1608763257,"path_taken":["M","?","?","M","?","R","E","R","T","?","E","M","M","$","R","BOSS","M","?","?","?","?","E","?"],"items_purchased_type":["Card","Relic"],"build_version":"2020-12-22","purchased_purges":1,"victory":false,"max_hp_per_floor":[72,72,72,72,72,72,72,72,72,72,72,72,72,72,72,72,79,79,79,79,84,84,84,84,84],"card_choices":[{"not_picked":["EmptyMind","Halt"],"picked":"Nirvana","floor":1},{"not_picked":["Meditate","EmptyBody"],"picked":"BattleHymn","floor":4},{"not_picked":["Weave","MentalFortress"],"picked":"Worship","floor":7},{"not_picked":["ForeignInfluence","SandsOfTime"],"picked":"Devotion","floor":11},{"not_picked":["WheelKick","Crescendo","FollowUp"],"picked":"SKIP","floor":12},{"not_picked":["Evaluate","FearNoEvil"],"picked":"ThirdEye","floor":13},{"not_picked":["Omniscience","ConjureBlade"],"picked":"DeusExMachina","floor":16},{"not_picked":["Crescendo","Consecrate"],"picked":"Nirvana","floor":18},{"not_picked":["EmptyBody+1","CrushJoints"],"picked":"CarveReality","floor":23}],"player_experience":403406,"relics_obtained":[{"floor":7,"key":"Art of War"},{"floor":9,"key":"Omamori"},{"floor":11,"key":"MawBank"},{"floor":17,"key":"Strawberry"},{"floor":17,"key":"Shuriken"},{"floor":17,"key":"Peace Pipe"},{"floor":22,"key":"Blue Candle"},{"floor":23,"key":"Whetstone"}],"event_choices":[{"damage_healed":0,"gold_gain":75,"player_choice":"Touch","damage_taken":7,"max_hp_gain":0,"max_hp_loss":0,"event_name":"FaceTrader","floor":2,"gold_loss":0},{"damage_healed":18,"gold_gain":0,"player_choice":"Healed","damage_taken":0,"max_hp_gain":0,"max_hp_loss":0,"event_name":"The Cleric","floor":5,"gold_loss":35},{"damage_healed":0,"gold_gain":0,"player_choice":"Box","damage_taken":0,"relics_obtained":["Sundial"],"max_hp_gain":0,"max_hp_loss":0,"event_name":"Big Fish","floor":10,"gold_loss":0,"cards_obtained":["Regret"]},{"damage_healed":0,"gold_gain":0,"player_choice":"Rummage","damage_taken":0,"relics_obtained":["WarpedTongs"],"max_hp_gain":0,"max_hp_loss":0,"event_name":"Accursed Blacksmith","floor":19,"gold_loss":0,"cards_obtained":["Pain"]},{"damage_healed":0,"gold_gain":0,"player_choice":"Shed Blood","damage_taken":20,"max_hp_gain":5,"max_hp_loss":0,"event_name":"Forgotten Altar","floor":21,"gold_loss":0}],"is_beta":false,"boss_relics":[{"not_picked":["Busted Crown","Pandora\u0027s Box"],"picked":"Calling Bell"}],"items_purged_floors":[20],"is_endless":false,"potions_floor_spawned":[1,7,13],"killed_by":"Spheric Guardian","ascension_level":3}}