{"host":"1g0zx6fxgd1m75qs","time":1608737428,"event":{"mods":["Act Like it!","BaseMod","GifTheSpireLib","Googly Eyes","Ironclad Rager","Menagerie","Minty Spire (QoL Compilation)","StSLib","The Jungle","The Marked"],"gold_per_floor":[109,334,142,142,155,155,169,187,232,261,279,279,295,312,312,411,411,428,239,164,164],"floor_reached":20,"playtime":691,"items_purged":["Shame"],"score":176,"play_id":"c1e0c3ad-e8f9-406b-8d7d-c4c6de23e681","local_time":"20201223163028","is_ascension_mode":false,"campfire_choices":[{"data":"Loop","floor":6.0,"key":"SMITH"},{"floor":12.0,"key":"REST"},{"floor":15.0,"key":"REST"}],"circlet_count":0,"master_deck":["Zap","Dualcast","ICR:ProbingStrike","ICR:ProbingStrike","ICR:AutoDefend","ICR:AutoDefend","ICR:AutoDefend","ICR:AutoDefend","Leap","Ball Lightning","Loop+1","Menagerie:Slaughter","Static Discharge","Coolheaded","Loop","Redo","Storm","Machine Learning","Storm"],"relics":["Cracked Core","Boot","Empty Cage","Runic Capacitor"],"acts_visited":["Menagerie:Menagerie","TheCity"],"potions_floor_usage":[],"damage_taken":[{"damage":0.0,"enemies":"Menagerie:WhisperingWraith","floor":1.0,"turns":4.0},{"damage":9.0,"enemies":"Menagerie:MonstrousExperiment","floor":5.0,"turns":3.0},{"damage":3.0,"enemies":"Menagerie:2_RABBITS","floor":7.0,"turns":3.0},{"damage":3.0,"enemies":"Menagerie:Hexasnake","floor":8.0,"turns":4.0},{"damage":34.0,"enemies":"Menagerie:Hydra","floor":10.0,"turns":5.0},{"damage":10.0,"enemies":"Menagerie:STYGIAN_BOAR_AND_WHISPERING_WRAITH","floor":11.0,"turns":5.0},{"damage":10.0,"enemies":"Menagerie:MENAGERIE_WILDLIFE","floor":13.0,"turns":3.0},{"damage":5.0,"enemies":"Menagerie:3_RABBITS","floor":14.0,"turns":4.0},{"damage":20.0,"enemies":"Menagerie:Suneater","floor":16.0,"turns":9.0},{"damage":31.0,"enemies":"Chosen","floor":18.0,"turns":5.0},{"damage":44,"enemies":"2 Thieves","floor":20,"turns":3}],"seed_played":"590702553142522489","potions_obtained":[{"floor":1.0,"key":"EssenceOfSteel"},{"floor":7.0,"key":"SpeedPotion"},{"floor":10.0,"key":"SneckoOil"},{"floor":14.0,"key":"EssenceOfSteel"}],"is_trial":false,"path_per_floor":["M","?","$","?","M","R","M","M","T","E","M","R","M","M","R","B",null,"M","$","M"],"character_chosen":"DEFECT","items_purchased":["Ball Lightning","Loop","Storm","Runic Capacitor"],"campfire_rested":2,"item_purchase_floors":[3,3,19,19],"current_hp_per_floor":[75,75,75,70,61,61,58,55,55,21,11,33,23,18,40,20,75,44,44,0,0],"gold":164,"neow_bonus":"DEFECT_WARDEN","is_daily":false,"chose_seed":false,"campfire_upgraded":1,"win_rate":0.0,"timestamp":1608737428,"path_taken":["M","?","$","?","M","R","M","M","T","E","M","R","?","M","R","BOSS","M","$","M"],"items_purchased_type":["Card","Card","Card","Relic"],"build_version":"2020-12-22","purchased_purges":1,"victory":false,"max_hp_per_floor":[75,75,75,75,75,75,75,75,75,75,75,75,75,75,75,75,75,75,75,75,75],"card_choices":[{"not_picked":["Genetic Algorithm","Gash"],"picked":"Leap","floor":1.0},{"not_picked":["Doom and Gloom","Darkness"],"picked":"Static Discharge","floor":5.0},{"not_picked":["Gash","Conserve Battery","Hologram"],"picked":"SKIP","floor":7.0},{"not_picked":["Conserve Battery","Beam Cell"],"picked":"Coolheaded","floor":8.0},{"not_picked":["Coolheaded","Chaos"],"picked":"Loop","floor":10.0},{"not_picked":["Echo Form","Chill"],"picked":"Redo","floor":11.0},{"not_picked":["Tempest","Auto Shields"],"picked":"Storm","floor":13.0},{"not_picked":["Rebound","Leap","Chaos"],"picked":"SKIP","floor":14.0},{"not_picked":["Amplify","Buffer"],"picked":"Machine Learning","floor":16.0},{"not_picked":["Sunder","Turbo","Hologram"],"picked":"SKIP","floor":18.0}],"player_experience":391467,"relics_obtained":[{"floor":10.0,"key":"Boot"}],"event_choices":[{"damage_healed":0.0,"max_hp_gain":0.0,"max_hp_loss":0.0,"gold_gain":225.0,"event_name":"Menagerie:SpiderNest","player_choice":"Raid","floor":2.0,"gold_loss":0.0,"damage_taken":0.0,"cards_obtained":["Shame"]},{"damage_healed":0.0,"max_hp_gain":0.0,"max_hp_loss":0.0,"gold_gain":0.0,"event_name":"Menagerie:MageAndMonster","player_choice":"Help the mage","floor":4.0,"gold_loss":0.0,"damage_taken":5.0,"cards_obtained":["Menagerie:Slaughter"]}],"is_beta":false,"boss_relics":[{"not_picked":["Runic Pyramid","Coffee Dripper"],"picked":"Empty Cage"}],"items_purged_floors":[3],"is_endless":false,"potions_floor_spawned":[1,7,10,14],"killed_by":"2 Thieves","ascension_level":0}}