{"host":"w0w6jcqjdtkzk2bw","time":1608766028,"event":{"mods":["2.2 Compatiblity","AchievementEnabler","Aspiration","BaseMod","BetterRewards","Colored Map","Colored Powertips","Conspire","DeckTracker","Downfall","Energized Spire","Friendly Minions","Hermit","Highlight Path","Hubris","Infinite Spire","Marisa????????","Minty Spire (QoL Compilation)","Permanent Neow","Quick Restart","Replay The Spire","Shade Mod","StSLib","Synergy Search","Td1madao Mod","The Administrix","The Bug Knight","The Construct","The Disciple","The Druid","The Gatherer","The Runesmith","The Spell Scribe","TheFirefly","TheSwordswoman"],"gold_per_floor":[114,133,150,169,21,50,125,125,125],"floor_reached":8,"playtime":794,"items_purged":[],"score":91,"play_id":"775435f4-d3cd-4087-bc91-3cf016dc0188","local_time":"20201223182708","is_ascension_mode":true,"campfire_choices":[],"circlet_count":0,"master_deck":["Shade:Strike_Shade","Shade:Strike_Shade","Shade:Strike_Shade","Shade:Strike_Shade","Shade:Defend_Shade","Shade:Defend_Shade","Shade:Defend_Shade","Shade:Defend_Shade","Shade:AnimateDead","Shade:CarefulCut","expansioncontent:DecasProtection","Shade:FeralStrike","Shade:Bonestorm","Shade:Bite_Shade","Shade:FleshToFlesh","Shade:AblativeArmor","Shade:AuraOfUnlife","Shade:Brains"],"relics":["Shade:YorickSkull","Bag of Marbles"],"acts_visited":["Exordium"],"potions_floor_usage":[6],"damage_taken":[{"damage":2,"enemies":"Cultist","floor":1,"turns":5},{"damage":7,"enemies":"Jaw Worm","floor":2,"turns":4},{"damage":0,"enemies":"Small Slimes","floor":3,"turns":4},{"damage":3,"enemies":"Blue Slaver","floor":4,"turns":4},{"damage":12,"enemies":"Gremlin Nob","floor":6,"turns":3},{"damage":54,"enemies":"Lagavulin","floor":8,"turns":29}],"seed_played":"-3331272285412303961","potions_obtained":[{"floor":2,"key":"SpeedPotion"},{"floor":4,"key":"Death Potion"}],"is_trial":false,"path_per_floor":["M","M","M","M","$","E","?","E"],"character_chosen":"SHADE","items_purchased":["Shade:AblativeArmor","Shade:AuraOfUnlife"],"campfire_rested":0,"item_purchase_floors":[5,5],"current_hp_per_floor":[63,56,56,55,55,45,34,0,0],"gold":125,"neow_bonus":"RANDOM_COLORLESS","is_daily":false,"chose_seed":false,"campfire_upgraded":0,"win_rate":0.0,"timestamp":1608766028,"path_taken":["M","M","?","M","$","E","?","E"],"items_purchased_type":["Card","Card"],"build_version":"2020-12-22","purchased_purges":0,"victory":false,"max_hp_per_floor":[65,65,65,65,65,65,65,65,65],"card_choices":[{"not_picked":["Good Instincts","expansioncontent:LastStand"],"picked":"expansioncontent:DecasProtection","floor":0},{"not_picked":["Shade:GraveStillness","Shade:BoneShards"],"picked":"Shade:FeralStrike","floor":1},{"not_picked":["Shade:Premonition","Shade:FuneraryArmor"],"picked":"Shade:Bonestorm","floor":2},{"not_picked":["Shade:CoffinDance","Shade:PressTheAttack"],"picked":"Shade:Bite_Shade","floor":3},{"not_picked":["Shade:PressTheAttack","Shade:FeralStrike"],"picked":"Shade:FleshToFlesh","floor":4},{"not_picked":["Shade:FingerOfDeath","Shade:UnbarTheGrave"],"picked":"Shade:Brains","floor":6}],"player_experience":407944,"relics_obtained":[{"floor":6,"key":"Bag of Marbles"}],"event_choices":[{"damage_healed":0,"gold_gain":75,"player_choice":"Gather Gold","damage_taken":11,"max_hp_gain":0,"max_hp_loss":0,"event_name":"World of Goop","floor":7,"gold_loss":0}],"is_beta":false,"boss_relics":[],"items_purged_floors":[],"is_endless":false,"potions_floor_spawned":[2,4],"killed_by":"Lagavulin","ascension_level":2}}