{"host":"xko5sdb82mf02c09","time":1608750707,"event":{"mods":["AchievementEnabler","BaseMod","Colored Map","Minty Spire (QoL Compilation)","Quick Restart","StSLib","everything is the same but u backflip on backflip"],"gold_per_floor":[111,123,123,48,125,125,152,171,197,197,255,2,37,50,50,121,121,141,66,66,66,85,85,116,126,151,163,63,83,115,135,135,135,135],"floor_reached":33,"playtime":1071,"items_purged":["Strike_B","Strike_B"],"score":740,"play_id":"fc0b586a-bc77-4132-bf6d-17e97811a364","local_time":"20201224041147","is_ascension_mode":true,"campfire_choices":[{"data":"Zap","floor":6,"key":"SMITH"},{"data":"Zap","floor":10,"key":"SMITH"},{"data":"Apotheosis","floor":15,"key":"SMITH"},{"floor":23,"key":"REST"},{"floor":32,"key":"REST"}],"circlet_count":0,"master_deck":["AscendersBane","Strike_B","Strike_B","Defend_B","Defend_B","Defend_B","Zap+1","Dualcast","Beam Cell","Ball Lightning","Zap+1","Leap","Reboot","Turbo","Apotheosis+1","Coolheaded","Hello World","Glacier","Electrodynamics","Loop","Redo+1","Ball Lightning","Skim","Tempest","Self Repair+1","Turbo"],"relics":["Cracked Core","NeowsBlessing","InkBottle","Sundial","Anchor","Omamori","Fusion Hammer","Enchiridion","Symbiotic Virus","Nunchaku","MealTicket","DataDisk"],"acts_visited":["Exordium","TheCity"],"potions_floor_usage":[16,27,33],"damage_taken":[{"damage":0,"enemies":"Cultist","floor":1,"turns":1},{"damage":0,"enemies":"Jaw Worm","floor":2,"turns":1},{"damage":0,"enemies":"3 Sentries","floor":7,"turns":1},{"damage":0,"enemies":"2 Louse","floor":8,"turns":2},{"damage":30,"enemies":"3 Sentries","floor":11,"turns":8},{"damage":1,"enemies":"Lagavulin","floor":13,"turns":4},{"damage":1,"enemies":"Looter","floor":14,"turns":2},{"damage":0,"enemies":"Hexaghost","floor":16,"turns":8},{"damage":9,"enemies":"Shell Parasite","floor":18,"turns":3},{"damage":10,"enemies":"2 Thieves","floor":22,"turns":3},{"damage":10,"enemies":"Book of Stabbing","floor":24,"turns":4},{"damage":0,"enemies":"Centurion and Healer","floor":25,"turns":4},{"damage":5,"enemies":"Snake Plant","floor":27,"turns":2},{"damage":0,"enemies":"Cultist and Chosen","floor":29,"turns":3},{"damage":19,"enemies":"Slavers","floor":30,"turns":2},{"damage":3,"enemies":"Centurion and Healer","floor":31,"turns":4},{"damage":47,"enemies":"Collector","floor":33,"turns":6}],"seed_played":"2591482035916185053","potions_obtained":[{"floor":7,"key":"Weak Potion"},{"floor":13,"key":"BlessingOfTheForge"},{"floor":18,"key":"SneckoOil"},{"floor":27,"key":"EssenceOfDarkness"}],"is_trial":false,"path_per_floor":["M","M","?","$","T","R","E","M","T","R","?","$","E","M","R","B",null,"M","?","?","T","M","R","E","M","T","M","$","M","E","M","R","B"],"character_chosen":"DEFECT","items_purchased":["Apotheosis","Coolheaded"],"campfire_rested":2,"item_purchase_floors":[12,12],"current_hp_per_floor":[64,64,64,64,64,64,64,64,64,64,34,34,33,32,32,32,61,52,52,31,31,21,42,32,32,32,27,42,42,23,20,41,0,0],"gold":135,"neow_bonus":"THREE_ENEMY_KILL","is_daily":false,"chose_seed":false,"campfire_upgraded":3,"win_rate":0.0,"timestamp":1608750707,"path_taken":["M","M","?","$","?","R","E","?","T","R","?","$","E","M","R","BOSS","M","?","?","?","M","R","E","M","T","M","?","?","E","M","R","BOSS"],"items_purchased_type":["Card","Card"],"build_version":"2020-12-22","purchased_purges":2,"victory":false,"max_hp_per_floor":[71,71,71,71,71,71,71,71,71,71,71,71,71,71,71,71,71,71,71,71,71,71,71,71,71,71,71,71,71,71,71,71,71,71],"card_choices":[{"not_picked":["Go for the Eyes","Conserve Battery"],"picked":"Beam Cell","floor":1},{"not_picked":["Blizzard","Streamline"],"picked":"Ball Lightning","floor":2},{"not_picked":["Lockon","Blizzard","Aggregate"],"picked":"SKIP","floor":7},{"not_picked":["Hologram","Leap"],"picked":"Reboot","floor":8},{"not_picked":["Barrage","Leap"],"picked":"Turbo","floor":11},{"not_picked":["Leap","Go for the Eyes"],"picked":"Hello World","floor":13},{"not_picked":["Hello World","Heatsinks"],"picked":"Glacier","floor":14},{"not_picked":["Rainbow","Reboot"],"picked":"Electrodynamics","floor":16},{"not_picked":["Sweeping Beam","Glacier"],"picked":"Loop","floor":18},{"not_picked":["Sweeping Beam","Cold Snap"],"picked":"Redo+1","floor":22},{"not_picked":["Turbo","Redo","Doom and Gloom"],"picked":"SKIP","floor":24},{"not_picked":["Cold Snap","Reprogram"],"picked":"Ball Lightning","floor":25},{"not_picked":["Reprogram","Beam Cell+1"],"picked":"Skim","floor":27},{"not_picked":["Redo","Beam Cell"],"picked":"Tempest","floor":29},{"not_picked":["Ball Lightning","Turbo"],"picked":"Self Repair+1","floor":30},{"not_picked":["Leap","Rebound"],"picked":"Turbo","floor":31}],"player_experience":695959,"relics_obtained":[{"floor":5,"key":"InkBottle"},{"floor":7,"key":"Sundial"},{"floor":11,"key":"Anchor"},{"floor":13,"key":"Omamori"},{"floor":20,"key":"Enchiridion"},{"floor":21,"key":"Symbiotic Virus"},{"floor":24,"key":"Nunchaku"},{"floor":26,"key":"MealTicket"},{"floor":30,"key":"DataDisk"}],"event_choices":[{"damage_healed":0,"gold_gain":0,"player_choice":"2 cards matched","damage_taken":0,"max_hp_gain":0,"max_hp_loss":0,"event_name":"Match and Keep!","floor":3,"gold_loss":0,"cards_obtained":["Zap","Leap"]},{"damage_healed":0,"gold_gain":0,"player_choice":"Searched \u00271\u0027 times","damage_taken":0,"max_hp_gain":0,"max_hp_loss":0,"event_name":"Dead Adventurer","floor":11,"gold_loss":0},{"cards_removed":["Defend_B"],"damage_healed":0,"gold_gain":0,"player_choice":"Gave Gold","damage_taken":0,"max_hp_gain":0,"max_hp_loss":0,"event_name":"Beggar","floor":19,"gold_loss":75},{"damage_healed":0,"gold_gain":0,"player_choice":"Obtained Book","damage_taken":21,"max_hp_gain":0,"max_hp_loss":0,"event_name":"Cursed Tome","floor":20,"gold_loss":0}],"is_beta":false,"boss_relics":[{"not_picked":["Cursed Key","Black Star"],"picked":"Fusion Hammer"}],"items_purged_floors":[4,28],"is_endless":false,"potions_floor_spawned":[7,13,14,18,25,27,30,31],"killed_by":"Collector","ascension_level":20}}