{"host":"nnt34ungdh9fkcmy","time":1608691630,"event":{"mods":["BaseMod","Downfall","Minty Spire (QoL Compilation)","StSLib","SuperFastMode"],"gold_per_floor":[99,109,128,128,142,158,158,192,192,217,230,245,245,279,292,393,393,318,318,318,318,318,318,318,318,318,243,243,243,243,243,243,243,243,168,168,168,168,168,168,168,168,168,168,168,24,24,24,24,24,24,24,24,24,24],"floor_reached":56,"playtime":3309,"items_purged":["champ:Control"],"score":1437,"play_id":"ddfe328f-d5e1-466d-8184-3ba4d0d34edf","local_time":"20201222194710","is_ascension_mode":true,"campfire_choices":[{"data":"champ:Execute","floor":1,"key":"SMITH"},{"data":"champ:StrikeOfGenius","floor":13,"key":"SMITH"},{"data":"champ:PerfectForm","floor":18,"key":"SMITH"},{"floor":27,"key":"RECALL"},{"data":"champ:HoldFirm","floor":35,"key":"SMITH"},{"data":"champ:Duel","floor":54,"key":"SMITH"}],"circlet_count":0,"master_deck":["champ:Execute+1","champ:Taunt","champ:FanOfKnives","champ:DeathBlow","champ:FlashCut","champ:BringItOn","champ:StrikeOfGenius+1","champ:Encircle","champ:RisingSlash","champ:ViciousMockery","champ:Lariat","champ:PerfectForm+1","champ:GladiatorsShout+1","champ:TornadoPunch+1","champ:Haymaker","champ:SkillfulDodge","champ:AdrenalArmor+1","champ:ArenaPreparation","champ:TornadoPunch+1","champ:ArenaPreparation+1","champ:SteelEdge","champ:FaceSlap","champ:DefensiveStyle","champ:SwordThrow","champ:GladiatorStyle","champ:IgnorePain","champ:HoldFirm+1","champ:RapidStrikes+1","champ:Duel+1"],"relics":["Philosopher\u0027s Stone","downfall:ShatteredFragment","Question Card","Mummified Hand","Meat on the Bone","Lantern","Ectoplasm","downfall:HeartBlessingGreen","downfall:HeartBlessingBlue","Letter Opener","CeramicFish","Pandora\u0027s Box","downfall:HeartBlessingRed","Orichalcum","MealTicket","Happy Flower","Anchor","Torii"],"acts_visited":["Exordium","TheCity","TheBeyond","TheEnding"],"potions_floor_usage":[30,30,30,55,55],"damage_taken":[{"damage":9,"enemies":"Jaw Worm","floor":2,"turns":3},{"damage":0,"enemies":"Small Slimes","floor":3,"turns":2},{"damage":5,"enemies":"Cultist","floor":5,"turns":2},{"damage":16,"enemies":"Blue Slaver","floor":6,"turns":3},{"damage":30,"enemies":"Gremlin Nob","floor":8,"turns":3},{"damage":18,"enemies":"Lagavulin","floor":10,"turns":6},{"damage":19,"enemies":"Large Slime","floor":11,"turns":4},{"damage":10,"enemies":"Lots of Slimes","floor":12,"turns":1},{"damage":28,"enemies":"Gremlin Nob","floor":14,"turns":3},{"damage":2,"enemies":"3 Louse","floor":15,"turns":2},{"damage":29,"enemies":"downfall:Ironclad","floor":16,"turns":6},{"damage":16,"enemies":"Spheric Guardian","floor":19,"turns":3},{"damage":18,"enemies":"Chosen","floor":20,"turns":4},{"damage":21,"enemies":"Snecko","floor":23,"turns":3},{"damage":17,"enemies":"Snake Plant","floor":26,"turns":3},{"damage":34,"enemies":"Book of Stabbing","floor":28,"turns":5},{"damage":33,"enemies":"Centurion and Healer","floor":29,"turns":2},{"damage":21,"enemies":"Slavers","floor":30,"turns":3},{"damage":34,"enemies":"Chosen and Byrds","floor":32,"turns":3},{"damage":104,"enemies":"downfall:Watcher","floor":33,"turns":5},{"damage":34,"enemies":"Orb Walker","floor":36,"turns":2},{"damage":19,"enemies":"3 Darklings","floor":37,"turns":4},{"damage":40,"enemies":"Spire Growth","floor":39,"turns":3},{"damage":76,"enemies":"Giant Head","floor":40,"turns":4},{"damage":68,"enemies":"Transient","floor":42,"turns":5},{"damage":16,"enemies":"4 Shapes","floor":43,"turns":2},{"damage":38,"enemies":"Reptomancer","floor":44,"turns":5},{"damage":49,"enemies":"Sphere and 2 Shapes","floor":45,"turns":2},{"damage":45,"enemies":"downfall:FleeingMerchant","floor":46,"turns":3},{"damage":43,"enemies":"3 Darklings","floor":47,"turns":3},{"damage":68,"enemies":"Giant Head","floor":48,"turns":5},{"damage":35,"enemies":"4 Shapes","floor":49,"turns":2},{"damage":114,"enemies":"downfall:Silent","floor":50,"turns":4},{"damage":97,"enemies":"downfall:CharBossMerchant","floor":52,"turns":6},{"damage":147,"enemies":"downfall:NeowBoss","floor":55,"turns":17}],"seed_played":"844643239955654500","potions_obtained":[{"floor":3,"key":"Swift Potion"},{"floor":8,"key":"Fire Potion"},{"floor":10,"key":"Swift Potion"},{"floor":14,"key":"Block Potion"},{"floor":30,"key":"champ:OpenerPotion"},{"floor":32,"key":"Dexterity Potion"},{"floor":33,"key":"BlessingOfTheForge"},{"floor":43,"key":"Regen Potion"},{"floor":45,"key":"Regen Potion"},{"floor":48,"key":"SkillPotion"},{"floor":49,"key":"PowerPotion"}],"is_trial":false,"path_per_floor":["R","M","M","?","M","M","T","E","?","E","M","M","R","E","M","B",null,"R","M","M","?","?","M","T","?","M","R","E","M","E","?","M","B",null,"R","M","M","?","M","E","T","M","M","E","M","$","M","E","M","B",null,"E","$","R","B",null],"character_chosen":"THE_CHAMP","items_purchased":["champ:Duel"],"campfire_rested":0,"item_purchase_floors":[46],"current_hp_per_floor":[90,86,86,59,59,46,46,34,34,31,43,55,55,60,60,66,90,90,86,86,86,86,86,86,86,84,94,81,93,79,79,83,79,100,100,100,100,100,89,89,89,100,100,100,90,100,100,100,100,77,100,71,86,86,93],"gold":24,"neow_bonus":"BOSS_RELIC","is_daily":false,"chose_seed":false,"campfire_upgraded":5,"win_rate":0.0,"timestamp":1608691630,"path_taken":["R","M","M","?","M","M","T","E","?","E","M","M","R","E","M","BOSS","R","M","M","?","?","M","T","?","?","R","E","M","E","?","M","BOSS","R","M","M","?","M","E","T","M","M","E","M","?","M","E","M","BOSS","E","$","R","BOSS"],"items_purchased_type":["Card"],"build_version":"2020-12-13","purchased_purges":1,"victory":true,"max_hp_per_floor":[90,90,90,90,90,90,90,90,90,90,90,90,90,90,90,90,90,90,90,90,90,90,90,90,90,90,100,100,100,100,100,100,100,100,100,100,100,100,100,100,100,100,100,100,100,100,100,100,100,100,100,100,100,100,100],"card_choices":[{"not_picked":["champ:TornadoPunch","champ:Circumvent"],"picked":"champ:FanOfKnives","floor":2},{"not_picked":["champ:Circumvent","champ:ShieldWall"],"picked":"champ:DeathBlow","floor":3},{"not_picked":["champ:BerserkersShout","champ:Circumvent"],"picked":"champ:FlashCut","floor":5},{"not_picked":["champ:FanOfKnives","champ:Backstep","champ:IronFortress"],"picked":"SKIP","floor":6},{"not_picked":["champ:FanOfKnives","champ:TornadoPunch","champ:BladeFlurry"],"picked":"champ:BringItOn","floor":8},{"not_picked":["champ:FocusedBerserking","champ:RageSigil","champ:RisingSlash"],"picked":"champ:StrikeOfGenius","floor":10},{"not_picked":["champ:BladeFlurry","champ:DefensiveShout","champ:BringItOn"],"picked":"champ:Encircle","floor":11},{"not_picked":["champ:Circumvent","champ:Riposte","champ:FanOfKnives"],"picked":"champ:RisingSlash","floor":12},{"not_picked":["champ:StanceDance","champ:BerserkersShout","champ:GutPunch"],"picked":"champ:ViciousMockery","floor":14},{"not_picked":["champ:FanOfKnives","champ:BringItOn","champ:Haymaker"],"picked":"champ:Lariat","floor":15},{"not_picked":["champ:ShieldSlam","champ:SteelEdge","champ:HoldFirm"],"picked":"champ:PerfectForm","floor":16},{"not_picked":["champ:EnGarde","champ:PerfectedStrike","champ:BringItOn"],"picked":"champ:GladiatorsShout+1","floor":19},{"not_picked":["champ:CalledShot","champ:SwordSigil+1","champ:EndlessRage"],"picked":"champ:TornadoPunch+1","floor":20},{"not_picked":["champ:Backstep+1","champ:PerfectedStrike+1","champ:RapidStrikes"],"picked":"champ:SkillfulDodge","floor":23},{"not_picked":["champ:PerfectedStrike","champ:StanceDance+1","champ:DancingMaster"],"picked":"champ:AdrenalArmor+1","floor":26},{"not_picked":["champ:Backstep","champ:Encircle","champ:MurderStrike"],"picked":"champ:ArenaPreparation","floor":28},{"not_picked":["champ:SkillfulDodge+1","champ:RageSigil","champ:GladiatorsShout","champ:Backstep"],"picked":"SKIP","floor":29},{"not_picked":["champ:StanceDance","champ:Backstep+1","champ:StrikeOfGenius"],"picked":"champ:TornadoPunch+1","floor":30},{"not_picked":["champ:TornadoPunch","champ:GladiatorsShout","champ:CrookedStrike"],"picked":"champ:ArenaPreparation+1","floor":32},{"not_picked":["champ:LastStand","champ:IgnorePain","champ:CrownThrow"],"picked":"champ:SteelEdge","floor":33},{"not_picked":["champ:FlashCut","champ:DefensiveStyle","champ:ShieldWall","champ:Balance+1"],"picked":"SKIP","floor":36},{"not_picked":["champ:ViciousMockery+1","champ:RageSigil+1","champ:ArenaPreparation","champ:BerserkersShout"],"picked":"SKIP","floor":37},{"not_picked":["champ:GladiatorsShout","champ:BladeFlurry","champ:FlashCut","champ:DefensiveShout"],"picked":"SKIP","floor":39},{"not_picked":["champ:Haymaker+1","champ:Riposte+1","champ:ViciousMockery+1"],"picked":"champ:RapidStrikes+1","floor":40},{"not_picked":["champ:PerfectedStrike+1","champ:GutPunch+1","champ:Circumvent","champ:FocusedGladiator+1"],"picked":"SKIP","floor":42},{"not_picked":["champ:FaceSlap+1","champ:CrownThrow","champ:StanceDance","champ:BringItOn+1"],"picked":"SKIP","floor":43},{"not_picked":["champ:StanceDance","champ:FanOfKnives+1","champ:FightOn","champ:FlashCut+1"],"picked":"SKIP","floor":44},{"not_picked":["champ:StanceDance","champ:FanOfKnives+1","champ:FightOn","champ:FlashCut+1"],"picked":"SKIP","floor":44},{"not_picked":["champ:StanceDance","champ:FanOfKnives+1","champ:FightOn","champ:FlashCut+1"],"picked":"SKIP","floor":44},{"not_picked":["champ:TornadoPunch+1","champ:ShieldSigil+1","champ:BladeFlurry","champ:FlashCut+1"],"picked":"SKIP","floor":45},{"not_picked":["champ:BerserkersShout","champ:StanceDance+1","champ:AdrenalArmor+1","champ:PreciseThrust"],"picked":"SKIP","floor":46},{"not_picked":["champ:EnragedBash","champ:StanceDance+1","champ:GladiatorStyle+1","champ:TornadoPunch+1"],"picked":"SKIP","floor":47},{"not_picked":["champ:LastStand","champ:GladiatorStyle+1","champ:FanOfKnives","champ:GladiatorsShout"],"picked":"SKIP","floor":48},{"not_picked":["champ:ShieldSigil","champ:AdrenalArmor","champ:EnragedBash+1","champ:StanceDance+1"],"picked":"SKIP","floor":49},{"not_picked":["champ:TornadoPunch","champ:BerserkersShout+1","champ:DefensiveShout+1","champ:AdrenalArmor+1"],"picked":"SKIP","floor":52}],"player_experience":200845,"relics_obtained":[{"floor":7,"key":"Question Card"},{"floor":8,"key":"Mummified Hand"},{"floor":10,"key":"Meat on the Bone"},{"floor":14,"key":"Lantern"},{"floor":28,"key":"Letter Opener"},{"floor":30,"key":"CeramicFish"},{"floor":40,"key":"Orichalcum"},{"floor":41,"key":"MealTicket"},{"floor":44,"key":"Happy Flower"},{"floor":48,"key":"Anchor"},{"floor":52,"key":"Torii"}],"event_choices":[{"damage_healed":0,"gold_gain":0,"player_choice":"Ignored","damage_taken":0,"max_hp_gain":0,"max_hp_loss":0,"event_name":"Ghosts","floor":21,"gold_loss":0},{"damage_healed":0,"gold_gain":0,"cards_transformed":["champ:Strike","champ:Strike"],"player_choice":"Became Test Subject","damage_taken":0,"max_hp_gain":0,"max_hp_loss":0,"event_name":"Drug Dealer","floor":22,"gold_loss":0,"cards_obtained":["champ:Haymaker","champ:Control"]},{"damage_healed":0,"gold_gain":0,"player_choice":"Ignored","damage_taken":0,"max_hp_gain":0,"max_hp_loss":0,"event_name":"NoteForYourself","floor":25,"gold_loss":0},{"cards_removed":["Injury"],"damage_healed":0,"gold_gain":0,"player_choice":"Purged","damage_taken":0,"max_hp_gain":0,"max_hp_loss":0,"event_name":"Purifier","floor":31,"gold_loss":0}],"is_beta":false,"boss_relics":[{"not_picked":["Empty Cage","Cursed Key"],"picked":"Ectoplasm"},{"not_picked":["Snecko Eye","SacredBark"],"picked":"Pandora\u0027s Box"}],"items_purged_floors":[46],"is_endless":false,"potions_floor_spawned":[3,8,10,14,30,32,33,36,42,43,45,48,49],"ascension_level":1}}