{"host":"wit788p0mfrnfops","time":1608736829,"event":{"mods":["ATMod(阿瑾Mod)","Act Like it!","Aspiration","BaseMod","Conspire","Dota2Spire","Friendly Minions","Hallownest","Jedi Mod","Minty Spire (QoL Compilation)","MostiFishMod","Pale of the Ancients","Permanent Neow","Prisma Mod","Quarter Circle Forward PUNCH!","Replay The Spire","RumiaBox-露米?的神秘盒子","Spicy Shops","StSLib","TestMod","The Alterego","[IsaacMod]以撒尖塔","vexMod","【功能Mod】?明的最?Boss","【?物卡牌】REMEMod","篝火指南"],"gold_per_floor":[99,99,99,113,163,163,163,20,93,93,21,36,36,53,53,158,158,169,20,20,35,35,35,35,35,35,35,51,97,97,97,184,327,327,347,347,1,1,0,0,0,0,68,68,68,68,141,141,141,288,288,299,0,0,0,0,0,0,0,0,0,0,0,0,0,0,45,45],"floor_reached":67,"playtime":2686,"items_purged":[],"score":1228,"play_id":"ba86d488-4942-4c3e-8b92-86c32d8d67c3","local_time":"20201223232029","daily_mods":["Hoarder","Insanity","Chimera","Specialized","Vintage","ControlledChaos","Allstar","Diverse","Colorless Cards","Heirloom","Time Dilation","Flight"],"is_ascension_mode":false,"campfire_choices":[{"data":"Demon Form","floor":6.0,"key":"SMITH"},{"data":"AT_BodySlamDance","floor":7.0,"key":"SMITH"},{"data":"Armaments","floor":10.0,"key":"SMITH"},{"floor":15.0,"key":"DIG"},{"data":"Armaments","floor":20.0,"key":"SMITH"},{"data":"Armaments","floor":23.0,"key":"SMITH"},{"data":"Reckless Charge","floor":25.0,"key":"SMITH"},{"data":"Reckless Charge","floor":27.0,"key":"SMITH"},{"data":"Reckless Charge","floor":40.0,"key":"SMITH"},{"data":"Defy Death","floor":48.0,"key":"SMITH"},{"data":"Looming Evil","floor":49.0,"key":"PURGE"},{"data":"Defy Death","floor":56.0,"key":"SMITH"},{"data":"Defy Death","floor":59.0,"key":"SMITH"},{"data":"Shrug It Off","floor":62.0,"key":"SMITH"},{"data":"Shrug It Off","floor":65.0,"key":"SMITH"}],"circlet_count":1,"master_deck":["Demon Form+1","Wraith Form v2","Echo Form","DevaForm","AT_BodySlamDance+1","AT_BodySlamDance+1","jedi:sharpshooter+1","jedi:sharpshooter+1","jedi:sharpshooter+1","Looming Evil","Looming Evil","Armaments+1","Armaments+1","Armaments+1","Reckless Charge+1","Reckless Charge+1","Defy Death+1","Defy Death+1","Defy Death+1","Shrug It Off+1","Shrug It Off+1","Shrug It Off","Deep Breath","Deep Breath","Deep Breath","Heavy Blade","Heavy Blade","Heavy Blade","Warcry","Warcry","Warcry","MostiFishMod:PerfectStrikeMKII","MostiFishMod:PerfectStrikeMKII","MostiFishMod:PerfectStrikeMKII","ReplayTheSpireMod:Strike From Hell","ReplayTheSpireMod:Strike From Hell","ReplayTheSpireMod:Strike From Hell","Reckless Charge","Reckless Charge","Reckless Charge"],"relics":["Snecko Eye","Unceasing Top","Ring of Chaos","replay:Trail_Library","jedi:maincommand","HushsDoor","testmod-TestBox","REME_ComplimentaryCards","DaveBox","AT_ATBox","DeadEye","testmod-ChristmasGift","Sling","Replay:Kaleidoscope","ReplayTheSpireMod:Ring of Addiction","SacredBark","Toy Ornithopter","ReplayTheSpireMod:Ring of Challenge","Replay:Antivirus Software","GuppysTail","SSSystem","qcfpunch:Not_Strongest_Fighting_Style_Guidebook","Yang","testmod-OneHitWonder","Juzu Bracelet","conspire:Dentures","Symbiotic Virus","aspiration:IroncladSkillbook","GuppysCollar","Succubus","GuppysHairball","D6","jedi:arcanewood","ZombieArmy","aspiration:FrozenJewel","Dota2Spire:Vanguard","Frozen Egg 2","aspiration:Stellarator","Damocles","qcfpunch:Army_Boots","Replay:Accelerometer","Bag of Preparation","NineVolt","DoctorsRemote","Hallownest:HeavyBlowRelic","jedi:heavyjacket","FrozenCore","MyShadow","PlanX","Chameleon Ring","Membership Card","Hallownest:DreamNailRelic","Circlet","testmod-EqualTreatment","Hallownest:SheosBrushRelic","Hallownest:SalubrasBlessingRelic"],"acts_visited":["Hallownest:Greenpath","Hallownest:CityofTears","Hallownest:KingdomsEdge","Hallownest:Greenpath"],"potions_floor_usage":[67,67,67],"damage_taken":[{"damage":0.0,"enemies":"Hallownest:monsterHuskWarrior","floor":4.0,"turns":1.0},{"damage":26.0,"enemies":"Hiden Room Battle","floor":5.0,"turns":4.0},{"damage":9.0,"enemies":"2_ Uuma","floor":12.0,"turns":3.0},{"damage":0.0,"enemies":"Hallownest:2_Baldur","floor":14.0,"turns":1.0},{"damage":0.0,"enemies":"Hallownest:BossBrokenVessel","floor":16.0,"turns":1.0},{"damage":0.0,"enemies":"Hallownest:Guard_and_Sentry","floor":18.0,"turns":1.0},{"damage":0.0,"enemies":"Hallownest:2_Mistakes","floor":21.0,"turns":1.0},{"damage":0.0,"enemies":"Hallownest:monsterShrumalOgre","floor":28.0,"turns":2.0},{"damage":0.0,"enemies":"Hallownest:Glutton_and_Coward","floor":29.0,"turns":1.0},{"damage":0.0,"enemies":"Hallownest:BossGrimm","floor":33.0,"turns":2.0},{"damage":0.0,"enemies":"Hallownest:3_Siblings","floor":35.0,"turns":1.0},{"damage":0.0,"enemies":"Hallownest:Radiance","floor":50.0,"turns":5.0},{"damage":0.0,"enemies":"Hallownest:monsterHuskGuard","floor":52.0,"turns":2.0},{"damage":67,"enemies":"Delirium","floor":67,"turns":4}],"seed_played":"-7465967925375141609","potions_obtained":[{"floor":3.0,"key":"PowerPotion"},{"floor":3.0,"key":"Ancient Potion"},{"floor":3.0,"key":"BloodPotion"}],"is_trial":true,"path_per_floor":["?","?","?","M","?","R","R","R","T","R","$","M","$","M","R","B",null,"M","$","R","M","?","R","?","R","T","R","M","M","?","?","R","B",null,"M","?","$","?","?","R","$","?","T","?","?","?","T","R","R","B",null,"M","?","?","$","R","?","?","R","T","?","R","?","?","R","R","B"],"character_chosen":"IRONCLAD","items_purchased":["jedi:command_common","jedi:command_common","Reckless Charge","Defy Death","GuppysCollar","Succubus","GuppysHairball","jedi:command_common","Damocles","jedi:command_common","jedi:command_shop","Warcry","MostiFishMod:PerfectStrikeMKII","MyShadow"],"campfire_rested":0,"item_purchase_floors":[8,11,17,17,17,17,17,19,34,37,37,51,51,51],"current_hp_per_floor":[100,100,100,100,100,100,100,100,98,98,98,92,92,94,94,94,50,50,50,48,48,48,46,46,46,44,44,44,42,42,42,40,40,30,30,30,28,28,28,26,26,26,24,24,24,22,22,22,20,20,3,3,3,1,1,1,1,6,6,4,4,4,2,2,2,1,0,0],"gold":45,"neow_bonus":"","is_daily":false,"chose_seed":false,"campfire_upgraded":13,"win_rate":0.0,"timestamp":1608736829,"path_taken":["?","?","?","?","?","R","R","R","T","R","?","?","$","M","R","BOSS","M","$","?","M","?","R","?","R","T","R","M","M","?","?","R","BOSS","M","?","$","?","?","R","$","?","T","?","?","?","?","?","R","BOSS","M","?","?","?","?","?","?","R","T","?","R","?","?","?","R","BOSS"],"items_purchased_type":["Relic","Relic","Card","Card","Relic","Relic","Relic","Relic","Relic","Relic","Relic","Card","Card","Relic"],"build_version":"2020-12-22","purchased_purges":0,"victory":false,"max_hp_per_floor":[100,100,100,100,100,100,100,100,98,98,98,96,96,96,94,94,50,50,50,48,48,48,46,46,46,44,44,44,42,42,42,40,40,30,30,30,28,28,28,26,26,26,24,24,24,22,22,22,20,20,3,3,3,1,1,1,1,6,6,4,4,4,2,2,2,1,1,1],"card_choices":[{"not_picked":[],"picked":"Bomb","floor":0.0}],"player_experience":881002,"relics_obtained":[{"floor":3.0,"key":"ReplayTheSpireMod:Ring of Addiction"},{"floor":3.0,"key":"SacredBark"},{"floor":3.0,"key":"Toy Ornithopter"},{"floor":3.0,"key":"ReplayTheSpireMod:Ring of Challenge"},{"floor":4.0,"key":"jedi:command_common"},{"floor":5.0,"key":"GuppysTail"},{"floor":5.0,"key":"jedi:command_common"},{"floor":9.0,"key":"jedi:command_uncommon"},{"floor":12.0,"key":"jedi:command_common"},{"floor":14.0,"key":"jedi:command_uncommon"},{"floor":15.0,"key":"jedi:command_uncommon"},{"floor":18.0,"key":"D6"},{"floor":21.0,"key":"jedi:command_common"},{"floor":26.0,"key":"jedi:command_uncommon"},{"floor":28.0,"key":"jedi:command_common"},{"floor":29.0,"key":"jedi:command_uncommon"},{"floor":35.0,"key":"jedi:command_common"},{"floor":35.0,"key":"jedi:command_uncommon"},{"floor":43.0,"key":"jedi:command_uncommon"},{"floor":47.0,"key":"jedi:command_uncommon"},{"floor":52.0,"key":"jedi:command_rare"},{"floor":52.0,"key":"jedi:command_uncommon"},{"floor":60.0,"key":"jedi:command_rare"}],"event_choices":[{"damage_healed":0.0,"max_hp_gain":0.0,"max_hp_loss":0.0,"gold_gain":0.0,"event_name":"HidenRoomEvent","player_choice":"Fight","floor":5.0,"gold_loss":0.0,"damage_taken":0.0},{"damage_healed":0.0,"max_hp_gain":0.0,"max_hp_loss":0.0,"gold_gain":0.0,"event_name":"conspire:Investor","player_choice":"Leave","floor":30.0,"gold_loss":0.0,"damage_taken":0.0}],"is_beta":false,"boss_relics":[{"not_picked":["jedi:command_boss","jedi:command_boss"],"picked":"jedi:command_boss"},{"not_picked":[]},{"not_picked":["jedi:command_boss","jedi:command_boss"],"picked":"jedi:command_boss"},{"not_picked":[]},{"not_picked":["jedi:command_boss","jedi:command_boss"],"picked":"jedi:command_boss"},{"not_picked":[]}],"items_purged_floors":[],"is_endless":true,"potions_floor_spawned":[12],"killed_by":"Delirium","ascension_level":0}}