{"host":"1p8eqzpvl5sxeu5t","time":1608738894,"event":{"mods":["BaseMod","Bestiary","Block Reminder","Colored Map","Colored Powertips","Downfall","Highlight Path","Minty Spire (QoL Compilation)","Relic Stats","StSLib","The IronCluck","Waifu the Spire","everything is the same but u backflip on backflip","slay the spire mod where everything is the same but ironclad has a cowboy hat"],"gold_per_floor":[99,112,6,70,70,80,128,153,253,273,355,382,307,307,324,427,427,427,439,458,477,477,489,489,521,521,536,564,489,489,518,537,641,641,641,657,567,1566,1566,1566,1566,1598,1598,1617,1287,1212,1241,1254,1266,1266,1266,1296,650,650,650],"floor_reached":56,"playtime":3500,"items_purged":["champ:Defend"],"score":1645,"play_id":"818c5bc7-9cb1-4801-ad27-d65997ecd742","local_time":"20201223235454","is_ascension_mode":true,"campfire_choices":[{"floor":1,"key":"RECALL"},{"floor":13,"key":"REST"},{"data":"champ:Backstep","floor":18,"key":"SMITH"},{"data":"champ:SteelEdge","floor":26,"key":"SMITH"},{"data":"champ:CheapShot","floor":29,"key":"SMITH"},{"data":"champ:SwordThrow","floor":35,"key":"SMITH"},{"data":"champ:Backstep","floor":40,"key":"SMITH"},{"data":"champ:EndlessRage","floor":46,"key":"SMITH"},{"data":"champ:DeathBlow","floor":54,"key":"SMITH"}],"circlet_count":0,"master_deck":["champ:Strike+1","champ:Strike","champ:Strike","champ:Defend","champ:Defend","champ:Execute+1","champ:Taunt+1","champ:ShieldSigil+1","champ:BerserkerStyle","Dark Shackles+1","champ:Backstep+1","champ:EndlessRage+1","champ:Backstep+1","champ:CheapShot+1","champ:RisingSlash+1","champ:DeathBlow+1","champ:SteelEdge+1","champ:AdrenalArmor+1","champ:GladiatorsShout+1","champ:PerfectForm+1","champ:RageSigil","champ:SwordSigil+1","champ:Lariat+1","champ:SwordThrow+1","champ:PerfectForm+1","champ:RisingSlash","champ:Duel+1","champ:ShieldSigil+1","champ:RecklessLeap+1","champ:StrikeOfGenius+1","champ:Backstep+1"],"relics":["champ:ChampionCrownUpgraded","champ:FightingForDummies","Nunchaku","Ginger","CloakClasp","Frozen Egg 2","Pocketwatch","downfall:HeartBlessingRed","Bottled Flame","Happy Flower","Toxic Egg 2","downfall:HeartBlessingGreen","Omamori","Busted Crown","Akabeko","War Paint","champ:BerserkersGuideToSlaughter","Whetstone","downfall:HeartBlessingBlue","PreservedInsect","Blood Vial","Oddly Smooth Stone","Dead Branch"],"acts_visited":["Exordium","TheCity","TheBeyond","TheEnding"],"potions_floor_usage":[12,33,55,55,55],"damage_taken":[{"damage":8,"enemies":"2 Louse","floor":2,"turns":4},{"damage":28,"enemies":"downfall:FleeingMerchant","floor":3,"turns":4},{"damage":63,"enemies":"Gremlin Nob","floor":4,"turns":5},{"damage":19,"enemies":"Jaw Worm","floor":6,"turns":5},{"damage":49,"enemies":"Lagavulin","floor":8,"turns":7},{"damage":57,"enemies":"Lagavulin","floor":9,"turns":12},{"damage":7,"enemies":"Small Slimes","floor":10,"turns":4},{"damage":25,"enemies":"Gremlin Nob","floor":12,"turns":5},{"damage":37,"enemies":"Exordium Thugs","floor":15,"turns":6},{"damage":65,"enemies":"downfall:Watcher","floor":16,"turns":9},{"damage":38,"enemies":"3 Byrds","floor":19,"turns":5},{"damage":25,"enemies":"Snake Plant","floor":20,"turns":3},{"damage":48,"enemies":"3 Cultists","floor":21,"turns":6},{"damage":35,"enemies":"Centurion and Healer","floor":23,"turns":6},{"damage":49,"enemies":"Book of Stabbing","floor":25,"turns":4},{"damage":63,"enemies":"Cultist and Chosen","floor":27,"turns":6},{"damage":63,"enemies":"Gremlin Leader","floor":28,"turns":5},{"damage":63,"enemies":"Book of Stabbing","floor":31,"turns":4},{"damage":66,"enemies":"3 Cultists","floor":32,"turns":3},{"damage":115,"enemies":"downfall:Silent","floor":33,"turns":5},{"damage":38,"enemies":"3 Darklings","floor":36,"turns":4},{"damage":96,"enemies":"downfall:FleeingMerchant","floor":37,"turns":5},{"damage":51,"enemies":"Nemesis","floor":42,"turns":2},{"damage":36,"enemies":"3 Shapes","floor":44,"turns":3},{"damage":97,"enemies":"Giant Head","floor":47,"turns":4},{"damage":50,"enemies":"3 Darklings","floor":48,"turns":4},{"damage":75,"enemies":"Maw","floor":49,"turns":3},{"damage":69,"enemies":"downfall:Ironclad","floor":50,"turns":5},{"damage":69,"enemies":"downfall:CharBossMerchant","floor":52,"turns":4},{"damage":181,"enemies":"downfall:NeowBoss","floor":55,"turns":14}],"seed_played":"-2512338032807335112","potions_obtained":[{"floor":6,"key":"DistilledChaos"},{"floor":9,"key":"Block Potion"},{"floor":15,"key":"Strength Potion"},{"floor":16,"key":"Weak Potion"},{"floor":22,"key":"CultistPotion"},{"floor":33,"key":"PowerPotion"}],"is_trial":false,"path_per_floor":["R","M","$","?","?","M","T","E","?","M","T","E","R","?","M","B",null,"R","M","M","M","?","M","T","E","R","M","E","R","?","E","M","B",null,"R","M","$","?","?","R","T","E","?","M","$","R","E","M","M","B",null,"E","$","R","B",null],"character_chosen":"THE_CHAMP","items_purchased":["Dark Shackles","champ:PerfectForm+1","Akabeko","champ:RisingSlash","champ:ShieldSigil+1","champ:BerserkersGuideToSlaughter","Whetstone","Oddly Smooth Stone","Dead Branch","champ:StrikeOfGenius+1","champ:Backstep+1"],"campfire_rested":1,"item_purchase_floors":[3,37,37,37,45,45,45,53,53,53,53],"current_hp_per_floor":[90,87,82,40,70,70,70,60,39,39,39,36,63,63,63,56,90,90,90,90,90,90,90,90,90,90,87,87,87,87,69,69,67,90,90,89,89,89,89,89,89,89,81,81,81,91,100,100,100,100,100,100,100,100,100],"gold":650,"neow_bonus":"UPGRADE_CARD","is_daily":false,"chose_seed":false,"campfire_upgraded":7,"win_rate":0.0,"timestamp":1608738894,"path_taken":["R","M","$","?","?","M","T","E","?","?","?","E","R","?","M","BOSS","R","M","M","M","?","M","T","E","R","M","E","R","?","E","M","BOSS","R","M","$","?","?","R","T","E","?","?","?","R","E","?","M","BOSS","E","$","R","BOSS"],"items_purchased_type":["Card","Card","Relic","Card","Card","Relic","Relic","Relic","Relic","Card","Card"],"build_version":"2020-12-22","purchased_purges":1,"victory":true,"max_hp_per_floor":[90,90,90,90,90,90,90,90,90,90,90,90,90,90,90,90,90,90,90,90,90,90,90,90,90,90,90,90,90,90,90,90,90,90,90,90,90,90,90,90,90,90,90,90,90,100,100,100,100,100,100,100,100,100,100],"relic_stats":{"Happy Flower":[23],"counters":[30,156],"Dead Branch":[19],"PreservedInsect":100,"CloakClasp":[430],"Ginger":[17],"Whetstone":["champ:Duel","champ:Execute"],"War Paint":["Dark Shackles","champ:AdrenalArmor"],"Blood Vial":0,"Nunchaku":[28],"Busted Crown":16,"obtain_stats":[{"downfall:HeartBlessingRed":13,"Happy Flower":25,"Dead Branch":53,"Oddly Smooth Stone":53,"champ:ChampionCrown":0,"downfall:HeartBlessingGreen":29,"champ:ChampionCrownUpgraded":17,"PreservedInsect":47,"CloakClasp":9,"Omamori":31,"Ginger":8,"Whetstone":45,"Frozen Egg 2":11,"War Paint":42,"Akabeko":37,"Blood Vial":52,"Nunchaku":7,"Bottled Flame":24,"Busted Crown":34,"downfall:HeartBlessingBlue":46,"champ:BerserkersGuideToSlaughter":45,"champ:FightingForDummies":4,"Toxic Egg 2":28,"Pocketwatch":12},{"downfall:HeartBlessingRed":8,"Happy Flower":15,"Dead Branch":29,"Oddly Smooth Stone":29,"champ:ChampionCrown":0,"downfall:HeartBlessingGreen":17,"champ:ChampionCrownUpgraded":10,"PreservedInsect":25,"CloakClasp":6,"Omamori":18,"Ginger":5,"Whetstone":24,"Frozen Egg 2":7,"War Paint":23,"Akabeko":22,"Blood Vial":29,"Nunchaku":4,"Bottled Flame":14,"Busted Crown":20,"downfall:HeartBlessingBlue":24,"champ:BerserkersGuideToSlaughter":24,"champ:FightingForDummies":3,"Toxic Egg 2":17,"Pocketwatch":8},{"downfall:HeartBlessingRed":46,"Happy Flower":85,"Dead Branch":142,"Oddly Smooth Stone":142,"champ:ChampionCrown":0,"downfall:HeartBlessingGreen":96,"champ:ChampionCrownUpgraded":61,"PreservedInsect":126,"CloakClasp":37,"Omamori":100,"Ginger":25,"Whetstone":122,"Frozen Egg 2":41,"War Paint":119,"Akabeko":117,"Blood Vial":142,"Nunchaku":18,"Bottled Flame":81,"Busted Crown":108,"downfall:HeartBlessingBlue":122,"champ:BerserkersGuideToSlaughter":122,"champ:FightingForDummies":13,"Toxic Egg 2":96,"Pocketwatch":46}],"Pocketwatch":[72]},"card_choices":[{"not_picked":["champ:FocusedDefense","champ:SwordSigil"],"picked":"champ:ShieldSigil","floor":2},{"not_picked":["champ:StanceDance","champ:ShieldSigil"],"picked":"champ:BerserkerStyle","floor":3},{"not_picked":["champ:GladiatorsShout","champ:Haymaker"],"picked":"champ:Backstep","floor":4},{"not_picked":["champ:RageSigil","champ:SwordSigil"],"picked":"champ:EndlessRage","floor":6},{"not_picked":["champ:FalseCounter","champ:FlashCut"],"picked":"champ:Backstep","floor":8},{"not_picked":["champ:RageSigil","champ:ViciousMockery"],"picked":"champ:CheapShot","floor":9},{"not_picked":["champ:CalledShot","champ:FocusedGladiator"],"picked":"champ:RisingSlash","floor":10},{"not_picked":["champ:HeartStrike","champ:DefensiveShout"],"picked":"champ:DeathBlow","floor":12},{"not_picked":["champ:FanOfKnives","champ:SkillfulDodge","champ:RapidStrikes"],"picked":"SKIP","floor":15},{"not_picked":["champ:HeavySlash","champ:EnchantShield"],"picked":"champ:SteelEdge","floor":16},{"not_picked":["champ:CrookedStrike","champ:Encircle","champ:PreciseThrust"],"picked":"SKIP","floor":19},{"not_picked":["champ:StanceDance+1","champ:BringItOn"],"picked":"champ:AdrenalArmor","floor":20},{"not_picked":["champ:DefensiveShout+1","champ:FaceSlap"],"picked":"champ:GladiatorsShout+1","floor":21},{"not_picked":["champ:FocusedDefense+1","champ:BringItOn"],"picked":"champ:PerfectForm+1","floor":23},{"not_picked":["champ:Riposte+1","champ:BerserkerStyle+1","champ:FocusedDefense"],"picked":"SKIP","floor":25},{"not_picked":["champ:BringItOn+1","champ:Encircle+1"],"picked":"champ:RageSigil","floor":27},{"not_picked":["champ:EnragedBash+1","champ:FalseCounter+1"],"picked":"champ:SwordSigil+1","floor":28},{"not_picked":["champ:ViciousMockery+1","champ:Haymaker+1"],"picked":"champ:Lariat+1","floor":31},{"not_picked":["champ:Circumvent+1","champ:RageSigil+1","champ:FaceSlap+1"],"picked":"SKIP","floor":32},{"not_picked":["champ:CrownThrow","champ:CheapShot"],"picked":"champ:SwordThrow","floor":33},{"not_picked":["champ:StanceDance+1"],"picked":"SKIP","floor":36},{"not_picked":["champ:GutPunch+1"],"picked":"SKIP","floor":37},{"not_picked":[],"picked":"champ:Duel","floor":42},{"not_picked":["champ:FlashCut"],"picked":"SKIP","floor":44},{"not_picked":["champ:Duel"],"picked":"SKIP","floor":47},{"not_picked":["champ:CalledShot+1"],"picked":"SKIP","floor":48},{"not_picked":["champ:GladiatorsShout+1"],"picked":"SKIP","floor":49},{"not_picked":[],"picked":"champ:RecklessLeap+1","floor":52}],"player_experience":824709,"relics_obtained":[{"floor":4,"key":"champ:FightingForDummies"},{"floor":7,"key":"Nunchaku"},{"floor":8,"key":"Ginger"},{"floor":9,"key":"CloakClasp"},{"floor":11,"key":"Frozen Egg 2"},{"floor":12,"key":"Pocketwatch"},{"floor":24,"key":"Bottled Flame"},{"floor":25,"key":"Happy Flower"},{"floor":28,"key":"Toxic Egg 2"},{"floor":31,"key":"Omamori"},{"floor":42,"key":"War Paint"},{"floor":47,"key":"PreservedInsect"},{"floor":52,"key":"Blood Vial"}],"event_choices":[{"damage_healed":30,"gold_gain":0,"player_choice":"Banana","damage_taken":0,"max_hp_gain":0,"max_hp_loss":0,"event_name":"Big Fish","floor":5,"gold_loss":0},{"damage_healed":0,"gold_gain":0,"player_choice":"Grow","damage_taken":0,"max_hp_gain":0,"max_hp_loss":0,"event_name":"Living Wall","floor":14,"gold_loss":0,"cards_upgraded":["champ:ShieldSigil"]},{"cards_removed":["champ:Strike"],"damage_healed":0,"gold_gain":0,"player_choice":"Removed Attack","damage_taken":0,"max_hp_gain":0,"max_hp_loss":0,"event_name":"Falling","floor":39,"gold_loss":0}],"is_beta":false,"boss_relics":[{"not_picked":["Velvet Choker","Coffee Dripper"],"picked":"champ:ChampionCrownUpgraded"},{"not_picked":["Sozu","Cursed Key"],"picked":"Busted Crown"}],"items_purged_floors":[37],"is_endless":false,"potions_floor_spawned":[6,9,15,16,23,27,28,32,33,36,44,48,49],"ascension_level":3}}