{"host":"qw1m3zcvi888b4j7","time":1608709146,"event":{"mods":["AchievementEnabler","Act Like it!","BaseMod","Block Reminder","Colored Map","Colored Powertips","Curses Come First","DeckTracker","Hermit","Highlight Path","Hubris","Minty Spire (QoL Compilation)","Quick Restart","Rare Cards Sparkle","Relic Sorter","Relic Stats","Replay The Spire","StSLib","SuperFastMode","The Blue Laboratory","The Cursed","The Servant 0.9.4","everything is the same but u backflip on backflip"],"gold_per_floor":[110,285,285,285,303,303,320,320,371,371,381,395,395,428,428,528,528,541,557,37,52,15,15,42,42,42,77,77,77,77,77,77,178,178,190,190,190,42,60,60,0,0,23,23,37,47,74,74,74,74,74],"floor_reached":50,"playtime":1711,"items_purged":[],"score":893,"play_id":"34007c03-d549-402b-8217-037cbdcff757","local_time":"20201223083906","is_ascension_mode":true,"campfire_choices":[{"floor":6,"key":"RECALL"},{"data":"Infernal Blade","floor":8,"key":"SMITH"},{"data":"Armaments","floor":10,"key":"SMITH"},{"data":"Dramatic Entrance","floor":13,"key":"SMITH"},{"data":"Transmutation","floor":23,"key":"SMITH"},{"data":"ReplayTheSpireMod:Muscle Training","floor":25,"key":"SMITH"},{"data":"Corruption","floor":30,"key":"SMITH"},{"floor":32,"key":"DIG"},{"data":"Apotheosis","floor":40,"key":"SMITH"},{"data":"Infernal Blade","floor":42,"key":"SMITH"},{"floor":49,"key":"DIG"}],"circlet_count":0,"master_deck":["Strike_R+1","Strike_R+1","Strike_R+1","Strike_R+1","Strike_R+1","Defend_R+1","Defend_R+1","Defend_R+1","Defend_R+1","Dramatic Entrance+1","Armaments+1","Infernal Blade+1","Infernal Blade+1","Feel No Pain","Corruption+1","Flex+1","Cleave","ReplayTheSpireMod:Muscle Training+1","Flex","Transmutation+1","Dual Wield+1","Run Through+1","Evolve+1","Infernal Blade","Ghostly","Ghostly+1","Ghostly","Ghostly","Ghostly","Juggernaut","Whirlwind+1","Apotheosis+1","Infernal Blade+1","Hemokinesis","Replay:Undeath\u0027s Touch+1","Evolve","Madness","Madness+1"],"relics":["Burning Blood","hubris:Reverence","Thread and Needle","hubris:CrackedHourglass","Orichalcum","HandDrill","PreservedInsect","Ancient Tea Set","hubris:BottledHeart","Eternal Feather","Replay:Drink Me","ReplayTheSpireMod:Ring of Exchange","Ring of Misfortune","Strange Spoon","Red Mask","Omamori","Shovel","War Paint"],"acts_visited":["Exordium","TheCity","TheBeyond"],"potions_floor_usage":[14,16,27,27,50,50,50],"damage_taken":[{"damage":0,"enemies":"2 Louse","floor":1,"turns":3},{"damage":0,"enemies":"Small Slimes","floor":5,"turns":2},{"damage":0,"enemies":"Cultist","floor":7,"turns":2},{"damage":4,"enemies":"2 Fungi Beasts","floor":11,"turns":2},{"damage":7,"enemies":"Looter","floor":12,"turns":2},{"damage":25,"enemies":"3 Sentries","floor":14,"turns":7},{"damage":11,"enemies":"Fading Forest","floor":16,"turns":11},{"damage":17,"enemies":"2 Thieves","floor":18,"turns":4},{"damage":0,"enemies":"Chosen","floor":19,"turns":4},{"damage":6,"enemies":"Centurion and Healer","floor":21,"turns":3},{"damage":34,"enemies":"Gremlin Leader","floor":24,"turns":8},{"damage":8,"enemies":"Book of Stabbing","floor":27,"turns":3},{"damage":0,"enemies":"Pondfish","floor":33,"turns":10},{"damage":0,"enemies":"3 Shapes","floor":35,"turns":2},{"damage":0,"enemies":"3 Darklings","floor":39,"turns":5},{"damage":0,"enemies":"Spire Growth","floor":45,"turns":5},{"damage":0,"enemies":"Jaw Worm Horde","floor":46,"turns":2},{"damage":0,"enemies":"Nemesis","floor":47,"turns":7},{"damage":0,"enemies":"hubris:GrandSnecko","floor":50,"turns":9}],"seed_played":"7143453334931806959","potions_obtained":[{"floor":1,"key":"blueLaboratory:HummingbirdPotion"},{"floor":12,"key":"blueLaboratory:Moonshine"},{"floor":14,"key":"blueLaboratory:FrostheartPotion"},{"floor":16,"key":"blueLaboratory:StoneskinPotion"},{"floor":21,"key":"blueLaboratory:ExaltedPotion"},{"floor":24,"key":"blueLaboratory:BottleOfVodka"},{"floor":39,"key":"SneckoOil"}],"is_trial":false,"path_per_floor":["M","?","?","?","M","R","M","R","T","R","M","M","R","E","R_BF","B",null,"M","M","$","M","$","R","E","R","T","E","?","?","R","?","R_BF","B",null,"M","?","?","$","M","R","?","R","T","$","M","M","E","?","R_BF","B"],"character_chosen":"IRONCLAD","items_purchased":["Orichalcum","Flex","HandDrill","Transmutation","Run Through+1","Strange Spoon"],"campfire_rested":0,"item_purchase_floors":[20,20,20,20,22,38],"current_hp_per_floor":[80,80,73,73,79,79,80,80,80,80,80,79,79,60,80,80,80,69,75,75,75,75,75,47,47,47,45,1,1,1,1,1,1,1,1,1,1,1,1,1,1,1,1,1,1,1,1,1,1,0,0],"gold":74,"neow_bonus":"RANDOM_COLORLESS","is_daily":false,"chose_seed":false,"campfire_upgraded":8,"win_rate":0.0,"timestamp":1608709146,"path_taken":["M","?","?","?","?","R","M","R","T","R","M","M","R","E","R_BF","BOSS","M","M","$","M","$","R","E","R","T","E","?","?","R","?","R_BF","BOSS","M","?","?","$","M","R","?","R","T","?","M","M","E","?","R_BF","BOSS"],"items_purchased_type":["Relic","Card","Relic","Card","Card","Relic"],"build_version":"2020-12-13","purchased_purges":0,"victory":false,"max_hp_per_floor":[80,80,80,80,80,80,80,80,80,80,80,80,80,80,80,80,80,80,80,80,80,80,80,80,80,80,80,1,1,1,1,1,1,1,1,1,1,1,1,1,1,1,1,1,1,1,1,1,1,1,1],"relic_stats":{"Strange Spoon":[38],"Shovel":2,"counters":[19,91],"Eternal Feather":0,"PreservedInsect":88,"HandDrill":[26],"Orichalcum":[90],"War Paint":["Ghostly","Madness"],"obtain_stats":[{"ReplayTheSpireMod:Ring of Exchange":37,"Thread and Needle":14,"Eternal Feather":32,"PreservedInsect":24,"Omamori":43,"Orichalcum":20,"War Paint":49,"Ancient Tea Set":27,"Burning Blood":0,"Strange Spoon":38,"Shovel":47,"hubris:BottledHeart":28,"Ring of Misfortune":37,"HandDrill":20,"Red Mask":41,"hubris:CrackedHourglass":17,"Replay:Drink Me":34,"hubris:Reverence":26},{"ReplayTheSpireMod:Ring of Exchange":14,"Thread and Needle":6,"Eternal Feather":12,"PreservedInsect":11,"Omamori":15,"Orichalcum":9,"War Paint":18,"Ancient Tea Set":12,"Burning Blood":0,"Strange Spoon":14,"Shovel":18,"hubris:BottledHeart":12,"Ring of Misfortune":14,"HandDrill":9,"Red Mask":15,"hubris:CrackedHourglass":7,"Replay:Drink Me":13,"hubris:Reverence":11},{"ReplayTheSpireMod:Ring of Exchange":63,"Thread and Needle":18,"Eternal Feather":51,"PreservedInsect":48,"Omamori":68,"Orichalcum":37,"War Paint":82,"Ancient Tea Set":51,"Burning Blood":0,"Strange Spoon":63,"Shovel":82,"hubris:BottledHeart":51,"Ring of Misfortune":63,"HandDrill":37,"Red Mask":68,"hubris:CrackedHourglass":29,"Replay:Drink Me":61,"hubris:Reverence":48}],"Burning Blood":53},"card_choices":[{"not_picked":["Deep Breath","Forethought"],"picked":"Dramatic Entrance","floor":0},{"not_picked":["Sword Boomerang","Clothesline"],"picked":"Armaments","floor":1},{"not_picked":["Armaments","Shockwave"],"picked":"Infernal Blade","floor":5},{"not_picked":["Pommel Strike","Flex"],"picked":"Infernal Blade","floor":7},{"not_picked":["Thunderclap","Entrench"],"picked":"Feel No Pain","floor":11},{"not_picked":["Spot Weakness","Twin Strike"],"picked":"Corruption","floor":12},{"not_picked":["Wild Strike","Evolve"],"picked":"Flex","floor":14},{"not_picked":["Corruption","Replay:Many Hands"],"picked":"Exhume","floor":16},{"not_picked":["ReplayReversal+1","hubris:SharpeningStone"],"picked":"Cleave","floor":18},{"not_picked":["Havoc","Shrug It Off"],"picked":"ReplayTheSpireMod:Muscle Training","floor":19},{"not_picked":["True Grit+1","Hemokinesis"],"picked":"Dual Wield+1","floor":21},{"not_picked":["Reckless Charge+1","Perfected Strike"],"picked":"Evolve+1","floor":24},{"not_picked":["Flex","Hemokinesis"],"picked":"Infernal Blade","floor":27},{"not_picked":["Exhume","Limit Break"],"picked":"Juggernaut","floor":33},{"not_picked":["ReplayTheSpireMod:Muscle Training","Combust"],"picked":"Whirlwind+1","floor":35},{"not_picked":["Transmutation","Flash of Steel"],"picked":"Apotheosis","floor":36},{"not_picked":["Flex","Blood for Blood+1"],"picked":"Infernal Blade+1","floor":39},{"not_picked":["Sword Boomerang","Cleave"],"picked":"Hemokinesis","floor":45},{"not_picked":["Pommel Strike","Perfected Strike+1"],"picked":"Replay:Undeath\u0027s Touch+1","floor":46},{"not_picked":["Heavy Blade+1","Thunderclap+1"],"picked":"Evolve","floor":47}],"player_experience":126172,"relics_obtained":[{"floor":14,"key":"Thread and Needle"},{"floor":24,"key":"PreservedInsect"},{"floor":26,"key":"hubris:Reverence"},{"floor":27,"key":"Ancient Tea Set"},{"floor":32,"key":"Eternal Feather"},{"floor":37,"key":"ReplayTheSpireMod:Ring of Exchange"},{"floor":37,"key":"Ring of Misfortune"},{"floor":43,"key":"Omamori"},{"floor":47,"key":"Shovel"},{"floor":49,"key":"War Paint"}],"event_choices":[{"damage_healed":0,"gold_gain":175,"player_choice":"AGREE","damage_taken":0,"max_hp_gain":0,"max_hp_loss":0,"event_name":"Liars Game","floor":2,"gold_loss":0,"cards_obtained":["Doubt"]},{"cards_removed":["Doubt"],"damage_healed":0,"gold_gain":0,"player_choice":"Card Removal","damage_taken":7,"max_hp_gain":0,"max_hp_loss":0,"event_name":"Golden Wing","floor":3,"gold_loss":0},{"damage_healed":0,"gold_gain":0,"player_choice":"1 cards matched","damage_taken":0,"max_hp_gain":0,"max_hp_loss":0,"event_name":"Match and Keep!","floor":4,"gold_loss":0,"cards_obtained":["ReplayTheSpireMod:Uncanny Aura"]},{"damage_healed":0,"gold_gain":0,"player_choice":"Became a Ghost","damage_taken":0,"max_hp_gain":0,"max_hp_loss":0,"event_name":"Ghosts","floor":29,"gold_loss":0,"cards_obtained":["Ghostly","Ghostly","Ghostly","Ghostly","Ghostly"]},{"damage_healed":0,"gold_gain":0,"player_choice":"Simplicity","damage_taken":0,"max_hp_gain":0,"max_hp_loss":0,"event_name":"Back to Basics","floor":31,"gold_loss":0,"cards_upgraded":["Strike_R","Strike_R","Strike_R","Strike_R","Strike_R","Defend_R","Defend_R","Defend_R","Defend_R"]},{"damage_healed":0,"gold_gain":0,"player_choice":"Memory 1","damage_taken":0,"max_hp_gain":0,"max_hp_loss":0,"event_name":"SensoryStone","floor":36,"gold_loss":0},{"damage_healed":0,"gold_gain":0,"player_choice":"Paid","damage_taken":0,"relics_obtained":["Red Mask"],"max_hp_gain":0,"max_hp_loss":0,"event_name":"Tomb of Lord Red Mask","floor":41,"gold_loss":60},{"damage_healed":0,"gold_gain":0,"player_choice":"Embrace Madness","damage_taken":0,"max_hp_gain":0,"max_hp_loss":0,"event_name":"Winding Halls","floor":48,"gold_loss":0,"cards_obtained":["Madness","Madness"]}],"is_beta":false,"boss_relics":[{"not_picked":["Kintsugi","Snecko Eye"],"picked":"hubris:CrackedHourglass"},{"not_picked":["Fusion Hammer","SacredBark"],"picked":"Replay:Drink Me"}],"items_purged_floors":[],"is_endless":false,"potions_floor_spawned":[1,12,14,16,21,24,39,47],"killed_by":"hubris:GrandSnecko","ascension_level":1}}