{"host":"8f8ps4z875kp1oop","time":1608736834,"event":{"mods":["BaseMod","Colored Map","Minty Spire (QoL Compilation)"],"gold_per_floor":[113,113,137,62,62,62,75,92,92,92,92,92,56,81,81,158,208,221,232,251,176,176,176,204,21,21,21,21,21],"floor_reached":28,"playtime":1827,"items_purged":["Strike_B"],"score":441,"play_id":"9dbf4cb9-4963-4c03-ba02-48cb59a564d0","local_time":"20201223102034","is_ascension_mode":true,"campfire_choices":[{"floor":6,"key":"REST"},{"floor":15,"key":"REST"},{"floor":23,"key":"REST"},{"floor":27,"key":"REST"}],"circlet_count":0,"master_deck":["AscendersBane","Strike_B+1","Strike_B","Strike_B","Defend_B","Defend_B","Defend_B+1","Defend_B","Zap","Dualcast","Mayhem+1","Cold Snap+1","Glacier","FTL","Static Discharge+1","Cold Snap","Machine Learning+1","Sweeping Beam","Hologram","Cold Snap","Steam","Blizzard","Capacitor+1","Bandage Up"],"relics":["Cracked Core","Orichalcum","Whetstone","Frozen Egg 2","Bronze Scales","Kunai","Tiny House","MutagenicStrength","Question Card","Tiny Chest"],"acts_visited":["Exordium","TheCity"],"potions_floor_usage":[19,24,28],"damage_taken":[{"damage":19,"enemies":"Small Slimes","floor":1,"turns":4},{"damage":0,"enemies":"Jaw Worm","floor":7,"turns":3},{"damage":4,"enemies":"2 Louse","floor":8,"turns":4},{"damage":22,"enemies":"Gremlin Nob","floor":14,"turns":4},{"damage":12,"enemies":"Hexaghost","floor":16,"turns":10},{"damage":15,"enemies":"Shell Parasite","floor":18,"turns":6},{"damage":1,"enemies":"3 Byrds","floor":19,"turns":3},{"damage":30,"enemies":"Cultist and Chosen","floor":20,"turns":6},{"damage":22,"enemies":"Slavers","floor":24,"turns":5},{"damage":41,"enemies":"Gremlin Leader","floor":28,"turns":5}],"seed_played":"-2147708513522502603","potions_obtained":[{"floor":14,"key":"Explosive Potion"},{"floor":16,"key":"Energy Potion"},{"floor":17,"key":"Dexterity Potion"},{"floor":20,"key":"SneckoOil"}],"is_trial":false,"path_per_floor":["M","?","T","$","?","R","M","M","T","T","?","$","$","E","R","B",null,"M","M","M","?","?","R","E","$","T","R","E"],"character_chosen":"DEFECT","items_purchased":["Static Discharge+1","Capacitor+1","Bandage Up"],"campfire_rested":4,"item_purchase_floors":[13,25,25],"current_hp_per_floor":[45,19,19,19,19,38,38,34,34,34,50,50,50,28,47,35,62,47,46,16,16,16,35,13,13,13,32,0,0],"gold":21,"neow_bonus":"RANDOM_COLORLESS_2","is_daily":false,"chose_seed":false,"campfire_upgraded":0,"win_rate":0.0,"timestamp":1608736834,"path_taken":["M","?","?","$","?","R","M","?","T","?","?","?","$","E","R","BOSS","M","M","?","?","?","R","E","?","T","R","E"],"items_purchased_type":["Card","Card","Card"],"build_version":"2020-12-22","purchased_purges":1,"victory":false,"max_hp_per_floor":[64,64,64,64,64,64,64,64,64,64,64,64,64,64,64,64,69,69,69,69,66,66,66,66,66,66,66,66,66],"card_choices":[{"not_picked":["Secret Technique","Chrysalis"],"picked":"Mayhem","floor":0},{"not_picked":["Auto Shields","Ball Lightning"],"picked":"Cold Snap","floor":1},{"not_picked":["Redo","Loop"],"picked":"Glacier","floor":7},{"not_picked":["Compile Driver","Turbo"],"picked":"FTL","floor":8},{"not_picked":["Auto Shields","Leap"],"picked":"Cold Snap","floor":14},{"not_picked":["Fission","Biased Cognition+1"],"picked":"Machine Learning+1","floor":16},{"not_picked":["Darkness","Ball Lightning"],"picked":"Sweeping Beam","floor":17},{"not_picked":["Steam","Streamline"],"picked":"Hologram","floor":18},{"not_picked":["Steam+1","Sweeping Beam"],"picked":"Cold Snap","floor":19},{"not_picked":["Force Field","Rebound+1"],"picked":"Steam","floor":20},{"not_picked":["Rip and Tear","Turbo"],"picked":"Blizzard","floor":24}],"player_experience":380559,"relics_obtained":[{"floor":3,"key":"Whetstone"},{"floor":9,"key":"Frozen Egg 2"},{"floor":10,"key":"Bronze Scales"},{"floor":14,"key":"Kunai"},{"floor":24,"key":"Question Card"},{"floor":26,"key":"Tiny Chest"}],"event_choices":[{"damage_healed":0,"gold_gain":0,"player_choice":"Success","damage_taken":26,"relics_obtained":["Orichalcum"],"max_hp_gain":0,"max_hp_loss":0,"event_name":"Scrap Ooze","floor":2,"gold_loss":0},{"damage_healed":0,"gold_gain":0,"player_choice":"Grow","damage_taken":0,"max_hp_gain":0,"max_hp_loss":0,"event_name":"Living Wall","floor":5,"gold_loss":0,"cards_upgraded":["Mayhem"]},{"damage_healed":16,"gold_gain":0,"player_choice":"Healed and dodged fight","damage_taken":0,"max_hp_gain":0,"max_hp_loss":0,"event_name":"Mushrooms","floor":11,"gold_loss":0,"cards_obtained":["Parasite"]},{"cards_removed":["Parasite"],"damage_healed":0,"gold_gain":0,"player_choice":"Gave Gold","damage_taken":0,"max_hp_gain":0,"max_hp_loss":0,"event_name":"Beggar","floor":21,"gold_loss":75},{"damage_healed":0,"gold_gain":0,"player_choice":"Inject Mutagens","damage_taken":0,"relics_obtained":["MutagenicStrength"],"max_hp_gain":0,"max_hp_loss":0,"event_name":"Drug Dealer","floor":22,"gold_loss":0}],"is_beta":false,"boss_relics":[{"not_picked":["Coffee Dripper","FrozenCore"],"picked":"Tiny House"}],"items_purged_floors":[4],"is_endless":false,"potions_floor_spawned":[14,16,20],"killed_by":"Gremlin Leader","ascension_level":18}}