{"host":"ly20tmf9be7b85hl","time":1608743851,"event":{"mods":["BaseMod","Colored Map","Keyboard Shortcuts","Minty Spire (QoL Compilation)","Permanent Neow","Quick Restart","SuperFastMode"],"gold_per_floor":[114,114,114,132,155,155,168,209,209,209,232,258,272,24,24,120,120,144,144,159,159,170,170,180,55,78,107,107,7,7,19,19,96,96,109,109,109,129,9,35,49,81,120,164,176,188,220,247,259,271,283,295,307,47,73,73],"floor_reached":57,"playtime":2816,"items_purged":["Decay","Strike_G","Defend_G","Defend_G","Defend_G"],"score":2974,"play_id":"4d9736e6-f630-40c7-b0fa-ace2f20212d5","local_time":"20201224021731","is_ascension_mode":true,"campfire_choices":[{"data":"Underhanded Strike","floor":6.0,"key":"SMITH"},{"floor":10.0,"key":"REST"},{"data":"Bane","floor":15.0,"key":"SMITH"},{"data":"Tactician","floor":23.0,"key":"SMITH"},{"data":"Calculated Gamble","floor":30.0,"key":"SMITH"},{"data":"Acrobatics","floor":32.0,"key":"SMITH"},{"floor":45.0,"key":"RECALL"},{"data":"Prepared","floor":49.0,"key":"SMITH"},{"data":"Deadly Poison","floor":53,"key":"SMITH"}],"circlet_count":0,"master_deck":["AscendersBane","Survivor","Neutralize","Adrenaline+1","Prepared+1","Deadly Poison+1","Underhanded Strike+1","Bane+1","Cloak And Dagger","Escape Plan","Predator","Wraith Form v2","Reflex+1","Catalyst+1","Backflip+1","Calculated Gamble+1","Tactician+1","Adrenaline","Acrobatics+1","Venomology","Tactician","Adrenaline"],"relics":["Ring of the Snake","Bloody Idol","Happy Flower","Pear","Odd Mushroom","Sling","Astrolabe","Bronze Scales","The Courier","HoveringKite","Strawberry","MawBank","White Beast Statue","OrangePellets","Boot"],"acts_visited":["Exordium","TheCity","TheBeyond","TheEnding"],"potions_floor_usage":[50,50,50,51,56,56],"damage_taken":[{"damage":4.0,"enemies":"Jaw Worm","floor":1.0,"turns":7.0},{"damage":0.0,"enemies":"Small Slimes","floor":4.0,"turns":6.0},{"damage":1.0,"enemies":"Cultist","floor":5.0,"turns":4.0},{"damage":5.0,"enemies":"Looter","floor":7.0,"turns":3.0},{"damage":20.0,"enemies":"3 Sentries","floor":8.0,"turns":10.0},{"damage":7.0,"enemies":"2 Fungi Beasts","floor":11.0,"turns":5.0},{"damage":7.0,"enemies":"The Mushroom Lair","floor":12.0,"turns":5.0},{"damage":2.0,"enemies":"Blue Slaver","floor":13.0,"turns":4.0},{"damage":3.0,"enemies":"Hexaghost","floor":16.0,"turns":9.0},{"damage":19.0,"enemies":"Chosen","floor":18.0,"turns":5.0},{"damage":26.0,"enemies":"Spheric Guardian","floor":20.0,"turns":8.0},{"damage":0.0,"enemies":"Centurion and Healer","floor":22.0,"turns":7.0},{"damage":18.0,"enemies":"Chosen and Byrds","floor":24.0,"turns":5.0},{"damage":0.0,"enemies":"Book of Stabbing","floor":27.0,"turns":5.0},{"damage":0.0,"enemies":"Snecko","floor":31.0,"turns":2.0},{"damage":18.0,"enemies":"Automaton","floor":33.0,"turns":5.0},{"damage":14.0,"enemies":"3 Shapes","floor":35.0,"turns":4.0},{"damage":0.0,"enemies":"3 Darklings","floor":38.0,"turns":2.0},{"damage":0.0,"enemies":"Giant Head","floor":40.0,"turns":3.0},{"damage":0.0,"enemies":"Maw","floor":41.0,"turns":3.0},{"damage":0.0,"enemies":"Nemesis","floor":42.0,"turns":3.0},{"damage":5.0,"enemies":"Giant Head","floor":44.0,"turns":7.0},{"damage":0.0,"enemies":"4 Shapes","floor":47.0,"turns":2.0},{"damage":0.0,"enemies":"Jaw Worm Horde","floor":48.0,"turns":3.0},{"damage":62,"enemies":"Time Eater","floor":50,"turns":7},{"damage":18,"enemies":"Donu and Deca","floor":51,"turns":8},{"damage":0,"enemies":"Shield and Spear","floor":55,"turns":1},{"damage":21,"enemies":"The Heart","floor":56,"turns":5}],"seed_played":"-5293818385119079621","potions_obtained":[{"floor":4.0,"key":"Poison Potion"},{"floor":7.0,"key":"SteroidPotion"},{"floor":12.0,"key":"PowerPotion"},{"floor":16.0,"key":"Explosive Potion"},{"floor":27.0,"key":"DuplicationPotion"},{"floor":31.0,"key":"Fruit Juice"},{"floor":33.0,"key":"Fire Potion"},{"floor":44.0,"key":"BlessingOfTheForge"},{"floor":48.0,"key":"Dexterity Potion"},{"floor":55,"key":"Block Potion"}],"is_trial":false,"path_per_floor":["M","?","?","M","M","R","M","E","T","R","M","?","M","$","R","B",null,"M","?","M","?","M","R","M","$","T","E","?","$","R","M","R","B",null,"M","?","$","M","$","E","M","E","T","E","R","?","M","M","R","B","B",null,"R","$","E","B",null],"character_chosen":"THE_SILENT","items_purchased":["Sling","Acrobatics","OrangePellets"],"campfire_rested":1,"item_purchase_floors":[14,25,54],"current_hp_per_floor":[55,32,32,32,31,31,26,6,16,38,31,24,22,22,22,19,62,43,43,22,22,27,27,14,14,19,24,24,24,24,29,34,21,66,57,45,45,50,50,62,67,72,82,87,88,88,88,88,88,26,13,71,76,81,86,65],"gold":73,"neow_bonus":"TRANSFORM_TWO_CARDS","is_daily":false,"chose_seed":false,"campfire_upgraded":7,"win_rate":0.0,"timestamp":1608743851,"path_taken":["M","?","?","M","M","R","M","E","T","R","?","?","M","$","R","BOSS","M","?","M","?","M","R","M","$","T","E","?","$","R","?","R","BOSS","M","?","?","M","$","E","M","E","T","E","R","?","?","M","R","BOSS","BOSS","R","$","E","BOSS"],"items_purchased_type":["Relic","Card","Relic"],"build_version":"2020-12-22","purchased_purges":5,"victory":true,"max_hp_per_floor":[66,66,66,66,66,66,66,66,76,76,76,76,76,76,76,76,76,76,76,76,76,76,76,76,76,76,76,76,76,76,76,81,81,81,81,81,81,81,81,88,88,88,88,88,88,88,88,88,88,88,88,88,88,88,88,88],"card_choices":[{"not_picked":["Setup","PiercingWail","Slice"],"picked":"SKIP","floor":1.0},{"not_picked":["Quick Slash","Prepared"],"picked":"Deadly Poison","floor":4.0},{"not_picked":["Prepared","Blur"],"picked":"Underhanded Strike","floor":5.0},{"not_picked":["Finisher","After Image"],"picked":"Bane","floor":7.0},{"not_picked":["Accuracy","Flying Knee"],"picked":"Cloak And Dagger","floor":8.0},{"not_picked":["Concentrate","Riddle With Holes","Slice"],"picked":"SKIP","floor":11.0},{"not_picked":["Dagger Throw","Choke"],"picked":"Escape Plan","floor":12.0},{"not_picked":["Flying Knee","Slice"],"picked":"Predator","floor":13.0},{"not_picked":["Venomology","Doppelganger"],"picked":"Wraith Form v2","floor":16.0},{"not_picked":["Prepared","Slice"],"picked":"Calculated Gamble","floor":18.0},{"not_picked":["Blade Dance","Deflect+1","Flying Knee"],"picked":"SKIP","floor":20.0},{"not_picked":["Deflect","Concentrate"],"picked":"Adrenaline","floor":22.0},{"not_picked":["Deflect","Choke","Sucker Punch"],"picked":"SKIP","floor":24.0},{"not_picked":["Endless Agony","Dagger Throw","Unload"],"picked":"SKIP","floor":27.0},{"not_picked":["Deflect","Blade Dance","Terror"],"picked":"SKIP","floor":31.0},{"not_picked":["Tools of the Trade","Die Die Die"],"picked":"Venomology","floor":33.0},{"not_picked":["Blade Dance+1","Deadly Poison","Underhanded Strike"],"picked":"SKIP","floor":35.0},{"not_picked":["Cloak And Dagger","Backstab","Expertise+1"],"picked":"SKIP","floor":38.0},{"not_picked":["Riddle With Holes","Dodge and Roll","Prepared"],"picked":"SKIP","floor":40.0},{"not_picked":["Noxious Fumes+1","Bane"],"picked":"Tactician","floor":41.0},{"not_picked":["All Out Attack","Eviscerate","Sucker Punch+1"],"picked":"SKIP","floor":42.0},{"not_picked":["Riddle With Holes","Backflip","Underhanded Strike"],"picked":"SKIP","floor":44.0},{"not_picked":["Distraction","Underhanded Strike","Blade Dance+1"],"picked":"SKIP","floor":47.0},{"not_picked":["Dagger Spray+1","Sucker Punch","Caltrops"],"picked":"SKIP","floor":48.0},{"not_picked":["Blur","Tools of the Trade","Deflect"],"picked":"SKIP","floor":55}],"player_experience":840411,"relics_obtained":[{"floor":8.0,"key":"Happy Flower"},{"floor":9.0,"key":"Pear"},{"floor":12.0,"key":"Odd Mushroom"},{"floor":26.0,"key":"Bronze Scales"},{"floor":27.0,"key":"The Courier"},{"floor":40.0,"key":"Strawberry"},{"floor":42.0,"key":"MawBank"},{"floor":44.0,"key":"White Beast Statue"},{"floor":55,"key":"Boot"}],"event_choices":[{"damage_healed":0.0,"max_hp_gain":0.0,"max_hp_loss":0.0,"gold_gain":0.0,"event_name":"Golden Idol","player_choice":"Take Damage","floor":2.0,"gold_loss":0.0,"damage_taken":23.0,"relics_obtained":["Golden Idol"]},{"damage_healed":0.0,"max_hp_gain":0.0,"max_hp_loss":0.0,"gold_gain":0.0,"event_name":"Upgrade Shrine","player_choice":"Upgraded","floor":3.0,"gold_loss":0.0,"damage_taken":0.0,"cards_upgraded":["Adrenaline"]},{"damage_healed":0.0,"max_hp_gain":0.0,"max_hp_loss":0.0,"gold_gain":0.0,"event_name":"Mushrooms","player_choice":"Fought Mushrooms","floor":12.0,"gold_loss":0.0,"damage_taken":0.0},{"damage_healed":0.0,"max_hp_gain":0.0,"max_hp_loss":0.0,"gold_gain":0.0,"event_name":"Forgotten Altar","player_choice":"Gave Idol","floor":19.0,"relics_lost":["Golden Idol"],"gold_loss":0.0,"damage_taken":0.0,"relics_obtained":["Bloody Idol"]},{"damage_healed":0.0,"max_hp_gain":0.0,"max_hp_loss":0.0,"gold_gain":0.0,"event_name":"The Library","player_choice":"Read","floor":21.0,"gold_loss":0.0,"damage_taken":0.0,"cards_obtained":["Tactician"]},{"cards_removed":["Strike_G"],"damage_healed":0.0,"max_hp_gain":0.0,"max_hp_loss":0.0,"gold_gain":0.0,"event_name":"Back to Basics","player_choice":"Elegance","floor":28.0,"gold_loss":0.0,"damage_taken":0.0},{"damage_healed":0.0,"max_hp_gain":0.0,"max_hp_loss":0.0,"gold_gain":0.0,"event_name":"Wheel of Change","player_choice":"Damaged","floor":36.0,"gold_loss":0.0,"damage_taken":12.0},{"damage_healed":0.0,"max_hp_gain":0.0,"max_hp_loss":0.0,"gold_gain":0.0,"event_name":"Match and Keep!","player_choice":"1 cards matched","floor":46.0,"gold_loss":0.0,"damage_taken":0.0,"cards_obtained":["Adrenaline"]}],"is_beta":false,"boss_relics":[{"not_picked":["Sozu","Philosopher\u0027s Stone"],"picked":"Astrolabe"},{"not_picked":["SlaversCollar","Tiny House"],"picked":"HoveringKite"}],"items_purged_floors":[14,25,29,39,54],"is_endless":false,"potions_floor_spawned":[4,7,12,16,27,31,33,41,44,47,48,55],"ascension_level":20}}