{"host":"Finnegan","time":1608681933,"event":{"mods":["AchievementEnabler","BaseMod","Colored Map","Colored Powertips","Highlight Path","Minty Spire (QoL Compilation)","Permanent Neow","Quick Restart","Rare Cards Sparkle","Relic Stats","Slay-I","StSLib","everything is the same but u backflip on backflip","slay the spire mod where everything is the same but ironclad has a cowboy hat"],"gold_per_floor":[117,131,147,147,72,72,72,88,142,161,161,16,43,43,43,43,43],"floor_reached":16,"playtime":403,"items_purged":["Strike_B","Strike_B"],"score":105,"play_id":"868f4a7a-9d57-4801-992e-fc4d7c784179","local_time":"20201223010533","is_ascension_mode":true,"campfire_choices":[{"data":"Fusion","floor":6,"key":"SMITH"},{"data":"Defend_B","floor":11,"key":"SMITH"},{"data":"Coolheaded","floor":15,"key":"SMITH"}],"circlet_count":0,"master_deck":["Strike_B","Strike_B","Defend_B","Defend_B","Defend_B","Defend_B+1","Core Surge","Fusion+1","Hologram","Coolheaded+1"],"relics":["Cracked Core","Akabeko","Toy Ornithopter","Pen Nib"],"acts_visited":["Exordium"],"potions_floor_usage":[2,13,16],"damage_taken":[{"damage":0,"enemies":"Cultist","floor":1,"turns":2},{"damage":1,"enemies":"Jaw Worm","floor":2,"turns":4},{"damage":5,"enemies":"Small Slimes","floor":3,"turns":2},{"damage":2,"enemies":"2 Fungi Beasts","floor":8,"turns":4},{"damage":2,"enemies":"Exordium Wildlife","floor":10,"turns":5},{"damage":23,"enemies":"Gremlin Nob","floor":13,"turns":5},{"damage":35,"enemies":"Hexaghost","floor":16,"turns":10}],"seed_played":"-2800744973456534942","potions_obtained":[{"floor":1,"key":"EssenceOfDarkness"},{"floor":2,"key":"SkillPotion"},{"floor":10,"key":"PowerPotion"},{"floor":13,"key":"Explosive Potion"}],"is_trial":false,"path_per_floor":["M","M","M","?","$","R","?","M","T","M","R","$","E","$","R","B"],"character_chosen":"DEFECT","items_purchased":["Hologram"],"campfire_rested":0,"item_purchase_floors":[12],"current_hp_per_floor":[75,74,69,69,69,69,69,67,67,65,65,65,47,47,47,17,17],"gold":43,"neow_bonus":"TRANSFORM_CARD","is_daily":false,"chose_seed":false,"campfire_upgraded":3,"win_rate":0.0,"timestamp":1608681933,"path_taken":["M","?","M","?","?","R","?","?","T","M","R","$","E","$","R","BOSS"],"items_purchased_type":["Card"],"build_version":"2020-12-18","purchased_purges":2,"victory":false,"max_hp_per_floor":[75,75,75,75,75,75,75,75,75,75,75,75,75,75,75,75,75],"relic_stats":{"counters":[7,32],"Pen Nib":[1],"obtain_stats":[{"Pen Nib":13,"Cracked Core":0,"Akabeko":7,"Toy Ornithopter":9},{"Pen Nib":6,"Cracked Core":0,"Akabeko":3,"Toy Ornithopter":4},{"Pen Nib":22,"Cracked Core":0,"Akabeko":8,"Toy Ornithopter":12}],"Toy Ornithopter":10},"card_choices":[{"not_picked":["Rip and Tear","Beam Cell","Stack"],"picked":"SKIP","floor":1},{"not_picked":["Streamline","Defragment","Stack"],"picked":"SKIP","floor":2},{"not_picked":["Ball Lightning","Auto Shields"],"picked":"Fusion","floor":3},{"not_picked":["Turbo","Biased Cognition","Loop"],"picked":"SKIP","floor":8},{"not_picked":["Streamline","Ball Lightning","Barrage"],"picked":"SKIP","floor":10},{"not_picked":["Gash","Force Field"],"picked":"Coolheaded","floor":13}],"player_experience":907310,"relics_obtained":[{"floor":9,"key":"Toy Ornithopter"},{"floor":13,"key":"Pen Nib"}],"event_choices":[{"cards_removed":["Dualcast"],"damage_healed":0,"gold_gain":0,"player_choice":"Purged","damage_taken":0,"max_hp_gain":0,"max_hp_loss":0,"event_name":"Purifier","floor":4,"gold_loss":0},{"damage_healed":0,"gold_gain":0,"player_choice":"Searched \u00272\u0027 times","damage_taken":0,"relics_obtained":["Akabeko"],"max_hp_gain":0,"max_hp_loss":0,"event_name":"Dead Adventurer","floor":7,"gold_loss":0}],"is_beta":true,"boss_relics":[],"items_purged_floors":[5,12],"is_endless":false,"potions_floor_spawned":[1,2,10,13],"killed_by":"Hexaghost","ascension_level":1}}