{"host":"95wyl20yxqdpjbr6","time":1608752005,"event":{"mods":["2.2 Compatiblity","Act Like it!","BaseMod","Better Third Choice","BetterRewards","Colored Map","Conspire","Downfall","Gensokyo","Hallownest","Hermit","Highlight Path","Hubris","Infinite Spire","Jorbs\u0027s Wanderer Trilogy","Marisa????????","Minty Spire (QoL Compilation)","Rare Cards Sparkle","Replay The Spire","StSLib","The Construct","The Cursed","The Disciple","The Hierophant","The Runesmith"],"gold_per_floor":[118,118,130,146,160,160,173,191,214,238,238,313,95,126,126,249,249,249],"floor_reached":17,"playtime":1604,"items_purged":[],"score":151,"play_id":"fcfb91e5-ed08-414b-b2ec-92732a8495e9","local_time":"20201223203325","is_ascension_mode":false,"campfire_choices":[{"data":"hermit:BlackWind","floor":6,"key":"SMITH"},{"data":"hermit:Cheat","floor":15,"key":"SMITH"}],"circlet_count":0,"master_deck":["hermit:Strike_Hermit","hermit:Strike_Hermit","hermit:Strike_Hermit","hermit:Strike_Hermit","hermit:Defend_Hermit","hermit:Defend_Hermit","hermit:Defend_Hermit","hermit:Defend_Hermit","hermit:Snapshot+1","hermit:Covet","hermit:Determination","hermit:Ricochet","hermit:WideOpen","hermit:BlackWind+1","hermit:FullyLoaded","hermit:GhostlyPresence","ReplayTheSpireMod:Splinters","hermit:SprayPray","hermit:Cheat+1","hermit:Deadeye","hermit:Adapt","stsjorbsmod:Frostbite","stsjorbsmod:ProdigalMemory"],"relics":["hermit:Momento","Hallownest:DreamNailRelic","Replay:Bandana","Bag of Marbles","Orichalcum","hubris:Backtick","stsjorbsmod:BookOfTrialsRelic"],"acts_visited":["Hallownest:Greenpath","TheCity"],"potions_floor_usage":[7,12,14,16],"damage_taken":[{"damage":0,"enemies":"Hallownest:monsterHuskWarrior","floor":1,"turns":4},{"damage":3,"enemies":"Hallownest:2_Tiktiks_and_1_Crawlid","floor":3,"turns":4},{"damage":1,"enemies":"Hallownest:2_Baldur","floor":4,"turns":3},{"damage":13,"enemies":"Hallownest:Guard_and_Warrior","floor":5,"turns":6},{"damage":6,"enemies":"Hallownest:1_Ooma_and_2_Uuma","floor":7,"turns":5},{"damage":3,"enemies":"Hallownest:MossCreep_and_Mosskin","floor":8,"turns":3},{"damage":3,"enemies":"Hallownest:Wandering_and_Horned","floor":10,"turns":4},{"damage":9,"enemies":"Hallownest:Guard_and_Warrior","floor":14,"turns":5},{"damage":4,"enemies":"Hallownest:BossBrokenVessel","floor":16,"turns":6}],"seed_played":"7999428303692611520","potions_obtained":[{"floor":1,"key":"champ:CounterPotion"},{"floor":5,"key":"Guardian:BlockOnCardUsePotion"},{"floor":8,"key":"Adrenaline Potion"},{"floor":10,"key":"LifebloodPotion"},{"floor":12,"key":"Fruit Juice"},{"floor":12,"key":"Languid Potion"},{"floor":16,"key":"AttackPotion"}],"is_trial":false,"path_per_floor":["M","?","M","M","M","R","M","M","T","M","?","?","$","M","R","B",null],"character_chosen":"HERMIT","items_purchased":["Orichalcum","hermit:Cheat"],"campfire_rested":0,"item_purchase_floors":[13,13],"current_hp_per_floor":[75,75,72,71,58,58,52,49,49,46,55,60,60,51,51,47,89,89],"gold":249,"neow_bonus":"UPGRADE_CARD","is_daily":false,"chose_seed":false,"campfire_upgraded":2,"win_rate":0.0,"timestamp":1608752005,"path_taken":["M","?","M","M","M","R","M","M","T","?","?","?","$","?","R","BOSS"],"items_purchased_type":["Relic","Card"],"build_version":"2020-12-22","purchased_purges":0,"victory":false,"max_hp_per_floor":[75,75,75,75,75,75,75,75,75,75,84,89,89,89,89,89,89,89],"card_choices":[{"not_picked":["hermit:Grudge","hermit:DeadMansHand"],"picked":"hermit:Determination","floor":1},{"not_picked":["hermit:Dive","hermit:Gestalt"],"picked":"hermit:Ricochet","floor":3},{"not_picked":["hermit:HoleUp","hermit:CursedWeapon"],"picked":"hermit:WideOpen","floor":4},{"not_picked":["hermit:Quickdraw","hermit:SprayPray"],"picked":"hermit:BlackWind","floor":5},{"not_picked":["hermit:ShadowCloak","hermit:TakeCover"],"picked":"hermit:FullyLoaded","floor":7},{"not_picked":["hermit:LuckOfTheDraw","hermit:Ricochet"],"picked":"hermit:GhostlyPresence","floor":8},{"not_picked":["hermit:Horror","hermit:NoHoldsBarred","hermit:ItchyTrigger"],"picked":"SKIP","floor":10},{"not_picked":["hermit:Misfire","hermit:Roulette"],"picked":"hermit:SprayPray","floor":12},{"not_picked":["hermit:Shortfuse","hermit:BigShot"],"picked":"hermit:Deadeye","floor":14},{"not_picked":["hermit:BlackWind","hermit:OverwhelmingPower"],"picked":"hermit:Adapt","floor":16}],"player_experience":500017,"relics_obtained":[{"floor":9,"key":"Replay:Bandana"},{"floor":12,"key":"Bag of Marbles"}],"event_choices":[],"is_beta":false,"boss_relics":[{"not_picked":["hubris:GrandSneckoEye","hubris:VirtuousBlindfold"],"picked":"hubris:Backtick"}],"items_purged_floors":[],"is_endless":false,"potions_floor_spawned":[1,5,8,10,16],"ascension_level":0}}