{"host":"88gj1a6q1iuldet9","time":1608706528,"event":{"mods":["Act Like it!","BaseMod","BetterRewards","Conspire","Downfall","Energized Spire","Gensokyo","GungeonMod","Hubris","KomeijiMod","Magitek Elite","Minty Spire (QoL Compilation)","Quick Restart","Reimu??????","Replay The Spire","Robot Space Explorer","Shop Mod","StSLib","The Clintock","The Dragon Tamer","The Hayseed","The Judge","The Mystic","The Necromancer","The Problem Sleuth","The Runesmith","The Sage","The Vixen","TheArtist","Wandering Minibosses"],"gold_per_floor":[116,128,128,140,101,133,133,151,176,176,196,196,207,236,236,340,340,355,375,375,385,0,33,47,47,47,47,0,27,27,63,63,169,169,182,199,199,218,218,218],"floor_reached":39,"playtime":4389,"items_purged":["Parasite"],"score":701,"play_id":"198fb01f-f3bb-4561-a8dc-e08f88803fb8","local_time":"20201223015528","is_ascension_mode":false,"campfire_choices":[{"data":"SuitokuNoKyoryu","floor":7,"key":"SMITH"},{"data":"ArtfulChanter","floor":10,"key":"SMITH"},{"data":"GasuOrimono","floor":12,"key":"SMITH"},{"data":"LittleLegion","floor":15,"key":"SMITH"},{"data":"TerribleSouvenir","floor":25,"key":"SMITH"},{"data":"SeekerDolls","floor":32,"key":"SMITH"}],"circlet_count":0,"master_deck":["Defend_Komeiji","Defend_Komeiji","Defend_Komeiji","Defend_Komeiji","Dash_Komeiji","NingyouKisou+1","ArtfulChanter+1","HagoromoKu","SuitokuNoKyoryu+1","NingyouFukuhei+1","GasuOrimono+1","LittleLegion+1","DochyakuKami+1","TerribleSouvenir+1","KimairaNoYoku","KokorosuKi+1","SuitokuNoKyoryu","SeekerDolls+1","WordoMod:Accursed","FreezeTouchMe","HagoromoKu","Bite","Bite","Bite","Bite","Bite","DochyakuKami+1","WumiGaWareru","DochyakuKami+1"],"relics":["KomeijisEye","SpellCardsRule","MusicBox","NeowsBlessing","FaceOfCleric","CrystalOfMemory","DemoMod:Metronome","Cursed Key","RuthlessExorcism:ReiMu","DemoMod:MeltedRock","Dream Catcher","hubris:64BitClover","DemoMod:Bottle","Replay:Bottled Flurry","CeramicFish","hubris:RunicObelisk","hubris:Icosahedron","DemoMod:GlassGuonStoneRelic"],"acts_visited":["Exordium","TheCity","TheBeyond"],"potions_floor_usage":[14,24,33],"damage_taken":[{"damage":0,"enemies":"Small Slimes","floor":1,"turns":2},{"damage":0,"enemies":"Cultist","floor":2,"turns":1},{"damage":0,"enemies":"2 Louse","floor":4,"turns":1},{"damage":9,"enemies":"3 Sentries","floor":6,"turns":7},{"damage":0,"enemies":"Blue Slaver","floor":8,"turns":4},{"damage":5,"enemies":"Exordium Thugs","floor":11,"turns":5},{"damage":0,"enemies":"Lots of Slimes","floor":13,"turns":2},{"damage":0,"enemies":"Gremlin Nob","floor":14,"turns":4},{"damage":12,"enemies":"Hexaghost","floor":16,"turns":7},{"damage":0,"enemies":"3 Byrds","floor":18,"turns":3},{"damage":17,"enemies":"2 Thieves","floor":19,"turns":4},{"damage":4,"enemies":"Snake Plant","floor":21,"turns":4},{"damage":0,"enemies":"Slavers","floor":23,"turns":1},{"damage":14,"enemies":"Shelled Parasite and Fungi","floor":24,"turns":5},{"damage":0,"enemies":"conspire:Head Lice","floor":29,"turns":3},{"damage":13,"enemies":"Gremlin Leader","floor":31,"turns":5},{"damage":26,"enemies":"Pondfish","floor":33,"turns":8},{"damage":19,"enemies":"Orb Walker","floor":35,"turns":4},{"damage":18,"enemies":"3 Shapes","floor":36,"turns":3},{"damage":18,"enemies":"Transient","floor":38,"turns":5},{"damage":10,"enemies":"4 Shapes","floor":39,"turns":3}],"seed_played":"9219033657020643901","potions_obtained":[{"floor":2,"key":"Regen Potion"},{"floor":4,"key":"ZuzhouPotion:ReiMu"},{"floor":13,"key":"EssenceOfSteel"},{"floor":16,"key":"LiquidBronze"},{"floor":21,"key":"Dexterity Potion"},{"floor":23,"key":"Milkshake"},{"floor":24,"key":"SpeedPotion"},{"floor":28,"key":"SkillPotion"},{"floor":33,"key":"sneckomod:MuddlingPotion"},{"floor":36,"key":"hexamod:EctoCoolerPotion"}],"is_trial":false,"path_per_floor":["M","M","?","M","$","E","R","M","T","R","M","R","M","E","R","B",null,"M","M","T","M","$","E","M","R","T","$","?","E","?","E","R","B",null,"M","M","?","M","M"],"character_chosen":"KomeijiSatori","items_purchased":["SuitokuNoKyoryu","SuitokuNoKyoryu","DemoMod:MeltedRock"],"campfire_rested":0,"item_purchase_floors":[5,22,22],"current_hp_per_floor":[50,50,50,51,51,43,43,44,44,44,40,40,41,42,42,31,57,58,42,42,42,42,43,45,45,45,45,45,46,42,38,38,25,44,30,17,17,6,0,0],"gold":218,"neow_bonus":"THREE_ENEMY_KILL","is_daily":false,"chose_seed":false,"campfire_upgraded":6,"win_rate":0.0,"timestamp":1608706528,"path_taken":["M","M","?","M","$","E","R","M","T","R","M","R","?","E","R","BOSS","M","M","?","?","$","E","M","R","T","$","?","E","?","E","R","BOSS","M","M","?","M","M"],"items_purchased_type":["Card","Card","Relic"],"build_version":"2020-12-13","purchased_purges":1,"victory":false,"max_hp_per_floor":[50,50,50,51,51,52,52,53,53,53,54,54,55,56,56,57,57,58,59,59,60,57,58,59,59,59,59,59,60,42,43,43,44,44,45,46,46,47,47,47],"card_choices":[{"not_picked":["Mishyaguji+1","Melting"],"picked":"NingyouKisou+1","floor":1},{"not_picked":["NingyouOkisou+1","RoshinSou+1"],"picked":"ArtfulChanter","floor":2},{"not_picked":["ShyakuBuku","DemonLordCradle"],"picked":"HagoromoKu","floor":4},{"not_picked":["Mishyaguji+1","Agarareta+1"],"picked":"NingyouFukuhei+1","floor":6},{"not_picked":["DemonLordCradle","YuumeiNoKurin","KeiseiJin+1"],"picked":"SKIP","floor":8},{"not_picked":["KoKei+1","NingyouShinki+1"],"picked":"GasuOrimono","floor":11},{"not_picked":["MusuNoYume","KinbakuJin+1"],"picked":"LittleLegion","floor":13},{"not_picked":["MissingPower","EnMu+1"],"picked":"DochyakuKami+1","floor":14},{"not_picked":["WumiGaWareru","MunenMusou"],"picked":"TerribleSouvenir","floor":16},{"not_picked":["KeiseiJin+1","HagoromoMizu"],"picked":"KimairaNoYoku","floor":18},{"not_picked":["ShyakuBuku+1","JyouchiJin+1"],"picked":"KokorosuKi+1","floor":19},{"not_picked":["NingyouFukuhei+1","TenguNoTaiko","RikonNoKama+1"],"picked":"SKIP","floor":21},{"not_picked":["NingyouSousou+1","HagoromoMizu"],"picked":"SeekerDolls","floor":23},{"not_picked":["KinbakuJin+1","Agarareta+1","Sabishigari+1"],"picked":"SKIP","floor":24},{"not_picked":["YoukiSo+1","MakuraSeki"],"picked":"FreezeTouchMe","floor":28},{"not_picked":["Melting","NingyouOkisou+1"],"picked":"HagoromoKu","floor":29},{"not_picked":["Agarareta+1","KinbakuJin+1"],"picked":"DochyakuKami+1","floor":31},{"not_picked":["MunenMusou","LunaDial"],"picked":"WumiGaWareru","floor":33},{"not_picked":["NingyouFukuhei+1","KeiseiJin+1","MakuraSeki"],"picked":"SKIP","floor":35},{"not_picked":["Mishyaguji+1","Sabishigari+1","NingyouChiyari+1"],"picked":"SKIP","floor":36},{"not_picked":["KoKei+1","ShyakuBuku"],"picked":"DochyakuKami+1","floor":38}],"player_experience":907290,"relics_obtained":[{"floor":6,"key":"CrystalOfMemory"},{"floor":14,"key":"DemoMod:Metronome"},{"floor":20,"key":"RuthlessExorcism:ReiMu"},{"floor":23,"key":"Dream Catcher"},{"floor":26,"key":"hubris:64BitClover"},{"floor":28,"key":"DemoMod:Bottle"},{"floor":29,"key":"Replay:Bottled Flurry"},{"floor":31,"key":"CeramicFish"}],"event_choices":[{"damage_healed":0,"gold_gain":0,"player_choice":"Trade","damage_taken":0,"relics_obtained":["FaceOfCleric"],"max_hp_gain":0,"max_hp_loss":0,"event_name":"FaceTrader","floor":3,"gold_loss":0},{"damage_healed":0,"gold_gain":0,"player_choice":"Became a vampire","damage_taken":0,"max_hp_gain":0,"max_hp_loss":18,"event_name":"Vampires","floor":30,"gold_loss":0,"cards_obtained":["Bite","Bite","Bite","Bite","Bite"]}],"is_beta":false,"boss_relics":[{"not_picked":["hubris:ScarierMask","energizedSpire:EnergizedDie"],"picked":"Cursed Key"},{"not_picked":["Astrolabe","conspire:RunicOctahedron"],"picked":"hubris:RunicObelisk"}],"items_purged_floors":[22],"is_endless":false,"potions_floor_spawned":[2,4,13,16,21,23,24,33,36],"killed_by":"4 Shapes","ascension_level":0}}