{"host":"69rply1jf2d1wbmp","time":1608724128,"event":{"mods":["BaseMod","Minty Spire (QoL Compilation)","Quick Restart"],"gold_per_floor":[109,129,38,38,49,49,49,49,49,64,64,77,105,120,120,216,216,231,8,26,26,26,26,55,80,80,80,92,42,142,176,176,278,278,295,312,326,127,127,152,9,44,68,68,68,83,83,99,99,99],"floor_reached":51,"playtime":1607,"items_purged":["Dagger Spray","Sucker Punch+1"],"score":793,"play_id":"f88ac2e8-219d-4f68-88db-ef57ae886573","local_time":"20201223064848","daily_mods":["SealedDeck","Heirloom","Time Dilation"],"is_ascension_mode":false,"campfire_choices":[{"data":"Cloak And Dagger","floor":6,"key":"SMITH"},{"data":"Accuracy","floor":15,"key":"SMITH"},{"data":"Accuracy","floor":23,"key":"SMITH"},{"data":"A Thousand Cuts","floor":27,"key":"SMITH"},{"data":"Blade Dance","floor":32,"key":"SMITH"},{"floor":45,"key":"REST"},{"floor":47,"key":"REST"},{"data":"Blade Dance","floor":49,"key":"SMITH"}],"circlet_count":0,"master_deck":["PiercingWail","Deflect","Accuracy+1","Cloak And Dagger+1","Infinite Blades","Slice","Backflip","Infinite Blades","Deflect","Blade Dance+1","Backstab","Leg Sweep+1","Catalyst+1","Blade Dance+1","Accuracy+1","Deflect","Caltrops+1","A Thousand Cuts+1","Blur","Deflect","Blur+1","Writhe","Cloak And Dagger+1","Trip","Cloak And Dagger+1"],"relics":["Ring of the Snake","Mango","StrikeDummy","Ice Cream","Astrolabe","Ancient Tea Set","Red Mask","Smiling Mask","Pantograph","Turnip","White Beast Statue","Toy Ornithopter","Black Star","Toolbox","Bag of Marbles","Matryoshka","Blood Vial","HornCleat","CaptainsWheel","Gremlin Horn","Omamori"],"acts_visited":["Exordium","TheCity","TheBeyond"],"potions_floor_usage":[16,16,37,48,50,50],"damage_taken":[{"damage":0,"enemies":"Small Slimes","floor":1,"turns":3},{"damage":0,"enemies":"Cultist","floor":2,"turns":3},{"damage":1,"enemies":"Jaw Worm","floor":5,"turns":3},{"damage":4,"enemies":"Looter","floor":10,"turns":3},{"damage":4,"enemies":"Exordium Wildlife","floor":12,"turns":4},{"damage":13,"enemies":"Lagavulin","floor":13,"turns":3},{"damage":1,"enemies":"Large Slime","floor":14,"turns":2},{"damage":23,"enemies":"The Guardian","floor":16,"turns":5},{"damage":0,"enemies":"Chosen","floor":18,"turns":3},{"damage":5,"enemies":"Shell Parasite","floor":20,"turns":4},{"damage":0,"enemies":"Masked Bandits","floor":24,"turns":3},{"damage":0,"enemies":"Gremlin Leader","floor":25,"turns":4},{"damage":0,"enemies":"Snecko","floor":28,"turns":3},{"damage":1,"enemies":"Colosseum Slavers","floor":30,"turns":4},{"damage":0,"enemies":"Colosseum Nobs","floor":30,"turns":2},{"damage":18,"enemies":"Book of Stabbing","floor":31,"turns":3},{"damage":15,"enemies":"Automaton","floor":33,"turns":5},{"damage":2,"enemies":"Orb Walker","floor":35,"turns":2},{"damage":16,"enemies":"3 Darklings","floor":36,"turns":3},{"damage":22,"enemies":"Spire Growth","floor":37,"turns":3},{"damage":8,"enemies":"Reptomancer","floor":40,"turns":5},{"damage":37,"enemies":"Nemesis","floor":42,"turns":3},{"damage":0,"enemies":"Sphere and 2 Shapes","floor":46,"turns":1},{"damage":27,"enemies":"3 Darklings","floor":48,"turns":3},{"damage":56,"enemies":"Awakened One","floor":50,"turns":7}],"seed_played":"821643588182068508","potions_obtained":[{"floor":2,"key":"GamblersBrew"},{"floor":10,"key":"AttackPotion"},{"floor":13,"key":"Poison Potion"},{"floor":16,"key":"LiquidBronze"},{"floor":18,"key":"FearPotion"},{"floor":33,"key":"AttackPotion"},{"floor":37,"key":"AttackPotion"},{"floor":48,"key":"SkillPotion"}],"is_trial":true,"path_per_floor":["M","M","$","?","M","R","$","$","T","M","?","M","E","M","R","B",null,"M","$","M","$","?","R","?","E","T","R","M","$","?","E","R","B",null,"M","M","M","$","?","E","$","E","T","?","R","M","R","M","R","B",null],"character_chosen":"THE_SILENT","items_purchased":["Infinite Blades","Deflect","Accuracy","Ancient Tea Set","Toolbox","Blood Vial"],"campfire_rested":2,"item_purchase_floors":[3,3,19,19,38,41],"current_hp_per_floor":[84,84,84,84,83,83,83,83,83,79,72,68,55,54,54,31,84,84,84,79,79,79,79,79,79,79,79,79,79,78,60,60,69,84,82,66,49,49,70,62,62,27,27,27,52,54,79,59,59,28],"gold":99,"neow_bonus":"","is_daily":false,"chose_seed":false,"campfire_upgraded":6,"win_rate":0.0,"timestamp":1608724128,"path_taken":["M","M","$","?","M","R","?","$","T","M","?","M","E","M","R","BOSS","M","$","M","$","?","R","?","E","T","R","M","?","?","E","R","BOSS","M","M","M","$","?","E","?","E","T","?","R","M","R","M","R","BOSS"],"items_purchased_type":["Card","Card","Card","Relic","Relic","Relic"],"build_version":"2020-12-22","purchased_purges":2,"victory":true,"max_hp_per_floor":[84,84,84,84,84,84,84,84,84,84,84,84,84,84,84,84,84,84,84,84,84,84,84,84,84,84,84,84,84,84,84,84,84,84,84,84,84,84,84,84,84,84,84,84,84,84,84,84,84,84],"card_choices":[{"not_picked":["Deadly Poison","Quick Slash"],"picked":"Slice","floor":1},{"not_picked":["Choke","Underhanded Strike"],"picked":"Backflip","floor":2},{"not_picked":["Dodge and Roll","Endless Agony","Sucker Punch"],"picked":"SKIP","floor":5},{"not_picked":["Outmaneuver","Dagger Throw","Dodge and Roll"],"picked":"SKIP","floor":10},{"not_picked":["Accuracy","Grand Finale"],"picked":"Blade Dance","floor":12},{"not_picked":["Calculated Gamble","Flying Knee","Underhanded Strike"],"picked":"SKIP","floor":13},{"not_picked":["Outmaneuver","Backflip"],"picked":"Backstab","floor":14},{"not_picked":["Quick Slash","Concentrate"],"picked":"Blade Dance","floor":18},{"not_picked":["Underhanded Strike","PiercingWail"],"picked":"Deflect","floor":20},{"not_picked":["Endless Agony","PiercingWail"],"picked":"Caltrops+1","floor":24},{"not_picked":["Slice","Poisoned Stab"],"picked":"A Thousand Cuts","floor":25},{"not_picked":["Dodge and Roll","Flying Knee"],"picked":"Blur","floor":28},{"not_picked":["Sucker Punch","Concentrate"],"picked":"Deflect","floor":30},{"not_picked":["Deflect","Finisher","Dodge and Roll+1"],"picked":"SKIP","floor":31},{"not_picked":["Infinite Blades+1","Finisher"],"picked":"Blur+1","floor":35},{"not_picked":["Deadly Poison","PiercingWail+1","Poisoned Stab+1"],"picked":"SKIP","floor":36},{"not_picked":["Eviscerate","Slice","Bane+1"],"picked":"SKIP","floor":37},{"not_picked":["Backflip","Setup+1","Dodge and Roll+1"],"picked":"SKIP","floor":40},{"not_picked":["Dagger Spray+1","Adrenaline"],"picked":"Cloak And Dagger+1","floor":42},{"not_picked":["The Bomb","Forethought"],"picked":"Trip","floor":44},{"not_picked":["Underhanded Strike+1","Reflex","Dodge and Roll+1"],"picked":"SKIP","floor":46},{"not_picked":["Prepared","PiercingWail"],"picked":"Cloak And Dagger+1","floor":48}],"player_experience":398924,"relics_obtained":[{"floor":9,"key":"StrikeDummy"},{"floor":13,"key":"Ice Cream"},{"floor":24,"key":"Red Mask"},{"floor":25,"key":"Smiling Mask"},{"floor":26,"key":"Pantograph"},{"floor":30,"key":"Turnip"},{"floor":30,"key":"White Beast Statue"},{"floor":31,"key":"Toy Ornithopter"},{"floor":40,"key":"Bag of Marbles"},{"floor":40,"key":"Matryoshka"},{"floor":42,"key":"HornCleat"},{"floor":42,"key":"CaptainsWheel"},{"floor":43,"key":"Gremlin Horn"},{"floor":43,"key":"Omamori"}],"event_choices":[{"damage_healed":0,"gold_gain":0,"cards_transformed":["Poisoned Stab"],"player_choice":"Transformed","damage_taken":0,"max_hp_gain":0,"max_hp_loss":0,"event_name":"Transmorgrifier","floor":4,"gold_loss":0,"cards_obtained":["Setup"]},{"cards_removed":["Setup"],"damage_healed":0,"gold_gain":0,"player_choice":"Card Removal","damage_taken":7,"max_hp_gain":0,"max_hp_loss":0,"event_name":"Golden Wing","floor":11,"gold_loss":0},{"damage_healed":0,"gold_gain":0,"player_choice":"Ignored","damage_taken":0,"max_hp_gain":0,"max_hp_loss":0,"event_name":"Ghosts","floor":22,"gold_loss":0},{"damage_healed":0,"gold_gain":0,"player_choice":"Fought Bandits","damage_taken":0,"max_hp_gain":0,"max_hp_loss":0,"event_name":"Masked Bandits","floor":24,"gold_loss":0},{"damage_healed":0,"gold_gain":0,"player_choice":"Fight","damage_taken":0,"max_hp_gain":0,"max_hp_loss":0,"event_name":"Colosseum","floor":30,"gold_loss":0},{"damage_healed":0,"gold_gain":0,"player_choice":"Fought Nobs","damage_taken":0,"max_hp_gain":0,"max_hp_loss":0,"event_name":"Colosseum","floor":30,"gold_loss":0},{"damage_healed":21,"gold_gain":0,"player_choice":"Writhe","damage_taken":0,"max_hp_gain":0,"max_hp_loss":0,"event_name":"Winding Halls","floor":39,"gold_loss":0,"cards_obtained":["Writhe"]},{"damage_healed":0,"gold_gain":0,"player_choice":"Memory 1","damage_taken":0,"max_hp_gain":0,"max_hp_loss":0,"event_name":"SensoryStone","floor":44,"gold_loss":0}],"is_beta":false,"boss_relics":[{"not_picked":["Ectoplasm","Coffee Dripper"],"picked":"Astrolabe"},{"not_picked":["Sozu","Velvet Choker"],"picked":"Black Star"}],"items_purged_floors":[29,38],"is_endless":false,"potions_floor_spawned":[2,10,13,16,18,25,30,31,33,35,36,37,40,42,46,48],"ascension_level":0}}