{"host":"9oysz4knkucnjyyz","time":1608696117,"event":{"mods":["2.2 Compatiblity","Act Like it!","BaseMod","Better Altar","Better Match","Better Note","Better Sensory Stone","Better Skull","Better Third Choice","BetterRewards","Displayed Cursed Tome","Downfall","Friendly Minions","Googly Eyes","GungeonMod","Hallownest","Hermit","Lobotomy","LobotomyExtend","Minty Spire (QoL Compilation)","Spicy Shops","Spire Birthday Party","StSLib","The Bug Knight","everything is the same but u backflip on backflip","slay the spire mod where everything is the same but ironclad has a cowboy hat"],"gold_per_floor":[200,216,235,535,535,535,560,579,579,596,596,608,622,650,650,650,650],"floor_reached":16,"playtime":383,"items_purged":[],"score":254,"play_id":"74b3c00c-86ec-4f7a-987b-3fd435223972","local_time":"20201222230157","is_ascension_mode":true,"campfire_choices":[],"circlet_count":0,"master_deck":["AscendersBane","SpecialBullet","SpecialBullet","SpecialBullet","SpecialBullet","SpecialBullet","SpecialBullet","SpecialBullet","SpecialBullet","InformationCode","SecurityCode","CentralCode","GreedKing","RedShoes","Slimebound:Icky","MHz","SpiderBud","WallGazer","Lamp","CENSORED"],"relics":["CogitoBucket","RabbitCall","Regal Pillow","LetterFromLob","AspirationHeart","DemoMod:MonsterBlood"],"acts_visited":["Exordium"],"potions_floor_usage":[14],"damage_taken":[{"damage":12,"enemies":"Jaw Worm","floor":2,"turns":3},{"damage":10,"enemies":"Small Slimes","floor":3,"turns":3},{"damage":17,"enemies":"2 Louse","floor":8,"turns":3},{"damage":21,"enemies":"Blue Slaver","floor":10,"turns":3},{"damage":29,"enemies":"Exordium Wildlife","floor":12,"turns":4},{"damage":23,"enemies":"Blue Slaver","floor":13,"turns":4},{"damage":11,"enemies":"Gremlin Nob","floor":14,"turns":3},{"damage":74,"enemies":"downfall:Ironclad","floor":16,"turns":5}],"seed_played":"-1711302726774097301","potions_obtained":[{"floor":8,"key":"SteroidPotion"},{"floor":12,"key":"Dexterity Potion"}],"is_trial":false,"path_per_floor":["R","M","M","?","?","R","T","M","R","M","R","M","M","E","M","B"],"character_chosen":"Angela","items_purchased":[],"campfire_rested":0,"item_purchase_floors":[],"current_hp_per_floor":[63,59,57,57,57,57,57,52,52,39,39,26,29,41,41,0,0],"gold":650,"neow_bonus":"HUNDRED_GOLD","is_daily":false,"chose_seed":false,"campfire_upgraded":0,"win_rate":0.0,"timestamp":1608696117,"path_taken":["R","M","M","?","?","R","T","M","R","M","R","M","M","E","M","BOSS"],"items_purchased_type":[],"build_version":"2020-12-13","purchased_purges":0,"victory":false,"max_hp_per_floor":[70,70,70,70,70,70,70,74,74,74,74,78,92,103,103,103,103],"card_choices":[{"not_picked":["Bloodbath","SpiderBud"],"picked":"GreedKing","floor":2},{"not_picked":["CrimsonScar","BlueScar"],"picked":"SKIP","floor":2},{"not_picked":["CrumblingArmor","DespairKnight"],"picked":"RedShoes","floor":3},{"not_picked":["CUTE","Soda"],"picked":"SKIP","floor":3},{"not_picked":["VoidDream","SpiderBud"],"picked":"MHz","floor":8},{"not_picked":["Lantern","Soda"],"picked":"SKIP","floor":8},{"not_picked":["Harmony","Wingbeat"],"picked":"SKIP","floor":10},{"not_picked":["Yin","VoidDream"],"picked":"SpiderBud","floor":12},{"not_picked":["Horn","Pleasure"],"picked":"SKIP","floor":12},{"not_picked":["Freischutz","Scarecrow"],"picked":"WallGazer","floor":13},{"not_picked":["GreenStem"],"picked":"Lamp","floor":13},{"not_picked":["FairyFestival","Yin"],"picked":"CENSORED","floor":14},{"not_picked":["Lantern","Tough"],"picked":"SKIP","floor":14}],"player_experience":333767,"relics_obtained":[{"floor":7,"key":"Regal Pillow"},{"floor":10,"key":"LetterFromLob"},{"floor":14,"key":"DemoMod:MonsterBlood"}],"event_choices":[],"is_beta":false,"boss_relics":[],"items_purged_floors":[],"is_endless":false,"potions_floor_spawned":[8,12],"killed_by":"downfall:Ironclad","ascension_level":20}}