{"host":"nptej036rrbiurf5","time":1608683855,"event":{"mods":["BaseMod","Colored Map","Colored Powertips","DeckTracker","Minty Spire (QoL Compilation)","StSLib","SuperFastMode"],"gold_per_floor":[115,115,15,35,49,76,76,91,91,118,193,208,208,231,231,231,231],"floor_reached":16,"playtime":373,"items_purged":["Strike_R"],"score":220,"play_id":"ddef5dd1-f329-4fb4-b633-7ab37e3c1f6a","local_time":"20201223093735","is_ascension_mode":true,"campfire_choices":[{"data":"Pommel Strike","floor":7.0,"key":"SMITH"},{"floor":13.0,"key":"REST"},{"data":"Double Tap","floor":15.0,"key":"SMITH"}],"circlet_count":0,"master_deck":["AscendersBane","Strike_R","Strike_R","Strike_R","Defend_R","Defend_R","Defend_R","Defend_R","Bash","Pummel","Pommel Strike+1","Spot Weakness","Cleave","Dark Embrace","Double Tap+1","Pommel Strike"],"relics":["Burning Blood","Question Card","The Courier","Boot","Dream Catcher"],"acts_visited":["Exordium"],"potions_floor_usage":[],"damage_taken":[{"damage":2.0,"enemies":"2 Louse","floor":1.0,"turns":4.0},{"damage":12.0,"enemies":"Cultist","floor":4.0,"turns":4.0},{"damage":14.0,"enemies":"Jaw Worm","floor":5.0,"turns":4.0},{"damage":20.0,"enemies":"3 Sentries","floor":6.0,"turns":3.0},{"damage":9.0,"enemies":"3 Louse","floor":8.0,"turns":3.0},{"damage":8.0,"enemies":"Gremlin Nob","floor":10.0,"turns":3.0},{"damage":24.0,"enemies":"Exordium Wildlife","floor":12.0,"turns":4.0},{"damage":36,"enemies":"The Guardian","floor":16,"turns":4}],"seed_played":"-3394804145204712675","potions_obtained":[{"floor":4.0,"key":"AttackPotion"},{"floor":6.0,"key":"SteroidPotion"}],"is_trial":false,"path_per_floor":["M","?","$","M","M","E","R","M","T","E","?","M","R","T","R","B"],"character_chosen":"IRONCLAD","items_purchased":["Pommel Strike"],"campfire_rested":1,"item_purchase_floors":[3],"current_hp_per_floor":[72,75,75,69,61,47,47,44,44,42,31,13,35,35,35,0,0],"gold":231,"neow_bonus":"TRANSFORM_CARD","is_daily":false,"chose_seed":false,"campfire_upgraded":2,"win_rate":0.0,"timestamp":1608683855,"path_taken":["M","?","?","M","M","E","R","M","T","E","?","M","R","?","R","BOSS"],"items_purchased_type":["Card"],"build_version":"2020-12-13","purchased_purges":1,"victory":false,"max_hp_per_floor":[75,75,75,75,75,75,75,75,75,75,75,75,75,75,75,75,75],"card_choices":[{"not_picked":["Anger","Thunderclap","Armaments"],"picked":"SKIP","floor":1.0},{"not_picked":["Headbutt","Dual Wield"],"picked":"Spot Weakness","floor":4.0},{"not_picked":["Clash","Wild Strike"],"picked":"Cleave","floor":5.0},{"not_picked":["Perfected Strike","Wild Strike","Headbutt"],"picked":"SKIP","floor":6.0},{"not_picked":["Thunderclap","Clash","Wild Strike"],"picked":"Dark Embrace","floor":8.0},{"not_picked":["Headbutt","Iron Wave","Twin Strike"],"picked":"Double Tap","floor":10.0},{"not_picked":["Anger","Armaments","Cleave"],"picked":"Pommel Strike","floor":12.0}],"player_experience":842200,"relics_obtained":[{"floor":6.0,"key":"Question Card"},{"floor":9.0,"key":"The Courier"},{"floor":10.0,"key":"Boot"},{"floor":14.0,"key":"Dream Catcher"}],"event_choices":[{"damage_healed":3.0,"max_hp_gain":0.0,"max_hp_loss":0.0,"gold_gain":0.0,"event_name":"Wheel of Change","player_choice":"Full Heal","floor":2.0,"gold_loss":0.0,"damage_taken":0.0},{"damage_healed":0.0,"max_hp_gain":0.0,"max_hp_loss":0.0,"gold_gain":75.0,"event_name":"World of Goop","player_choice":"Gather Gold","floor":11.0,"gold_loss":0.0,"damage_taken":11.0}],"is_beta":false,"boss_relics":[],"items_purged_floors":[3],"is_endless":false,"potions_floor_spawned":[4,6],"killed_by":"The Guardian","ascension_level":20}}