{"host":"j61pjxqytd94o6ng","time":1608700892,"event":{"mods":["BaseMod","Colored Map","Colored Powertips","Downfall","Minty Spire (QoL Compilation)","StSLib"],"gold_per_floor":[99,109,126,155,155,155,155,155,170,170,186,203,203,216,231,231,231],"floor_reached":16,"playtime":500,"items_purged":[],"score":104,"play_id":"8523455c-80dc-429c-a242-679e90fc28a9","local_time":"20201222222132","is_ascension_mode":false,"campfire_choices":[{"data":"sneckomod:SnekBite","floor":1.0,"key":"SMITH"},{"data":"sneckomod:UnknownEthereal","floor":5.0,"key":"SMITH"},{"data":"sneckomod:UnknownEthereal","floor":10.0,"key":"SMITH"}],"circlet_count":0,"master_deck":["sneckomod:Strike","sneckomod:Strike","sneckomod:Strike","sneckomod:Defend","sneckomod:Defend","sneckomod:Defend","sneckomod:TailWhip","sneckomod:SnekBite+1","sneckomod:Unknown","sneckomod:Unknown","sneckomod:SnekBeam","sneckomod:Unknown2Cost","sneckomod:UnknownEthereal+1","sneckomod:UnknownEthereal+1","sneckomod:MasterEye","sneckomod:MasterEye","sneckomod:DiceCrush","sneckomod:DangerNoodle"],"relics":["sneckomod:SneckoSoul","Happy Flower","Bottled Flame","Lizard Tail","Omamori"],"acts_visited":["Exordium"],"potions_floor_usage":[],"damage_taken":[{"damage":1.0,"enemies":"Jaw Worm","floor":2.0,"turns":3.0},{"damage":0.0,"enemies":"Small Slimes","floor":3.0,"turns":2.0},{"damage":31.0,"enemies":"Lagavulin","floor":4.0,"turns":4.0},{"damage":0.0,"enemies":"2 Louse","floor":9.0,"turns":1.0},{"damage":12.0,"enemies":"Blue Slaver","floor":11.0,"turns":3.0},{"damage":14.0,"enemies":"3 Louse","floor":12.0,"turns":4.0},{"damage":19.0,"enemies":"Red Slaver","floor":14.0,"turns":2.0},{"damage":34.0,"enemies":"Exordium Thugs","floor":15.0,"turns":5.0},{"damage":0,"enemies":"downfall:Silent","floor":16,"turns":1}],"seed_played":"-3729142972121206661","potions_obtained":[{"floor":3.0,"key":"SkillPotion"},{"floor":4.0,"key":"Regen Potion"},{"floor":4.0,"key":"DuplicationPotion"},{"floor":14.0,"key":"Ancient Potion"}],"is_trial":false,"path_per_floor":["R","M","M","E","R","?","T","?","M","R","M","M","T","M","M","B"],"character_chosen":"THE_SNECKO","items_purchased":[],"campfire_rested":0,"item_purchase_floors":[],"current_hp_per_floor":[99,98,99,69,69,69,69,62,63,63,51,49,49,30,10,10,10],"gold":231,"neow_bonus":"TEN_PERCENT_HP_BONUS","is_daily":false,"chose_seed":false,"campfire_upgraded":3,"win_rate":0.0,"timestamp":1608700892,"path_taken":["R","M","M","E","R","?","T","?","M","R","M","M","?","M","M","BOSS"],"items_purchased_type":[],"build_version":"2020-12-22","purchased_purges":0,"victory":false,"max_hp_per_floor":[99,99,100,101,101,101,101,101,102,102,102,102,102,102,102,102,102],"card_choices":[{"not_picked":["sneckomod:DiceCrush","sneckomod:UnknownWeak"],"picked":"sneckomod:SnekBeam","floor":2.0},{"not_picked":["sneckomod:UnknownWeak","sneckomod:SoulDraw"],"picked":"sneckomod:Unknown2Cost","floor":3.0},{"not_picked":["sneckomod:SoulRoll","sneckomod:UnknownVulnerable"],"picked":"sneckomod:UnknownEthereal","floor":4.0},{"not_picked":["sneckomod:UnknownVulnerable","sneckomod:UnknownCommonSkill"],"picked":"sneckomod:UnknownEthereal","floor":9.0},{"not_picked":["sneckomod:UnknownCommonAttack","sneckomod:QuickMove"],"picked":"sneckomod:MasterEye","floor":11.0},{"not_picked":["sneckomod:QuickBite","sneckomod:SoulRoll"],"picked":"sneckomod:MasterEye","floor":12.0},{"not_picked":["sneckomod:QuickBite","sneckomod:DiceBlock"],"picked":"sneckomod:DiceCrush","floor":14.0},{"not_picked":["sneckomod:UnknownClassTHE_CHAMP_GRAY","sneckomod:RainOfDice"],"picked":"sneckomod:DangerNoodle","floor":15.0}],"player_experience":471998,"relics_obtained":[{"floor":4.0,"key":"Happy Flower"},{"floor":7.0,"key":"Bottled Flame"},{"floor":13.0,"key":"Omamori"}],"event_choices":[{"damage_healed":0.0,"max_hp_gain":0.0,"max_hp_loss":0.0,"gold_gain":0.0,"event_name":"Scrap Ooze","player_choice":"Success","floor":8.0,"gold_loss":0.0,"damage_taken":7.0,"relics_obtained":["Lizard Tail"]}],"is_beta":false,"boss_relics":[],"items_purged_floors":[],"is_endless":false,"potions_floor_spawned":[3,4,14],"killed_by":"downfall:Silent","ascension_level":0}}