{"host":"873t0y8ybyo38pfq","time":1608747697,"event":{"mods":["BaseMod","Colored Map","Highlight Path","Minty Spire (QoL Compilation)","Rare Cards Sparkle","StSLib"],"gold_per_floor":[112,112,112,77,102,136,136,211,259,287,300,324,33,48,48,123,123,135,135,152,168,168,203,203,203,203],"floor_reached":25,"playtime":600,"items_purged":["Strike_G"],"score":554,"play_id":"61478843-c3f6-4006-9150-c85b25ee6a91","local_time":"20201223132137","is_ascension_mode":true,"campfire_choices":[{"data":"Predator","floor":7,"key":"SMITH"},{"data":"Neutralize","floor":15,"key":"SMITH"}],"circlet_count":0,"master_deck":["AscendersBane","Strike_G+1","Strike_G+1","Strike_G","Strike_G","Defend_G","Defend_G","Defend_G","Defend_G","Defend_G","Survivor","Neutralize+1","All Out Attack+1","Predator+1","Dash","Backflip","Venomology","PiercingWail","J.A.X.","Acrobatics","Ghostly","Ghostly","Ghostly","Writhe"],"relics":["Ring of the Snake","NeowsBlessing","Singing Bowl","Anchor","Vajra","Pen Nib","Whetstone","Odd Mushroom","Lee\u0027s Waffle","Fusion Hammer","Matryoshka","Molten Egg 2"],"acts_visited":["Exordium","TheCity"],"potions_floor_usage":[12,16,16,20,20,20,20,20,21,23,23,25],"damage_taken":[{"damage":0,"enemies":"Cultist","floor":1,"turns":1},{"damage":0,"enemies":"Lagavulin","floor":6,"turns":1},{"damage":0,"enemies":"Gremlin Nob","floor":10,"turns":1},{"damage":0,"enemies":"Small Slimes","floor":11,"turns":3},{"damage":0,"enemies":"The Mushroom Lair","floor":12,"turns":2},{"damage":0,"enemies":"2 Louse","floor":14,"turns":2},{"damage":34,"enemies":"Slime Boss","floor":16,"turns":9},{"damage":0,"enemies":"Spheric Guardian","floor":18,"turns":2},{"damage":3,"enemies":"Chosen","floor":20,"turns":4},{"damage":7,"enemies":"3 Cultists","floor":21,"turns":4},{"damage":4,"enemies":"Gremlin Leader","floor":23,"turns":6},{"damage":43,"enemies":"Book of Stabbing","floor":25,"turns":8}],"seed_played":"2607055828251118470","potions_obtained":[{"floor":6,"key":"Explosive Potion"},{"floor":10,"key":"PowerPotion"},{"floor":16,"key":"Poison Potion"},{"floor":20,"key":"CunningPotion"}],"is_trial":false,"path_per_floor":["M","?","?","?","T","E","R","?","T","E","M","?","$","M","R","B",null,"M","?","M","M","?","E","?","E"],"character_chosen":"THE_SILENT","items_purchased":["Lee\u0027s Waffle","AttackPotion"],"campfire_rested":0,"item_purchase_floors":[13,13],"current_hp_per_floor":[59,33,33,49,49,49,49,38,38,38,40,40,75,77,77,43,69,69,69,66,61,39,37,37,0,0],"gold":203,"neow_bonus":"THREE_ENEMY_KILL","is_daily":false,"chose_seed":false,"campfire_upgraded":2,"win_rate":0.0,"timestamp":1608747697,"path_taken":["M","?","?","?","?","E","R","?","T","E","M","?","$","?","R","BOSS","M","?","M","M","?","E","?","E"],"items_purchased_type":["Relic","Potion"],"build_version":"2020-12-22","purchased_purges":1,"victory":false,"max_hp_per_floor":[66,66,66,66,66,66,66,66,66,66,68,68,75,77,77,77,77,77,77,77,79,39,41,41,41,41],"card_choices":[{"not_picked":["Acrobatics","Backflip"],"picked":"All Out Attack","floor":1},{"not_picked":["Slice","Noxious Fumes"],"picked":"Predator","floor":6},{"not_picked":["Quick Slash","Infinite Blades"],"picked":"Dash","floor":10},{"not_picked":["Flying Knee","Calculated Gamble","Deflect"],"picked":"Singing Bowl","floor":11},{"not_picked":["Poisoned Stab","Sucker Punch"],"picked":"Backflip","floor":12},{"not_picked":["Dodge and Roll","Prepared","Flying Knee"],"picked":"Singing Bowl","floor":14},{"not_picked":["Glass Knife","Burst"],"picked":"Venomology","floor":16},{"not_picked":["Deadly Poison","Blade Dance"],"picked":"PiercingWail","floor":18},{"not_picked":["Sucker Punch","Reflex"],"picked":"Acrobatics","floor":20},{"not_picked":["Quick Slash","Underhanded Strike","Endless Agony"],"picked":"Singing Bowl","floor":21},{"not_picked":["Cloak And Dagger","Finisher","PiercingWail"],"picked":"Singing Bowl","floor":23}],"player_experience":1336810,"relics_obtained":[{"floor":5,"key":"Anchor"},{"floor":6,"key":"Vajra"},{"floor":9,"key":"Pen Nib"},{"floor":10,"key":"Whetstone"},{"floor":12,"key":"Odd Mushroom"},{"floor":23,"key":"Matryoshka"}],"event_choices":[{"damage_healed":0,"gold_gain":0,"player_choice":"Success","damage_taken":26,"relics_obtained":["Singing Bowl"],"max_hp_gain":0,"max_hp_loss":0,"event_name":"Scrap Ooze","floor":2,"gold_loss":0},{"damage_healed":0,"gold_gain":0,"player_choice":"Grow","damage_taken":0,"max_hp_gain":0,"max_hp_loss":0,"event_name":"Living Wall","floor":3,"gold_loss":0,"cards_upgraded":["All Out Attack"]},{"damage_healed":16,"gold_gain":0,"player_choice":"Healed","damage_taken":0,"max_hp_gain":0,"max_hp_loss":0,"event_name":"The Cleric","floor":4,"gold_loss":35},{"damage_healed":0,"gold_gain":75,"player_choice":"Gather Gold","damage_taken":11,"max_hp_gain":0,"max_hp_loss":0,"event_name":"World of Goop","floor":8,"gold_loss":0},{"damage_healed":0,"gold_gain":0,"player_choice":"Fought Mushrooms","damage_taken":0,"max_hp_gain":0,"max_hp_loss":0,"event_name":"Mushrooms","floor":12,"gold_loss":0},{"damage_healed":0,"gold_gain":0,"player_choice":"Obtain J.A.X.","damage_taken":0,"max_hp_gain":0,"max_hp_loss":0,"event_name":"Drug Dealer","floor":19,"gold_loss":0,"cards_obtained":["J.A.X."]},{"damage_healed":0,"gold_gain":0,"player_choice":"Became a Ghost","damage_taken":0,"max_hp_gain":0,"max_hp_loss":40,"event_name":"Ghosts","floor":22,"gold_loss":0,"cards_obtained":["Ghostly","Ghostly","Ghostly"]},{"damage_healed":0,"gold_gain":0,"player_choice":"Opened","damage_taken":0,"relics_obtained":["Molten Egg 2"],"max_hp_gain":0,"max_hp_loss":0,"event_name":"The Mausoleum","floor":24,"gold_loss":0,"cards_obtained":["Writhe"]}],"is_beta":false,"boss_relics":[{"not_picked":["Busted Crown","Calling Bell"],"picked":"Fusion Hammer"}],"items_purged_floors":[13],"is_endless":false,"potions_floor_spawned":[6,10,16,20],"killed_by":"Book of Stabbing","ascension_level":20}}