{"host":"03a85bwj0a5skoit","time":1608705868,"event":{"mods":["BaseMod","Block Reminder","Minty Spire (QoL Compilation)","Relic Stats","StSLib"],"gold_per_floor":[115,31,44,44,44,44,77,77,77,90,90,106,31,45,45,122,122,141,141,160,160,2,2,17,45,108,120,164,176,216,243,255,267,267],"floor_reached":33,"playtime":1475,"items_purged":["Regret","Pain"],"score":631,"play_id":"81020b6e-f90e-45f3-ad21-2fee7728f518","local_time":"20201223171428","is_ascension_mode":true,"campfire_choices":[{"data":"Storm of Steel","floor":6,"key":"SMITH"},{"floor":8,"key":"REST"},{"floor":15,"key":"REST"},{"data":"Wraith Form v2","floor":23,"key":"SMITH"},{"floor":27,"key":"REST"},{"data":"Footwork","floor":29,"key":"SMITH"},{"floor":32,"key":"REST"}],"circlet_count":0,"master_deck":["AscendersBane","Defend_G","Defend_G","Defend_G","Defend_G","Defend_G","Survivor","Neutralize","Storm of Steel+1","Caltrops","Footwork+1","Concentrate","Cloak And Dagger","Terror","Underhanded Strike","Footwork","Wraith Form v2+1","Dagger Throw","Bite","Bite","Bite","Bite","Bite","PiercingWail","Deflect+1","Dodge and Roll","Bullet Time","Calculated Gamble+1","PiercingWail"],"relics":["Ring of the Snake","Bronze Scales","Pear","Ninja Scroll","SlaversCollar","WarpedTongs","MawBank","Bag of Marbles","Art of War","Toy Ornithopter"],"acts_visited":["Exordium","TheCity"],"potions_floor_usage":[16,24,25,28,33],"damage_taken":[{"damage":13,"enemies":"Cultist","floor":1,"turns":5},{"damage":2,"enemies":"Small Slimes","floor":3,"turns":5},{"damage":34,"enemies":"3 Sentries","floor":7,"turns":11},{"damage":2,"enemies":"Jaw Worm","floor":10,"turns":5},{"damage":4,"enemies":"Looter","floor":12,"turns":3},{"damage":0,"enemies":"Red Slaver","floor":14,"turns":2},{"damage":2,"enemies":"The Guardian","floor":16,"turns":13},{"damage":20,"enemies":"Shell Parasite","floor":18,"turns":10},{"damage":6,"enemies":"3 Byrds","floor":20,"turns":4},{"damage":22,"enemies":"3 Cultists","floor":24,"turns":8},{"damage":34,"enemies":"Slavers","floor":25,"turns":7},{"damage":15,"enemies":"Gremlin Leader","floor":28,"turns":7},{"damage":34,"enemies":"Slavers","floor":30,"turns":8},{"damage":18,"enemies":"Snake Plant","floor":31,"turns":5},{"damage":104,"enemies":"Automaton","floor":33,"turns":14}],"seed_played":"-4454554398911967845","potions_obtained":[{"floor":3,"key":"SneckoOil"},{"floor":12,"key":"SteroidPotion"},{"floor":16,"key":"CunningPotion"},{"floor":25,"key":"Regen Potion"},{"floor":31,"key":"LiquidBronze"}],"is_trial":false,"path_per_floor":["M","$","M","?","?","R","E","R","T","M","?","M","$","M","R","B",null,"M","?","M","?","$","R","M","E","T","R","E","R","E","M","R","B"],"character_chosen":"THE_SILENT","items_purchased":["Footwork","PiercingWail"],"campfire_rested":4,"item_purchase_floors":[2,22],"current_hp_per_floor":[46,46,44,44,37,37,3,22,32,32,6,4,4,6,28,28,64,46,46,44,44,44,44,38,19,19,41,56,56,28,19,41,0,0],"gold":267,"neow_bonus":"THREE_RARE_CARDS","is_daily":false,"chose_seed":false,"campfire_upgraded":3,"win_rate":0.0,"timestamp":1608705868,"path_taken":["M","$","M","?","?","R","E","R","T","M","?","M","$","M","R","BOSS","M","?","M","?","$","R","M","E","T","R","E","R","E","M","R","BOSS"],"items_purchased_type":["Card","Card"],"build_version":"2020-12-22","purchased_purges":2,"victory":false,"max_hp_per_floor":[66,66,66,66,66,66,66,66,76,76,76,76,76,76,76,76,76,76,76,76,76,76,76,76,76,76,76,76,76,76,76,76,76,76],"relic_stats":{"counters":[15,107],"Bronze Scales":[420],"Art of War":[2],"MawBank":96,"obtain_stats":[{"Blood Vial":7,"SlaversCollar":17,"Pear":9,"Ninja Scroll":11,"Bronze Scales":4,"Bag of Marbles":26,"Art of War":28,"MawBank":25,"Toy Ornithopter":30,"Ring of the Snake":0,"WarpedTongs":21},{"Blood Vial":3,"SlaversCollar":7,"Pear":3,"Ninja Scroll":4,"Bronze Scales":2,"Bag of Marbles":11,"Art of War":12,"MawBank":11,"Toy Ornithopter":13,"Ring of the Snake":0,"WarpedTongs":9},{"Blood Vial":21,"SlaversCollar":44,"Pear":21,"Ninja Scroll":26,"Bronze Scales":10,"Bag of Marbles":73,"Art of War":80,"MawBank":73,"Toy Ornithopter":88,"Ring of the Snake":0,"WarpedTongs":58}],"Toy Ornithopter":5,"Ring of the Snake":[30],"WarpedTongs":[48]},"card_choices":[{"not_picked":["Glass Knife","Night Terror"],"picked":"Storm of Steel","floor":0},{"not_picked":["Backflip","Slice"],"picked":"Caltrops","floor":1},{"not_picked":["Backflip","Dagger Spray"],"picked":"Concentrate","floor":3},{"not_picked":["Calculated Gamble","Masterful Stab"],"picked":"Cloak And Dagger","floor":7},{"not_picked":["Sucker Punch","Blade Dance"],"picked":"Terror","floor":10},{"not_picked":["Sucker Punch","Cloak And Dagger"],"picked":"Underhanded Strike","floor":12},{"not_picked":["Caltrops","Expertise"],"picked":"Footwork","floor":14},{"not_picked":["Tools of the Trade","Malaise"],"picked":"Wraith Form v2","floor":16},{"not_picked":["Dagger Spray","Distraction"],"picked":"Dagger Throw","floor":18},{"not_picked":["Flying Knee","Distraction","Underhanded Strike"],"picked":"SKIP","floor":20},{"not_picked":["Backflip","Outmaneuver"],"picked":"Deflect+1","floor":24},{"not_picked":["Backflip","Quick Slash"],"picked":"Dodge and Roll","floor":25},{"not_picked":["Setup","Expertise"],"picked":"Bullet Time","floor":28},{"not_picked":["Outmaneuver","Poisoned Stab"],"picked":"Calculated Gamble+1","floor":30},{"not_picked":["All Out Attack","Backflip"],"picked":"PiercingWail","floor":31}],"player_experience":2298456,"relics_obtained":[{"floor":7,"key":"Blood Vial"},{"floor":9,"key":"Pear"},{"floor":25,"key":"MawBank"},{"floor":26,"key":"Bag of Marbles"},{"floor":28,"key":"Art of War"},{"floor":30,"key":"Toy Ornithopter"}],"event_choices":[{"damage_healed":0,"gold_gain":0,"player_choice":"Box","damage_taken":0,"relics_obtained":["Bronze Scales"],"max_hp_gain":0,"max_hp_loss":0,"event_name":"Big Fish","floor":4,"gold_loss":0,"cards_obtained":["Regret"]},{"cards_removed":["Regret"],"damage_healed":0,"gold_gain":0,"player_choice":"Card Removal","damage_taken":7,"max_hp_gain":0,"max_hp_loss":0,"event_name":"Golden Wing","floor":5,"gold_loss":0},{"damage_healed":0,"gold_gain":0,"player_choice":"Success","damage_taken":26,"relics_obtained":["Ninja Scroll"],"max_hp_gain":0,"max_hp_loss":0,"event_name":"Scrap Ooze","floor":11,"gold_loss":0},{"damage_healed":0,"gold_gain":0,"player_choice":"Became a vampire (Vial)","damage_taken":0,"max_hp_gain":0,"max_hp_loss":0,"event_name":"Vampires","floor":19,"relics_lost":["Blood Vial"],"gold_loss":0,"cards_obtained":["Bite","Bite","Bite","Bite","Bite"]},{"damage_healed":0,"gold_gain":0,"player_choice":"Rummage","damage_taken":0,"relics_obtained":["WarpedTongs"],"max_hp_gain":0,"max_hp_loss":0,"event_name":"Accursed Blacksmith","floor":21,"gold_loss":0,"cards_obtained":["Pain"]}],"is_beta":false,"boss_relics":[{"not_picked":["Calling Bell","Tiny House"],"picked":"SlaversCollar"}],"items_purged_floors":[13,22],"is_endless":false,"potions_floor_spawned":[3,12,16,18,25,31],"killed_by":"Automaton","ascension_level":20}}