{"host":"bnl7o5cb2omwu7ka","time":1608757052,"event":{"mods":["AchievementEnabler","Alarm Clock","BaseMod","BetterRewards","Block Reminder","Colored Map","Colored Powertips","Conspire","Defective Defect","Downfall","Energized Spire","Exacting","Googly Eyes","Highlight Path","Hyrulean Relics","Infinite Spire","Ironclad Rager","Jedi Mod","Jess\u0027s Bottle","Mimic Mod","Minty Spire (QoL Compilation)","Permanent Neow","Quick Restart","Rare Cards Sparkle","Relic Stats","Replay The Spire","Spicy Shops","Spikes Relics","Spire Birthday Party","StSLib","The IronCluck","Wandering Minibosses","egg","everything is the same but u backflip on backflip","slay the spire mod where everything is the same but ironclad has a cowboy hat"],"gold_per_floor":[199,214,229,229,245,10,10,23,34,34,88,88,106,91,104,202,202,202,231,242,262,276,291,328,348,348,348],"floor_reached":25,"playtime":2989,"items_purged":["Slimebound:Strike_Slimebound"],"score":219,"play_id":"aa950a29-5423-4cf1-b9b4-321fb29ad792","local_time":"20201223155732","is_ascension_mode":true,"campfire_choices":[{"floor":1,"key":"RECALL"},{"data":"Slimebound:Split","floor":12,"key":"SMITH"},{"data":"Slimebound:FirmFortitude","floor":18,"key":"SMITH"}],"circlet_count":0,"master_deck":["Slimebound:Strike_Slimebound","Slimebound:Tackle","Slimebound:Defend_Slimebound","Slimebound:Defend_Slimebound","Slimebound:Defend_Slimebound","Slimebound:Defend_Slimebound","Slimebound:Split+1","Slimebound:CorrosiveSpit","Slimebound:DisruptingSlam","Slimebound:SplitBruiser","Slimebound:RainOfGoop","Slimebound:RollThrough","Slimebound:HauntingLick","Slimebound:ViciousTackle","Slimebound:Chomp","Slimebound:GoopSpray","Slimebound:AcidTongue","Slimebound:ComboTackle","Slimebound:FirmFortitude+1","Slimebound:OozeBath","Slimebound:RainOfGoop","Slimebound:LeechingTouch+1","Slimebound:SplitMire+1","Slimebound:LeechEnergy+1","Slimebound:ServeAndProtect"],"relics":["Slimebound:AbsorbEndCombat","TungstenRod","Thread and Needle","energizedSpire:MagnifyingGlass","Meat on the Bone"],"acts_visited":["Exordium","TheCity"],"potions_floor_usage":[],"damage_taken":[{"damage":7,"enemies":"Small Slimes","floor":2,"turns":4},{"damage":21,"enemies":"infinitespire:Voidling","floor":3,"turns":4},{"damage":9,"enemies":"2 Louse","floor":5,"turns":3},{"damage":8,"enemies":"downfall:FleeingMerchant","floor":6,"turns":4},{"damage":22,"enemies":"Lots of Slimes","floor":8,"turns":3},{"damage":6,"enemies":"Large Slime","floor":9,"turns":4},{"damage":22,"enemies":"3 Sentries","floor":11,"turns":5},{"damage":9,"enemies":"Exordium Wildlife","floor":13,"turns":3},{"damage":18,"enemies":"downfall:FleeingMerchant","floor":14,"turns":4},{"damage":0,"enemies":"Blue Slaver","floor":15,"turns":1},{"damage":39,"enemies":"downfall:Ironclad","floor":16,"turns":7},{"damage":3,"enemies":"3 Byrds","floor":19,"turns":4},{"damage":10,"enemies":"Chosen","floor":20,"turns":4},{"damage":30,"enemies":"conspire:HollyBat","floor":21,"turns":6},{"damage":9,"enemies":"3 Cultists","floor":22,"turns":4},{"damage":33,"enemies":"Snecko","floor":23,"turns":6},{"damage":6,"enemies":"Cultist and Chosen","floor":24,"turns":6},{"damage":87,"enemies":"Slavers","floor":25,"turns":4}],"seed_played":"-4902407576126266527","potions_obtained":[{"floor":4,"key":"Ancient Potion"},{"floor":4,"key":"LiquidMemories"},{"floor":4,"key":"Doom Potion"}],"is_trial":false,"path_per_floor":["R","M","M","?","M","$","T","M","M","?","E","R","M","$","M","B",null,"R","M","M","M","M","M","MIM","E"],"character_chosen":"SLIMEBOUND","items_purchased":["Slimebound:HauntingLick","TungstenRod"],"campfire_rested":0,"item_purchase_floors":[6,6],"current_hp_per_floor":[60,60,58,58,53,60,60,46,60,60,60,60,60,57,60,45,60,60,60,58,44,62,49,62,0,0,0],"gold":348,"neow_bonus":"HUNDRED_GOLD","is_daily":false,"chose_seed":false,"campfire_upgraded":2,"win_rate":0.0,"timestamp":1608757052,"path_taken":["R","M","M","?","M","$","T","?","M","?","E","R","M","$","M","BOSS","R","M","M","M","?","M","MIM","E"],"items_purchased_type":["Card","Relic"],"build_version":"2020-12-22","purchased_purges":1,"victory":false,"max_hp_per_floor":[60,60,60,60,60,60,60,60,60,60,60,60,60,60,60,60,60,60,60,60,60,62,62,62,62,62,62],"relic_stats":{"counters":[18,73],"obtain_stats":[{"Thread and Needle":11,"Slimebound:AbsorbEndCombat":0,"energizedSpire:MagnifyingGlass":17,"TungstenRod":6,"Meat on the Bone":24},{"Thread and Needle":7,"Slimebound:AbsorbEndCombat":0,"energizedSpire:MagnifyingGlass":11,"TungstenRod":4,"Meat on the Bone":17},{"Thread and Needle":25,"Slimebound:AbsorbEndCombat":0,"energizedSpire:MagnifyingGlass":40,"TungstenRod":14,"Meat on the Bone":69}],"TungstenRod":76,"Meat on the Bone":0},"card_choices":[{"not_picked":["Slimebound:SlimeSpikes","Slimebound:LevelUp"],"picked":"Slimebound:DisruptingSlam","floor":2},{"not_picked":["Slimebound:ForwardTackle","Slimebound:RainOfGoop"],"picked":"Slimebound:SplitBruiser","floor":3},{"not_picked":["Slimebound:FinishingTackle","Slimebound:Schlurp"],"picked":"Slimebound:RainOfGoop","floor":5},{"not_picked":["Slimebound:SamplingLick","Slimebound:FormOfPuddle"],"picked":"Slimebound:RollThrough","floor":6},{"not_picked":["Slimebound:SlimeBrawl","Slimebound:Equalize"],"picked":"Slimebound:ViciousTackle","floor":8},{"not_picked":["Slimebound:FlameTackle","Slimebound:Prepare"],"picked":"Slimebound:Chomp","floor":9},{"not_picked":["Slimebound:SamplingLick","Slimebound:ViciousTackle"],"picked":"Slimebound:GoopSpray","floor":11},{"not_picked":["Slimebound:SamplingLick","Slimebound:FinishingTackle"],"picked":"Slimebound:AcidTongue","floor":13},{"not_picked":["Slimebound:FinishingTackle","Slimebound:ViciousTackle"],"picked":"Slimebound:ComboTackle","floor":14},{"not_picked":["Slimebound:AcidTongue","Slimebound:Prepare"],"picked":"Slimebound:FirmFortitude","floor":15},{"not_picked":["Slimebound:OneTwoCombo","Slimebound:CheckThePlaybook"],"picked":"Slimebound:OozeBath","floor":16},{"not_picked":["Slimebound:AcidTongue+1","Slimebound:Equalize+1"],"picked":"Slimebound:RainOfGoop","floor":19},{"not_picked":["Slimebound:ComboTackle","Slimebound:SplitBruiser+1"],"picked":"Slimebound:LeechingTouch+1","floor":20},{"not_picked":["Slimebound:DivideAndConquer","Slimebound:Schlurp+1"],"picked":"Slimebound:SplitMire+1","floor":21},{"not_picked":["Slimebound:SplitBruiser+1","Slimebound:SplitLeeching"],"picked":"Slimebound:LeechEnergy+1","floor":22},{"not_picked":["Slimebound:SlimeBrawl","Slimebound:ProtectTheBoss","Slimebound:Overexert"],"picked":"SKIP","floor":23},{"not_picked":["Slimebound:ViciousTackle","Slimebound:RejuvenatingLick+1"],"picked":"Slimebound:ServeAndProtect","floor":24}],"player_experience":161749,"relics_obtained":[{"floor":11,"key":"Thread and Needle"},{"floor":24,"key":"Meat on the Bone"}],"event_choices":[{"damage_healed":0,"gold_gain":0,"player_choice":"Got Potions","damage_taken":0,"max_hp_gain":0,"max_hp_loss":0,"event_name":"Lab","floor":4,"gold_loss":0},{"cards_removed":["Slimebound:Strike_Slimebound"],"damage_healed":0,"gold_gain":0,"player_choice":"Purged","damage_taken":0,"max_hp_gain":0,"max_hp_loss":0,"event_name":"Purifier","floor":10,"gold_loss":0}],"is_beta":false,"boss_relics":[{"not_picked":["Painkiller Herb","energizedSpire:HugeHouse"],"picked":"energizedSpire:MagnifyingGlass"}],"items_purged_floors":[6],"is_endless":false,"potions_floor_spawned":[8,13,15,16,19,20,23],"killed_by":"Slavers","ascension_level":1}}