{"host":"dcj2yvrgcvh5dl2s","time":1608716227,"event":{"mods":["BaseMod","Better Note","Block Reminder","Colored Powertips","DeckTracker","Minty Spire (QoL Compilation)","Quick Restart","Rare Cards Sparkle","Relic Stats","StSLib"],"gold_per_floor":[113,123,22,197,197,228,238,269,269,269,283,299,364,364,364,435,435,445,445,445,460,59,87,87,119,167,22,35,45,45,45,45,119,119,129,4,15,0,25,60,114,449,520,535,581,581,611,523,523,523,523],"floor_reached":50,"playtime":1181,"items_purged":["Strike_R","Doubt","Strike_R+1"],"score":1068,"play_id":"2dde93ed-7037-4b78-a172-dc1cf5c9fa63","local_time":"20201223193707","is_ascension_mode":true,"campfire_choices":[{"floor":10,"key":"REST"},{"floor":15,"key":"REST"},{"floor":24,"key":"REST"},{"floor":30,"key":"REST"},{"floor":32,"key":"REST"},{"floor":49,"key":"REST"}],"circlet_count":0,"master_deck":["AscendersBane","Strike_R+1","Strike_R+1","Strike_R+1","Defend_R+1","Defend_R+1","Defend_R+1","Defend_R+1","Bash","Sadistic Nature+1","Clothesline+1","Perfected Strike","Flex+1","Berserk","Cleave","Thunderclap","Pummel+1","Battle Trance","Sword Boomerang","Juggernaut","Body Slam","Infernal Blade+1","Good Instincts","Body Slam+1","Offering","Flex","Uppercut","True Grit+1","Limit Break","Heavy Blade","Sword Boomerang","Perfected Strike","Sword Boomerang","Pummel","Perfected Strike","Sadistic Nature","Blind","Enlightenment"],"relics":["Burning Blood","HornCleat","Tiny Chest","Vajra","CaptainsWheel","WingedGreaves","Fusion Hammer","MutagenicStrength","Nunchaku","Whetstone","Centennial Puzzle","Ginger","Blood Vial","War Paint","Sozu","Red Mask","Charon\u0027s Ashes","PreservedInsect","Red Skull","Old Coin","Bottled Tornado","Happy Flower","MealTicket","Ornamental Fan"],"acts_visited":["Exordium","TheCity","TheBeyond"],"potions_floor_usage":[8,8,13,14,23,50],"damage_taken":[{"damage":6,"enemies":"Cultist","floor":1,"turns":3},{"damage":9,"enemies":"Jaw Worm","floor":2,"turns":3},{"damage":36,"enemies":"3 Sentries","floor":6,"turns":10},{"damage":5,"enemies":"2 Louse","floor":7,"turns":3},{"damage":25,"enemies":"Lagavulin","floor":8,"turns":5},{"damage":9,"enemies":"2 Fungi Beasts","floor":11,"turns":4},{"damage":12,"enemies":"Exordium Wildlife","floor":12,"turns":3},{"damage":0,"enemies":"Lagavulin Event","floor":13,"turns":5},{"damage":45,"enemies":"The Guardian","floor":16,"turns":10},{"damage":1,"enemies":"Shell Parasite","floor":18,"turns":4},{"damage":1,"enemies":"Spheric Guardian","floor":21,"turns":4},{"damage":31,"enemies":"Slavers","floor":23,"turns":4},{"damage":11,"enemies":"Book of Stabbing","floor":25,"turns":3},{"damage":14,"enemies":"Cultist and Chosen","floor":28,"turns":3},{"damage":19,"enemies":"Snake Plant","floor":29,"turns":3},{"damage":27,"enemies":"Collector","floor":33,"turns":6},{"damage":6,"enemies":"Orb Walker","floor":35,"turns":1},{"damage":24,"enemies":"3 Shapes","floor":37,"turns":2},{"damage":0,"enemies":"Mind Bloom Boss Battle","floor":39,"turns":3},{"damage":0,"enemies":"Nemesis","floor":40,"turns":3},{"damage":7,"enemies":"Giant Head","floor":42,"turns":4},{"damage":6,"enemies":"Spire Growth","floor":44,"turns":1},{"damage":7,"enemies":"Nemesis","floor":47,"turns":3},{"damage":118,"enemies":"Time Eater","floor":50,"turns":8}],"seed_played":"-6579531746331987744","potions_obtained":[{"floor":1,"key":"GamblersBrew"},{"floor":7,"key":"SteroidPotion"},{"floor":12,"key":"SkillPotion"},{"floor":13,"key":"BloodPotion"},{"floor":18,"key":"Ancient Potion"},{"floor":23,"key":"FairyPotion"},{"floor":28,"key":"Block Potion"},{"floor":29,"key":"EntropicBrew"}],"is_trial":false,"path_per_floor":["M","M","$","?","T","E","M","E","T","R","M","M","?","?","R","B",null,"M","?","T","M","$","E","R","E","T","$","M","M","R","?","R","B",null,"M","$","M","?","?","E","T","E","T","M","T","?","E","?","R","B"],"character_chosen":"IRONCLAD","items_purchased":["Flex","Whetstone","Centennial Puzzle","Good Instincts","Flex"],"campfire_rested":6,"item_purchase_floors":[3,22,22,22,27],"current_hp_per_floor":[68,65,65,65,65,35,36,17,17,37,34,28,34,33,53,14,55,60,60,60,65,65,40,60,55,55,55,49,38,58,58,68,47,63,65,65,49,49,57,65,65,66,66,68,68,58,59,59,68,0,0],"gold":523,"neow_bonus":"RANDOM_COLORLESS_2","is_daily":false,"chose_seed":false,"campfire_upgraded":0,"win_rate":0.0,"timestamp":1608716227,"path_taken":["M","M","$","?","?","E","M","E","T","R","M","M","?","?","R","BOSS","M","?","?","M","$","E","R","E","T","$","M","M","R","?","R","BOSS","M","$","M","?","?","E","?","E","T","M","?","?","E","?","R","BOSS"],"items_purchased_type":["Card","Relic","Relic","Card","Card"],"build_version":"2020-12-22","purchased_purges":3,"victory":false,"max_hp_per_floor":[68,68,68,68,68,68,68,68,68,68,68,68,68,68,68,68,68,68,68,68,68,68,68,68,68,68,68,68,68,68,68,68,68,68,68,68,68,68,68,68,68,68,68,68,68,68,68,68,68,68,68],"relic_stats":{"Happy Flower":[3],"counters":[24,98],"Charon\u0027s Ashes":[49],"PreservedInsect":180,"Whetstone":["Pummel","Clothesline"],"Ginger":[8],"War Paint":["Defend_R","Flex"],"Burning Blood":138,"Blood Vial":18,"Sozu":6,"Nunchaku":[11],"Centennial Puzzle":[33],"Ornamental Fan":[12],"Tiny Chest":2,"MealTicket":0,"obtain_stats":[{"Happy Flower":45,"Vajra":8,"Charon\u0027s Ashes":39,"PreservedInsect":40,"Whetstone":22,"Ginger":23,"War Paint":26,"Bottled Tornado":43,"Burning Blood":0,"Old Coin":42,"Blood Vial":25,"Sozu":34,"CaptainsWheel":9,"Nunchaku":20,"Centennial Puzzle":22,"HornCleat":5,"Ornamental Fan":48,"MutagenicStrength":19,"Tiny Chest":6,"MealTicket":47,"WingedGreaves":13,"Fusion Hammer":17,"Red Mask":38,"Red Skull":41},{"Happy Flower":22,"Vajra":5,"Charon\u0027s Ashes":19,"PreservedInsect":20,"Whetstone":11,"Ginger":12,"War Paint":13,"Bottled Tornado":21,"Burning Blood":0,"Old Coin":21,"Blood Vial":13,"Sozu":16,"CaptainsWheel":5,"Nunchaku":10,"Centennial Puzzle":11,"HornCleat":2,"Ornamental Fan":23,"MutagenicStrength":10,"Tiny Chest":3,"MealTicket":23,"WingedGreaves":8,"Fusion Hammer":9,"Red Mask":18,"Red Skull":20},{"Happy Flower":87,"Vajra":24,"Charon\u0027s Ashes":79,"PreservedInsect":82,"Whetstone":54,"Ginger":58,"War Paint":61,"Bottled Tornado":86,"Burning Blood":0,"Old Coin":86,"Blood Vial":61,"Sozu":73,"CaptainsWheel":24,"Nunchaku":50,"Centennial Puzzle":54,"HornCleat":6,"Ornamental Fan":90,"MutagenicStrength":50,"Tiny Chest":16,"MealTicket":90,"WingedGreaves":36,"Fusion Hammer":46,"Red Mask":76,"Red Skull":82}]},"card_choices":[{"not_picked":["Secret Technique","Master of Strategy"],"picked":"Sadistic Nature","floor":0},{"not_picked":["Clothesline","Anger","Armaments"],"picked":"SKIP","floor":1},{"not_picked":["Anger","Armaments"],"picked":"Clothesline","floor":1},{"not_picked":["Dark Embrace","Power Through"],"picked":"Perfected Strike","floor":2},{"not_picked":["Cleave","Wild Strike"],"picked":"Berserk","floor":6},{"not_picked":["Dark Embrace","Armaments"],"picked":"Cleave","floor":7},{"not_picked":["Entrench","Fire Breathing"],"picked":"Thunderclap","floor":8},{"not_picked":["Intimidate","Pommel Strike"],"picked":"Pummel","floor":11},{"not_picked":["Power Through","Iron Wave"],"picked":"Battle Trance","floor":12},{"not_picked":["Carnage","Anger"],"picked":"Sword Boomerang","floor":13},{"not_picked":["Demon Form","Fiend Fire"],"picked":"Juggernaut","floor":16},{"not_picked":["Warcry","Thunderclap"],"picked":"Body Slam","floor":18},{"not_picked":["Heavy Blade","Cleave"],"picked":"Infernal Blade+1","floor":21},{"not_picked":["Cleave","Spot Weakness"],"picked":"Body Slam+1","floor":23},{"not_picked":["True Grit","Spot Weakness"],"picked":"Offering","floor":25},{"not_picked":["Spot Weakness","Warcry+1"],"picked":"Uppercut","floor":28},{"not_picked":["Thunderclap","Clothesline"],"picked":"True Grit+1","floor":29},{"not_picked":["Brutality","Corruption"],"picked":"Limit Break","floor":33},{"not_picked":["Twin Strike","Evolve+1"],"picked":"Heavy Blade","floor":35},{"not_picked":["Entrench+1","Evolve+1"],"picked":"Sword Boomerang","floor":37},{"not_picked":["Anger","Clash+1"],"picked":"Perfected Strike","floor":39},{"not_picked":["Headbutt","Pommel Strike"],"picked":"Sword Boomerang","floor":40},{"not_picked":["Uppercut","Twin Strike"],"picked":"Pummel","floor":42},{"not_picked":["True Grit","Pommel Strike"],"picked":"Perfected Strike","floor":44},{"not_picked":["Jack Of All Trades","Purity"],"picked":"Sadistic Nature","floor":46},{"not_picked":["Deep Breath","Forethought"],"picked":"Blind","floor":46},{"not_picked":["PanicButton","Forethought"],"picked":"Enlightenment","floor":46},{"not_picked":["Clothesline","Heavy Blade","Bloodletting+1"],"picked":"SKIP","floor":47}],"player_experience":2017222,"relics_obtained":[{"floor":5,"key":"HornCleat"},{"floor":6,"key":"Tiny Chest"},{"floor":8,"key":"Vajra"},{"floor":9,"key":"CaptainsWheel"},{"floor":13,"key":"WingedGreaves"},{"floor":20,"key":"Nunchaku"},{"floor":23,"key":"Ginger"},{"floor":25,"key":"Blood Vial"},{"floor":26,"key":"War Paint"},{"floor":39,"key":"Charon\u0027s Ashes"},{"floor":40,"key":"PreservedInsect"},{"floor":41,"key":"Red Skull"},{"floor":42,"key":"Old Coin"},{"floor":43,"key":"Bottled Tornado"},{"floor":45,"key":"Happy Flower"},{"floor":47,"key":"MealTicket"}],"event_choices":[{"damage_healed":0,"gold_gain":175,"player_choice":"AGREE","damage_taken":0,"max_hp_gain":0,"max_hp_loss":0,"event_name":"Liars Game","floor":4,"gold_loss":0,"cards_obtained":["Doubt"]},{"damage_healed":0,"gold_gain":0,"player_choice":"Searched \u00271\u0027 times","damage_taken":0,"max_hp_gain":0,"max_hp_loss":0,"event_name":"Dead Adventurer","floor":13,"gold_loss":0},{"damage_healed":0,"gold_gain":0,"player_choice":"Entered Light","damage_taken":14,"max_hp_gain":0,"max_hp_loss":0,"event_name":"Shining Light","floor":14,"gold_loss":0,"cards_upgraded":["Sadistic Nature","Strike_R"]},{"damage_healed":0,"gold_gain":0,"player_choice":"Inject Mutagens","damage_taken":0,"relics_obtained":["MutagenicStrength"],"max_hp_gain":0,"max_hp_loss":0,"event_name":"Drug Dealer","floor":19,"gold_loss":0},{"damage_healed":0,"gold_gain":0,"player_choice":"Simplicity","damage_taken":0,"max_hp_gain":0,"max_hp_loss":0,"event_name":"Back to Basics","floor":31,"gold_loss":0,"cards_upgraded":["Strike_R","Strike_R","Strike_R","Defend_R","Defend_R","Defend_R"]},{"damage_healed":0,"gold_gain":0,"player_choice":"Paid","damage_taken":0,"relics_obtained":["Red Mask"],"max_hp_gain":0,"max_hp_loss":0,"event_name":"Tomb of Lord Red Mask","floor":38,"gold_loss":15},{"damage_healed":0,"gold_gain":0,"player_choice":"Fight","damage_taken":0,"max_hp_gain":0,"max_hp_loss":0,"event_name":"MindBloom","floor":39,"gold_loss":0},{"damage_healed":0,"gold_gain":0,"player_choice":"Memory 3","damage_taken":10,"max_hp_gain":0,"max_hp_loss":0,"event_name":"SensoryStone","floor":46,"gold_loss":0},{"damage_healed":0,"gold_gain":0,"player_choice":"Paid Gold","damage_taken":0,"relics_obtained":["Ornamental Fan"],"max_hp_gain":0,"max_hp_loss":0,"event_name":"WeMeetAgain","floor":48,"gold_loss":88}],"is_beta":false,"boss_relics":[{"not_picked":["Snecko Eye","Astrolabe"],"picked":"Fusion Hammer"},{"not_picked":["Coffee Dripper","Tiny House"],"picked":"Sozu"}],"items_purged_floors":[3,27,36],"is_endless":false,"potions_floor_spawned":[1,7,12,13,18,23,28,29,35,42,44,47],"killed_by":"Time Eater","ascension_level":14}}