{"host":"758m3734uc3348yu","time":1608694025,"event":{"mods":["BaseMod","Beaked The Cultist","BetterRewards","Clockwork Mod","Downfall","Hubris","Minty Spire (QoL Compilation)","Replay The Spire","Spicy Shops","StSLib","The Cursed","The Gatherer"],"gold_per_floor":[99,118,118,131,148,73,73,83,83,28,42,42,103,103,120,120,120,120],"floor_reached":16,"playtime":1223,"items_purged":[],"score":92,"play_id":"a842a33e-dff3-44eb-a960-2047b18ff37c","local_time":"20201222212705","is_ascension_mode":false,"campfire_choices":[{"floor":1,"key":"RECALL"},{"floor":6,"key":"REST"},{"data":"champ:VampiricStrike","floor":12,"key":"SMITH"}],"circlet_count":0,"master_deck":["champ:Strike","champ:Strike","champ:Strike","champ:Defend","champ:Defend","champ:Defend","champ:Defend","champ:Execute","champ:Taunt","champ:FaceSlap","champ:RecklessLeap","champ:StanceDance","champ:GladiatorsShout","Regret","champ:Circumvent","champ:CalledShot","champ:VampiricStrike+1","champ:ArenaPreparation","champ:ArenaPreparation"],"relics":["champ:ChampionCrown","downfall:HeartBlessingRed","Du-Vu Doll","hubris:Zylophone","hubris:DisguiseKit"],"acts_visited":["Exordium"],"potions_floor_usage":[8,16],"damage_taken":[{"damage":5,"enemies":"2 Louse","floor":2,"turns":2},{"damage":15,"enemies":"Small Slimes","floor":4,"turns":3},{"damage":9,"enemies":"Cultist","floor":5,"turns":4},{"damage":18,"enemies":"2 Fungi Beasts","floor":8,"turns":3},{"damage":20,"enemies":"downfall:FleeingMerchant","floor":10,"turns":4},{"damage":29,"enemies":"Large Slime","floor":11,"turns":6},{"damage":44,"enemies":"Gremlin Nob","floor":13,"turns":4},{"damage":20,"enemies":"Blue Slaver","floor":15,"turns":3},{"damage":118,"enemies":"downfall:Defect","floor":16,"turns":6}],"seed_played":"6052004424307467519","potions_obtained":[{"floor":2,"key":"FairyPotion"},{"floor":5,"key":"Fruit Juice"},{"floor":13,"key":"BlessingOfTheForge"},{"floor":15,"key":"SteroidPotion"}],"is_trial":false,"path_per_floor":["R","M","?","M","M","R","T","M","?","$","M","R","?","?","M","B"],"character_chosen":"THE_CHAMP","items_purchased":["champ:CalledShot"],"campfire_rested":1,"item_purchase_floors":[10],"current_hp_per_floor":[99,99,99,89,83,99,99,91,91,89,80,80,70,70,69,0,0,0],"gold":120,"neow_bonus":"TEN_PERCENT_HP_BONUS","is_daily":false,"chose_seed":false,"campfire_upgraded":1,"win_rate":0.0,"timestamp":1608694025,"path_taken":["R","M","?","M","M","R","T","M","?","$","M","R","?","?","M","BOSS"],"items_purchased_type":["Card"],"build_version":"2020-12-13","purchased_purges":0,"victory":false,"max_hp_per_floor":[99,99,99,99,99,99,99,104,104,104,104,104,104,104,104,104,104,104],"card_choices":[{"not_picked":["champ:BerserkersShout","champ:AdrenalArmor"],"picked":"champ:FaceSlap","floor":2},{"not_picked":["champ:AdrenalArmor","champ:TornadoPunch"],"picked":"champ:RecklessLeap","floor":4},{"not_picked":["champ:FocusedDefense","champ:Circumvent"],"picked":"champ:StanceDance","floor":5},{"not_picked":["champ:FocusedBerserking","champ:PerfectedStrike"],"picked":"champ:GladiatorsShout","floor":8},{"not_picked":["champ:Shatter","champ:BerserkersShout"],"picked":"champ:Circumvent","floor":10},{"not_picked":["champ:FocusedDefense","champ:RapidStrikes"],"picked":"champ:VampiricStrike","floor":11},{"not_picked":["champ:BringItOn","champ:TornadoPunch"],"picked":"champ:ArenaPreparation","floor":13},{"not_picked":["champ:Encircle","champ:EnGarde","Guardian:TimeCapacitor"],"picked":"champ:ArenaPreparation","floor":15}],"player_experience":171009,"relics_obtained":[],"event_choices":[{"damage_healed":0,"gold_gain":0,"player_choice":"Box","damage_taken":0,"relics_obtained":["Du-Vu Doll"],"max_hp_gain":0,"max_hp_loss":0,"event_name":"Big Fish","floor":9,"gold_loss":0,"cards_obtained":["Regret"]}],"is_beta":false,"boss_relics":[],"items_purged_floors":[],"is_endless":false,"potions_floor_spawned":[2,5,13,15],"killed_by":"downfall:Defect","ascension_level":0}}