{"host":"dsxpg2dh2uupq0t9","time":1608703728,"event":{"mods":["Act Like it!","Aspiration","BaseMod","Better Note","Better Skull","BetterRewards","Colored Powertips","DeckTracker","Halation","Hallownest","Hubris","Minty Spire (QoL Compilation)","Replay The Spire","Shop Mod","Spicy Shops","StSLib"],"gold_per_floor":[112,187,230,248,58,92,104,104,155,155,175,202,213,213,213,213,213],"floor_reached":16,"playtime":740,"items_purged":[],"score":149,"play_id":"a0729585-2fd8-4345-ac9a-4f4773d334cf","local_time":"20201223010848","is_ascension_mode":true,"campfire_choices":[{"floor":8,"key":"REST"},{"data":"Redo","floor":10,"key":"SMITH"},{"floor":15,"key":"REST"}],"circlet_count":0,"master_deck":["Strike_B","Strike_B","Strike_B","Strike_B","Defend_B","Defend_B","Defend_B","Defend_B","Zap","Dualcast","ReplayTheSpireMod:Splinters","Gash","Redo+1","Regret","Ball Lightning","Capacitor","Streamline","Rebound","Scrape"],"relics":["Cracked Core","NeowsBlessing","hubris:Zylophone","Du-Vu Doll","Tiny Chest","Centennial Puzzle"],"acts_visited":["Exordium"],"potions_floor_usage":[16],"damage_taken":[{"damage":0,"enemies":"Small Slimes","floor":1,"turns":1},{"damage":0,"enemies":"Cultist","floor":4,"turns":1},{"damage":0,"enemies":"Replay:BlueRogue","floor":6,"turns":1},{"damage":15,"enemies":"2 Louse","floor":7,"turns":2},{"damage":12,"enemies":"Large Slime","floor":11,"turns":2},{"damage":24,"enemies":"3 Sentries","floor":12,"turns":5},{"damage":2,"enemies":"Exordium Thugs","floor":13,"turns":3},{"damage":51,"enemies":"Slime Boss","floor":16,"turns":6}],"seed_played":"-7316640626130803425","potions_obtained":[{"floor":7,"key":"Weak Potion"},{"floor":11,"key":"FearPotion"},{"floor":12,"key":"Adrenaline Potion"}],"is_trial":false,"path_per_floor":["M","?","?","M","$","E","M","R","T","R","M","E","M","?","R","B"],"character_chosen":"DEFECT","items_purchased":["Du-Vu Doll","Ball Lightning"],"campfire_rested":2,"item_purchase_floors":[5,5],"current_hp_per_floor":[75,64,64,64,64,64,49,71,71,71,59,35,33,26,48,0,0],"gold":213,"neow_bonus":"THREE_ENEMY_KILL","is_daily":false,"chose_seed":false,"campfire_upgraded":1,"win_rate":0.0,"timestamp":1608703728,"path_taken":["M","?","?","M","$","E","?","R","T","R","M","E","M","?","R","BOSS"],"items_purchased_type":["Relic","Card"],"build_version":"2020-12-22","purchased_purges":0,"victory":false,"max_hp_per_floor":[75,75,75,75,75,75,75,75,75,75,75,75,75,75,75,75,75],"card_choices":[{"not_picked":["Hologram","Glacier","Compile Driver"],"picked":"SKIP","floor":1},{"not_picked":["Rebound","Stack"],"picked":"Gash","floor":3},{"not_picked":["Sunder","Consume"],"picked":"Redo","floor":4},{"not_picked":["Storm","All For One"],"picked":"Capacitor","floor":6},{"not_picked":["Coolheaded","Glacier","Panic Button"],"picked":"SKIP","floor":7},{"not_picked":["ReplayTheSpireMod:Reroute Power","Capacitor"],"picked":"Streamline","floor":11},{"not_picked":["Cold Snap","Storm"],"picked":"Rebound","floor":12},{"not_picked":["Sweeping Beam","Blizzard"],"picked":"Scrape","floor":13}],"player_experience":629528,"relics_obtained":[{"floor":3,"key":"hubris:Zylophone"},{"floor":6,"key":"Tiny Chest"},{"floor":12,"key":"Centennial Puzzle"}],"event_choices":[{"damage_healed":0,"gold_gain":75,"player_choice":"Gather Gold","damage_taken":11,"max_hp_gain":0,"max_hp_loss":0,"event_name":"World of Goop","floor":2,"gold_loss":0},{"damage_healed":0,"gold_gain":0,"player_choice":"Damaged","damage_taken":7,"max_hp_gain":0,"max_hp_loss":0,"event_name":"Wheel of Change","floor":14,"gold_loss":0}],"is_beta":false,"boss_relics":[],"items_purged_floors":[],"is_endless":false,"potions_floor_spawned":[7,11,12],"killed_by":"Slime Boss","ascension_level":2}}