{"host":"d8hh7rr4yzitjeuj","time":1608745321,"event":{"mods":["2.2 Compatiblity","AchievementEnabler","BaseMod","CapriCore","Colored Map","Colored Powertips","Highlight Path","Keyboard Shortcuts","Marisa£¨Ùöéë¡¡Øª×âÞÞ£©","Minty Spire (QoL Compilation)","Permanent Neow","Quick Restart","StSLib","SuperFastMode"],"gold_per_floor":[359,376,451,462,477,510,191,191,191,191,225,243,25,200,200,296,296,313,327,327,86,86,86,86,86,86],"floor_reached":25,"playtime":913,"items_purged":["Strike_MRS"],"score":293,"play_id":"94bd1a8d-9716-4159-9e2d-33215950a3cc","local_time":"20201224024201","is_ascension_mode":true,"campfire_choices":[{"floor":8.0,"key":"REST"},{"data":"OrrerysSun","floor":10.0,"key":"SMITH"},{"floor":15.0,"key":"REST"},{"data":"JA","floor":23,"key":"SMITH"}],"circlet_count":0,"master_deck":["Strike_MRS","Strike_MRS","Strike_MRS","Defend_MRS","Defend_MRS","Defend_MRS","Defend_MRS","MasterSpark","UpSweep","DoubleSpark","DC","Acceleration","MilkyWay","JA+1","OrrerysSun+1","ChargeUpSpray","SuperNova","TreasureHunter","CurseOfTheBell","Singularity","UltimateShortwave"],"relics":["MiniHakkero","Bag of Preparation","Kunai","Darkstone Periapt","Torii","Calling Bell","Dream Catcher","Molten Egg 2","Gambling Chip","Ornamental Fan"],"acts_visited":["Exordium","TheCity"],"potions_floor_usage":[25],"damage_taken":[{"damage":1.0,"enemies":"Cultist","floor":1.0,"turns":3.0},{"damage":7.0,"enemies":"Small Slimes","floor":2.0,"turns":3.0},{"damage":2.0,"enemies":"Jaw Worm","floor":4.0,"turns":3.0},{"damage":7.0,"enemies":"Looter","floor":5.0,"turns":3.0},{"damage":20.0,"enemies":"3 Sentries","floor":6.0,"turns":7.0},{"damage":17.0,"enemies":"Lagavulin","floor":11.0,"turns":7.0},{"damage":14.0,"enemies":"Exordium Thugs","floor":12.0,"turns":3.0},{"damage":22.0,"enemies":"Slime Boss","floor":16.0,"turns":6.0},{"damage":29.0,"enemies":"3 Byrds","floor":18.0,"turns":6.0},{"damage":12,"enemies":"Spheric Guardian","floor":19,"turns":5},{"damage":56,"enemies":"Book of Stabbing","floor":25,"turns":6}],"seed_played":"2480717497481174024","potions_obtained":[{"floor":1.0,"key":"ColorlessPotion"},{"floor":2.0,"key":"GamblersBrew"},{"floor":11.0,"key":"PowerPotion"}],"is_trial":false,"path_per_floor":["M","M","?","M","M","E","$","R","T","R","E","M","$","?","R","B",null,"M","M","?","$","?","R","?","E"],"character_chosen":"MARISA","items_purchased":["OrrerysSun","Kunai","SuperNova","Ornamental Fan"],"campfire_rested":2,"item_purchase_floors":[7,7,13,21],"current_hp_per_floor":[67,60,49,47,40,20,20,40,40,40,23,9,9,15,37,15,65,36,24,24,24,50,50,50,0,0],"gold":86,"neow_bonus":"TWO_FIFTY_GOLD","is_daily":false,"chose_seed":false,"campfire_upgraded":2,"win_rate":0.0,"timestamp":1608745321,"path_taken":["M","M","?","M","M","E","$","R","T","R","E","M","$","?","R","BOSS","M","M","?","$","?","R","?","E"],"items_purchased_type":["Card","Relic","Card","Relic"],"build_version":"2020-12-22","purchased_purges":1,"victory":false,"max_hp_per_floor":[68,68,68,68,68,68,68,68,68,68,68,68,68,74,74,74,80,80,80,80,80,80,80,80,80,80],"card_choices":[{"not_picked":["ShootingEcho","SporeBomb"],"picked":"DoubleSpark","floor":1.0},{"not_picked":["MachineGunSpark","EnergyFlow"],"picked":"DC","floor":2.0},{"not_picked":["EventHorizon","GravityBeat"],"picked":"Acceleration","floor":4.0},{"not_picked":["ManaConvection","DC"],"picked":"MilkyWay","floor":5.0},{"not_picked":["Singularity","MysteriousBeam"],"picked":"JA","floor":6.0},{"not_picked":["AbsoluteMagnitude","LuminesStrike","DragonMeteor"],"picked":"SKIP","floor":11.0},{"not_picked":["NonDirectionalLaser","WitchOfGreed"],"picked":"ChargeUpSpray","floor":12.0},{"not_picked":["SatelliteIllusion","JA"],"picked":"TreasureHunter","floor":16.0},{"not_picked":["Acceleration","ChargeUpSpray+1"],"picked":"Singularity","floor":18.0},{"not_picked":["DarkSpark+1","6A+1"],"picked":"UltimateShortwave","floor":19}],"player_experience":1433919,"relics_obtained":[{"floor":6.0,"key":"Bag of Preparation"},{"floor":9.0,"key":"Darkstone Periapt"},{"floor":11.0,"key":"Torii"},{"floor":17.0,"key":"Dream Catcher"},{"floor":17.0,"key":"Molten Egg 2"},{"floor":17.0,"key":"Gambling Chip"}],"event_choices":[{"damage_healed":0.0,"max_hp_gain":0.0,"max_hp_loss":0.0,"gold_gain":75.0,"event_name":"World of Goop","player_choice":"Gather Gold","floor":3.0,"gold_loss":0.0,"damage_taken":11.0},{"damage_healed":0.0,"max_hp_gain":0.0,"max_hp_loss":0.0,"gold_gain":175.0,"event_name":"Liars Game","player_choice":"AGREE","floor":14.0,"gold_loss":0.0,"damage_taken":0.0,"cards_obtained":["Doubt"]},{"cards_removed":["Doubt"],"damage_healed":0,"gold_gain":0,"player_choice":"Elegance","damage_taken":0,"max_hp_gain":0,"max_hp_loss":0,"event_name":"Back to Basics","floor":20,"gold_loss":0},{"damage_healed":26,"gold_gain":0,"player_choice":"Heal","damage_taken":0,"max_hp_gain":0,"max_hp_loss":0,"event_name":"The Library","floor":22,"gold_loss":0},{"damage_healed":0,"gold_gain":0,"player_choice":"Ignored","damage_taken":0,"max_hp_gain":0,"max_hp_loss":0,"event_name":"N\u0027loth","floor":24,"gold_loss":0}],"is_beta":false,"boss_relics":[{"not_picked":["Busted Crown","Runic Dome"],"picked":"Calling Bell"}],"items_purged_floors":[13],"is_endless":false,"potions_floor_spawned":[1,2,11],"killed_by":"Book of Stabbing","ascension_level":8}}