{"host":"7gewg82ormp6yt4e","time":1608732781,"event":{"mods":["BaseMod","Block Reminder","Colored Map","Colored Powertips","DeckTracker","Highlight Path","Minty Spire (QoL Compilation)","Relic Stats","StSLib"],"gold_per_floor":[119,132,45,56,70,100,100,100,100],"floor_reached":8,"playtime":314,"items_purged":[],"score":116,"play_id":"2d79d177-7f78-41ff-80d1-651576c3cffa","local_time":"20201223231301","is_ascension_mode":true,"campfire_choices":[{"data":"Eviscerate","floor":7,"key":"SMITH"}],"circlet_count":0,"master_deck":["AscendersBane","Strike_G","Strike_G","Strike_G","Strike_G","Strike_G","Defend_G","Defend_G","Defend_G","Defend_G","Defend_G","Survivor","Neutralize","Noxious Fumes","Blur","Eviscerate+1","Flying Knee","Poisoned Stab","Blade Dance","Crippling Poison"],"relics":["Ring of the Snake","NeowsBlessing","Smiling Mask"],"acts_visited":["Exordium"],"potions_floor_usage":[6,6,8],"damage_taken":[{"damage":0,"enemies":"Cultist","floor":1,"turns":1},{"damage":0,"enemies":"2 Louse","floor":2,"turns":2},{"damage":0,"enemies":"Jaw Worm","floor":4,"turns":1},{"damage":1,"enemies":"2 Fungi Beasts","floor":5,"turns":4},{"damage":20,"enemies":"Lagavulin","floor":6,"turns":5},{"damage":65,"enemies":"Gremlin Nob","floor":8,"turns":4}],"seed_played":"-6710208697156441286","potions_obtained":[{"floor":2,"key":"BlessingOfTheForge"},{"floor":5,"key":"Strength Potion"},{"floor":6,"key":"Dexterity Potion"}],"is_trial":false,"path_per_floor":["M","M","$","M","M","E","R","E"],"character_chosen":"THE_SILENT","items_purchased":["Eviscerate","Flying Knee"],"campfire_rested":0,"item_purchase_floors":[3,3],"current_hp_per_floor":[59,59,59,59,58,38,38,0,0],"gold":100,"neow_bonus":"THREE_ENEMY_KILL","is_daily":false,"chose_seed":false,"campfire_upgraded":1,"win_rate":0.0,"timestamp":1608732781,"path_taken":["M","?","?","M","M","E","R","E"],"items_purchased_type":["Card","Card"],"build_version":"2020-12-22","purchased_purges":0,"victory":false,"max_hp_per_floor":[66,66,66,66,66,66,66,66,66],"relic_stats":{"counters":[6,17],"Smiling Mask":0,"obtain_stats":[{"NeowsBlessing":0,"Smiling Mask":6,"Ring of the Snake":0},{"NeowsBlessing":0,"Smiling Mask":5,"Ring of the Snake":0},{"NeowsBlessing":0,"Smiling Mask":13,"Ring of the Snake":0}],"Ring of the Snake":[12]},"card_choices":[{"not_picked":["Flying Knee","Underhanded Strike"],"picked":"Noxious Fumes","floor":1},{"not_picked":["Terror","Infinite Blades"],"picked":"Blur","floor":2},{"not_picked":["Endless Agony","Distraction"],"picked":"Poisoned Stab","floor":4},{"not_picked":["Deflect","Slice"],"picked":"Blade Dance","floor":5},{"not_picked":["Blade Dance","Prepared"],"picked":"Crippling Poison","floor":6}],"player_experience":2426320,"relics_obtained":[{"floor":6,"key":"Smiling Mask"}],"event_choices":[],"is_beta":false,"boss_relics":[],"items_purged_floors":[],"is_endless":false,"potions_floor_spawned":[2,5,6],"killed_by":"Gremlin Nob","ascension_level":20}}