{"host":"Teixeira","time":1608695794,"event":{"mods":["2.2 Compatiblity","AchievementEnabler","Aspiration","BaseMod","Better Match","Better Note","Better Sensory Stone","Better Skull","Better Third Choice","Colored Map","Colored Powertips","Downfall","Hermit","Hubris","Infinite Spire","Marked Mod","Minty Spire (QoL Compilation)","Permanent Neow","Quick Restart","Rare Cards Sparkle","Relic Filter","Replay The Spire","Spicy Shops","StSLib","SuperFastMode"],"gold_per_floor":[123,146,146,217,241,241,275,275,275,26,95,145,158,239,239,368,368,437,537,557,573,623,623,656,656,683,707,750,58,89,113,113,297,297,330,380,424,471,471,471,520,574,574,574,652,707,345,395,445,445,445,445,19,64,64],"floor_reached":56,"playtime":4225,"items_purged":["Strike_P","Strike_P","Defend_P+1"],"score":1849,"play_id":"1b07ad89-7a80-4e99-b1e3-e82c33158da8","local_time":"20201223005634","is_ascension_mode":true,"campfire_choices":[{"data":"Eruption","floor":6.0,"key":"SMITH"},{"data":"CrushJoints","floor":8.0,"key":"SMITH"},{"floor":40.0,"key":"RECALL"},{"data":"expansioncontent:QuickStudy","floor":49.0,"key":"SMITH"},{"data":"Establishment+1","floor":52.0,"key":"PURGE"}],"circlet_count":0,"master_deck":["Strike_P+1","Strike_P+1","Defend_P+1","Defend_P+1","Defend_P+1","Eruption+1","Vigilance+1","EmptyBody+1","ClearTheMind+1","FollowUp+1","CrushJoints+1","FollowUp+1","infinitespire:Gouge+1","Consecrate+1","LessonLearned+1","Crescendo+1","FollowUp+1","LikeWater+1","Meditate+1","FollowUp+1","SashWhip+1","expansioncontent:QuickStudy+1","TalkToTheHand+1"],"relics":["PureWater","aspiration:Nostalgia","infinitespire:DarkRift","Question Card","Golden Idol","SsserpentHead","Replay:Baseball","hubris:GlazedTorus","hubris:MobiusCoin","Regal Pillow","Replay:Ancient Bell","Bag of Preparation","Frozen Egg 2","Replay:Multitool","Potion Belt","Bronze Scales","Shuriken","aspiration:HummingbirdHeart","hubris:BottledRain","Vajra","hubris:Towel","infinitespire:EvilPickle","Black Star","Membership Card","Coffee Dripper","Torii","Counterbalance","aspiration:TomeofQuesting","Akabeko","Strange Spoon","Boot","Pantograph","Sling","hubris:EmptyBottle","hubris:SlimyHat","infinitespire:ShieldingShard"],"acts_visited":["Exordium","TheCity","TheBeyond","TheEnding"],"potions_floor_usage":[55,55,55,55,55,55,55,55],"damage_taken":[{"damage":4.0,"enemies":"Small Slimes","floor":1.0,"turns":5.0},{"damage":0.0,"enemies":"Cultist","floor":2.0,"turns":3.0},{"damage":0.0,"enemies":"Jaw Worm","floor":4.0,"turns":3.0},{"damage":8.0,"enemies":"Large Slime","floor":5.0,"turns":6.0},{"damage":46.0,"enemies":"Gremlin Nob","floor":7.0,"turns":5.0},{"damage":0.0,"enemies":"3 Louse","floor":11.0,"turns":2.0},{"damage":0.0,"enemies":"2 Fungi Beasts","floor":13.0,"turns":2.0},{"damage":0.0,"enemies":"Replay:BlueRogue","floor":14.0,"turns":1.0},{"damage":24.0,"enemies":"Fading Forest","floor":16.0,"turns":11.0},{"damage":3.0,"enemies":"Spheric Guardian","floor":18.0,"turns":3.0},{"damage":39.0,"enemies":"Chosen","floor":20.0,"turns":7.0},{"damage":11.0,"enemies":"Sentry and Sphere","floor":21.0,"turns":3.0},{"damage":14.0,"enemies":"Book of Stabbing","floor":24.0,"turns":4.0},{"damage":17.0,"enemies":"Centurion and Healer","floor":27.0,"turns":3.0},{"damage":11.0,"enemies":"Replay:Snechameleon","floor":28.0,"turns":6.0},{"damage":6.0,"enemies":"Gremlin Leader","floor":30.0,"turns":2.0},{"damage":0.0,"enemies":"Snake Plant","floor":31.0,"turns":2.0},{"damage":9.0,"enemies":"Pondfish","floor":33.0,"turns":7.0},{"damage":0.0,"enemies":"Orb Walker","floor":35.0,"turns":2.0},{"damage":18.0,"enemies":"3 Shapes","floor":37.0,"turns":3.0},{"damage":3.0,"enemies":"Spire Growth","floor":38.0,"turns":3.0},{"damage":8.0,"enemies":"Maw","floor":41.0,"turns":4.0},{"damage":7.0,"enemies":"Jaw Worm Horde","floor":42.0,"turns":3.0},{"damage":0.0,"enemies":"R_Hoarder","floor":45.0,"turns":2.0},{"damage":7.0,"enemies":"Writhing Mass","floor":46.0,"turns":4.0},{"damage":17.0,"enemies":"infinitespire:MassOfShapes","floor":50.0,"turns":6.0},{"damage":10.0,"enemies":"Shield and Spear","floor":54.0,"turns":4.0},{"damage":15,"enemies":"The Heart","floor":55,"turns":8}],"seed_played":"4661977384676195336","potions_obtained":[{"floor":1.0,"key":"Fire Potion"},{"floor":4.0,"key":"Ancient Potion"},{"floor":11.0,"key":"Adrenaline Potion"},{"floor":13.0,"key":"AttackPotion"},{"floor":14.0,"key":"Venom Potion"},{"floor":24.0,"key":"Weak Potion"},{"floor":30.0,"key":"Energy Potion"},{"floor":33.0,"key":"DistilledChaos"},{"floor":38.0,"key":"Swift Potion"}],"is_trial":false,"path_per_floor":["M","M","?","M","M","R","E","R","T","$","M","?","M","E","R_BF","B",null,"M","?","M","M","?","R","E","R","T","M","E","$","E","M","R","B",null,"M","?","M","M","AVR","R","M","M","T","R","E","M","$","?","R_BF","B",null,"R","$","E","B",null],"character_chosen":"WATCHER","items_purchased":["hubris:MobiusCoin","Shuriken","aspiration:HummingbirdHeart","hubris:BottledRain","Akabeko","Strange Spoon","Boot","expansioncontent:QuickStudy","Pantograph","Sling","hubris:EmptyBottle","TalkToTheHand","PowerPotion","AttackPotion"],"campfire_rested":0,"item_purchase_floors":[10,29,29,29,47,47,47,47,53,53,53,53,53,53],"current_hp_per_floor":[68,68,68,68,60,60,14,14,14,14,14,14,14,14,50,34,72,69,69,30,19,19,55,41,72,72,55,44,44,38,38,38,29,72,72,68,50,47,47,47,39,32,32,67,67,60,60,60,60,43,68,68,68,58,53],"gold":64,"neow_bonus":"NOSTALGIA","is_daily":false,"chose_seed":false,"campfire_upgraded":3,"win_rate":0.0,"timestamp":1608695794,"path_taken":["M","M","?","?","M","R","E","R","T","$","M","?","M","E","R_BF","BOSS","M","?","M","M","?","R","E","R","T","M","E","$","E","M","R","BOSS","M","?","M","M","AVR","R","M","M","T","R","E","M","$","?","R_BF","BOSS","R","$","E","BOSS"],"items_purchased_type":["Relic","Relic","Relic","Relic","Relic","Relic","Relic","Card","Relic","Relic","Relic","Card","Potion","Potion"],"build_version":"2020-11-17","purchased_purges":3,"victory":true,"max_hp_per_floor":[72,72,72,72,72,72,72,72,72,72,72,72,72,72,72,72,72,72,72,72,72,72,72,72,72,72,72,72,72,72,72,72,72,72,72,68,68,68,68,68,68,68,68,68,68,68,68,68,68,68,68,68,68,68,68],"card_choices":[{"not_picked":["Replay:DivineShield","PathToVictory","Protect"],"picked":"EmptyBody","floor":1.0},{"not_picked":["MarkedMod:GentlePulse","Swivel","MarkedMod:PinPointDefense"],"picked":"ClearTheMind","floor":2.0},{"not_picked":["LikeWater","MarkedMod:FirstStrike","Pray","PathToVictory"],"picked":"SKIP","floor":4.0},{"not_picked":["FlurryOfBlows","Wallop","EmptyBody"],"picked":"FollowUp","floor":5.0},{"not_picked":["Replay:ManipulateFuture","JustLucky","BowlingBash"],"picked":"CrushJoints","floor":7.0},{"not_picked":["Wireheading","CrushJoints","Vault"],"picked":"FollowUp","floor":11.0},{"not_picked":["infinitespire:NeuralNetwork","infinitespire:FinalStrike"],"picked":"infinitespire:Gouge","floor":12.0},{"not_picked":["Prostrate","EmptyMind","FlurryOfBlows"],"picked":"Consecrate","floor":13.0},{"not_picked":["Prostrate","MarkedMod:GentlePulse","MarkedMod:Acupuncture","Replay:Cycle"],"picked":"SKIP","floor":14.0},{"not_picked":["Judgement","MarkedMod:NorthStar","Vault"],"picked":"LessonLearned","floor":16.0},{"not_picked":["ReplayTheSpireMod:IOU","ReplayTheSpireMod:Restless Dread","CurseOfTheBell"],"picked":"hubris:Despair","floor":17.0},{"not_picked":["Guardian:Aged","Spreading Infection","hubris:Sloth"],"picked":"Injury","floor":17.0},{"not_picked":["hexamod:Haunted","hubris:Disease","Amnesia"],"picked":"Hallucinations","floor":17.0},{"not_picked":["Nirvana+1","FearNoEvil","PathToVictory"],"picked":"Crescendo+1","floor":18.0},{"not_picked":["CrushJoints+1","SandsOfTime","SignatureMove+1","ForeignInfluence"],"picked":"SKIP","floor":20.0},{"not_picked":["EmptyBody","FlyingSleeves","MarkedMod:ChiBlock"],"picked":"FollowUp","floor":21.0},{"not_picked":["MarkedMod:GentlePulse","MasterReality+1","MarkedMod:FirstStrike"],"picked":"LikeWater+1","floor":24.0},{"not_picked":["CutThroughFate","ForeignInfluence+1","MarkedMod:FirstStrike"],"picked":"Meditate+1","floor":27.0},{"not_picked":["WindmillStrike","FearNoEvil","Conclude+1","Weave"],"picked":"SKIP","floor":28.0},{"not_picked":["Protect+1","FlurryOfBlows","LikeWater+1","Perseverance"],"picked":"SKIP","floor":30.0},{"not_picked":["BattleHymn+1","Protect","Wallop","FollowUp"],"picked":"SKIP","floor":31.0},{"not_picked":["Devotion+1","Blasphemy","Vault"],"picked":"Establishment+1","floor":33.0},{"not_picked":["PathToVictory","WheelKick","MarkedMod:FirstStrike"],"picked":"FollowUp+1","floor":35.0},{"not_picked":["BowlingBash+1","FlyingSleeves","MarkedMod:OneThousandNeedles+1","Vault"],"picked":"SKIP","floor":37.0},{"not_picked":["PathToVictory+1","Adaptation+1","JustLucky","SashWhip+1"],"picked":"SKIP","floor":38.0},{"not_picked":["Replay:AtTheReady+1","Halt+1","MarkedMod:GentlePulse","CutThroughFate"],"picked":"SKIP","floor":41.0},{"not_picked":["FollowUp+1","JustLucky+1","Replay:AllIn"],"picked":"SashWhip+1","floor":42.0},{"not_picked":["ClearTheMind+1","FlyingSleeves","Indignation","Replay:AtTheReady"],"picked":"SKIP","floor":45.0},{"not_picked":["Conclude+1","WreathOfFlame+1","DeceiveReality+1","Protect+1"],"picked":"SKIP","floor":46.0},{"not_picked":["Replay:Battleflow","JustLucky+1","Vengeance+1","Wish"],"picked":"SKIP","floor":54.0}],"player_experience":107359,"relics_obtained":[{"floor":7.0,"key":"Replay:Baseball"},{"floor":9.0,"key":"hubris:GlazedTorus"},{"floor":14.0,"key":"Regal Pillow"},{"floor":24.0,"key":"Potion Belt"},{"floor":28.0,"key":"Bronze Scales"},{"floor":30.0,"key":"Vajra"},{"floor":43.0,"key":"Torii"},{"floor":45.0,"key":"Counterbalance"},{"floor":45.0,"key":"aspiration:TomeofQuesting"},{"floor":54.0,"key":"hubris:SlimyHat"},{"floor":54.0,"key":"infinitespire:ShieldingShard"}],"event_choices":[{"damage_healed":0.0,"max_hp_gain":0.0,"max_hp_loss":0.0,"gold_gain":0.0,"event_name":"FaceTrader","player_choice":"Trade","floor":3.0,"gold_loss":0.0,"damage_taken":0.0,"relics_obtained":["SsserpentHead"]},{"cards_removed":["Hallucinations","Injury","hubris:Despair","Overencumbered","Hallucinations"],"damage_healed":0.0,"max_hp_gain":0.0,"max_hp_loss":0.0,"gold_gain":0.0,"event_name":"Fountain of Cleansing","player_choice":"Removed Curses","floor":19.0,"gold_loss":0.0,"damage_taken":0.0},{"damage_healed":0.0,"max_hp_gain":0.0,"max_hp_loss":0.0,"gold_gain":0.0,"event_name":"Upgrade Shrine","player_choice":"Upgraded","floor":22.0,"gold_loss":0.0,"damage_taken":0.0,"cards_upgraded":["LessonLearned"]},{"damage_healed":0.0,"max_hp_gain":0.0,"max_hp_loss":4.0,"gold_gain":0.0,"event_name":"Winding Halls","player_choice":"Max HP","floor":36.0,"gold_loss":0.0,"damage_taken":0.0}],"is_beta":true,"boss_relics":[{"not_picked":["aspiration:RandomNobGenerator","ReplayTheSpireMod:SealedPack"],"picked":"Replay:Ancient Bell"},{"not_picked":["ReplayFunnel","MealTicket"],"picked":"Bag of Preparation"},{"not_picked":["Pear","infinitespire:CheckeredPen"],"picked":"Frozen Egg 2"},{"not_picked":["Replay:PocketPolymizer","Pocketwatch"],"picked":"Replay:Multitool"},{"not_picked":["Replay:Drink Me","aspiration:SecretTechniqueScroll"],"picked":"Black Star"}],"items_purged_floors":[29,39,47],"is_endless":false,"potions_floor_spawned":[1,4,11,13,14,18,24,30,33,38,54],"ascension_level":4}}