{"host":"f6tqpspb2ou2a4h5","time":1608716383,"event":{"mods":["2.2 Compatiblity","Ascension Unlocker","BaseMod","Colored Map","DeckTracker","Hermit","Highlight Path","KOR Keyword Fix","Keyboard Shortcuts","Minty Spire (QoL Compilation)","Permanent Neow","Quick Restart","Random Character Button","StSLib","SuperFastMode","The Poker Player","everything is the same but u backflip on backflip"],"gold_per_floor":[110,127,141,45,55,55,55,55],"floor_reached":7,"playtime":230,"items_purged":[],"score":86,"play_id":"db36365c-83f8-4429-84f0-f0569d349df8","local_time":"20201223183943","is_ascension_mode":true,"campfire_choices":[{"data":"Metamorphosis","floor":6,"key":"SMITH"}],"circlet_count":0,"master_deck":["AscendersBane","Strike_G","Strike_G","Strike_G","Strike_G","Strike_G","Defend_G","Defend_G","Defend_G","Defend_G","Defend_G","Survivor","Neutralize","Metamorphosis+1","Setup","Blur","Expertise","Calculated Gamble","Quick Slash","Prepared"],"relics":["Ring of the Snake"],"acts_visited":["Exordium"],"potions_floor_usage":[7],"damage_taken":[{"damage":1.0,"enemies":"Jaw Worm","floor":1.0,"turns":3.0},{"damage":7.0,"enemies":"Small Slimes","floor":2.0,"turns":4.0},{"damage":9.0,"enemies":"Cultist","floor":3.0,"turns":5.0},{"damage":7,"enemies":"Exordium Wildlife","floor":5,"turns":7},{"damage":0,"enemies":"Gremlin Nob","floor":7,"turns":3}],"seed_played":"-6896390659959530756","potions_obtained":[{"floor":3.0,"key":"SkillPotion"}],"is_trial":false,"path_per_floor":["M","M","M","$","M","R","E"],"character_chosen":"THE_SILENT","items_purchased":["Calculated Gamble","Quick Slash"],"campfire_rested":0,"item_purchase_floors":[4,4],"current_hp_per_floor":[43,36,27,27,20,20,20,20],"gold":55,"neow_bonus":"RANDOM_COLORLESS_2","is_daily":false,"chose_seed":false,"campfire_upgraded":1,"win_rate":0.0,"timestamp":1608716383,"path_taken":["M","M","M","$","M","R","E"],"items_purchased_type":["Card","Card"],"build_version":"2020-12-22","purchased_purges":0,"victory":false,"max_hp_per_floor":[66,66,66,66,66,66,66,66],"card_choices":[{"not_picked":["Secret Technique","Magnetism"],"picked":"Metamorphosis","floor":0.0},{"not_picked":["Poisoned Stab","Dagger Throw"],"picked":"Setup","floor":1.0},{"not_picked":["Deflect","Dodge and Roll"],"picked":"Blur","floor":2.0},{"not_picked":["Dagger Throw","Deflect"],"picked":"Expertise","floor":3.0},{"not_picked":["Noxious Fumes","PiercingWail"],"picked":"Prepared","floor":5}],"player_experience":36716,"relics_obtained":[],"event_choices":[],"is_beta":false,"boss_relics":[],"items_purged_floors":[],"is_endless":false,"potions_floor_spawned":[3],"killed_by":"Gremlin Nob","ascension_level":20}}