{"host":"jpyc2kczef5p02oc","time":1608722537,"event":{"mods":["ATMod(阿瑾Mod)","BaseMod","Friendly Minions","Hubris","Marisa（F雨　魔理沙）","Minty Spire (QoL Compilation)","StSLib","Td1madao Mod","The Servant 0.9.4","【功能Mod】聪明的最终Boss"],"gold_per_floor":[110,128,139,214,364,394,394,408,434,467,467,134,134,134,134,211,211,229,154,154,168,198,233,233,233,233],"floor_reached":25,"playtime":734,"items_purged":["Doubt"],"score":435,"play_id":"926838d4-4757-4cd2-b36a-d263e73504eb","local_time":"20201223192217","is_ascension_mode":true,"campfire_choices":[{"data":"AT_OneInchPunch","floor":7.0,"key":"SMITH"},{"data":"Flame Barrier","floor":11.0,"key":"SMITH"},{"floor":13.0,"key":"RECALL"},{"data":"Bash","floor":15.0,"key":"SMITH"}],"circlet_count":0,"master_deck":["AscendersBane","Strike_R","Strike_R","Strike_R","Strike_R","Strike_R","Defend_R","Defend_R","Defend_R","Defend_R","Bash+1","AT_OneInchPunch+1","Heavy Blade","Disarm","Flame Barrier+1","Twin Strike","AT_OneInchPunch+1","Armaments","Demon Form","AT_DiedThrough"],"relics":["Burning Blood","AT_ATBox","NeowsBlessing","Art of War","Red Skull","hubris:ToyBattleship","Toolbox","hubris:TenFootPole","hubris:TinFlute","Runic Pyramid","Red Mask","Kunai"],"acts_visited":["Exordium","TheCity"],"potions_floor_usage":[24],"damage_taken":[{"damage":0.0,"enemies":"Cultist","floor":1.0,"turns":1.0},{"damage":0.0,"enemies":"Small Slimes","floor":2.0,"turns":1.0},{"damage":0.0,"enemies":"Jaw Worm","floor":3.0,"turns":1.0},{"damage":21.0,"enemies":"Lagavulin","floor":6.0,"turns":7.0},{"damage":0.0,"enemies":"Red Slaver","floor":8.0,"turns":1.0},{"damage":23.0,"enemies":"3 Sentries","floor":10.0,"turns":6.0},{"damage":16.0,"enemies":"Hexaghost","floor":16.0,"turns":7.0},{"damage":0.0,"enemies":"Spheric Guardian","floor":18.0,"turns":1.0},{"damage":5.0,"enemies":"Chosen","floor":21.0,"turns":2.0},{"damage":20.0,"enemies":"Masked Bandits","floor":22.0,"turns":4.0},{"damage":37.0,"enemies":"Slavers","floor":23.0,"turns":5.0},{"damage":0,"enemies":"Centurion and Healer","floor":24,"turns":1},{"damage":0,"enemies":"Shelled Parasite and Fungi","floor":25,"turns":1}],"seed_played":"-1963656855147165731","potions_obtained":[{"floor":6.0,"key":"EntropicBrew"},{"floor":10.0,"key":"Energy Potion"},{"floor":21.0,"key":"Energy Potion"},{"floor":23.0,"key":"Fire Potion"}],"is_trial":false,"path_per_floor":["M","M","M","?","?","E","R","M","T","E","R","$","R","T","R","B",null,"M","$","?","M","?","E","M","M"],"character_chosen":"IRONCLAD","items_purchased":["Toolbox","hubris:TenFootPole"],"campfire_rested":0,"item_purchase_floors":[12,12],"current_hp_per_floor":[74,75,75,64,64,49,49,55,55,38,38,38,38,38,38,28,63,69,69,69,70,56,25,31,31,31],"gold":233,"neow_bonus":"THREE_ENEMY_KILL","is_daily":false,"chose_seed":false,"campfire_upgraded":3,"win_rate":0.0,"timestamp":1608722537,"path_taken":["M","?","M","?","?","E","R","M","T","E","R","$","R","?","R","BOSS","M","$","?","?","?","E","M","M"],"items_purchased_type":["Relic","Relic"],"build_version":"2020-12-22","purchased_purges":1,"victory":false,"max_hp_per_floor":[75,75,75,75,75,75,75,75,75,75,75,75,75,75,75,75,75,75,75,75,75,75,75,75,75,75],"card_choices":[{"not_picked":["Clothesline","Anger"],"picked":"Heavy Blade","floor":1.0},{"not_picked":["Pommel Strike","Clash"],"picked":"Disarm","floor":2.0},{"not_picked":["Flex","Clash"],"picked":"Flame Barrier","floor":3.0},{"not_picked":["Carnage","Searing Blow","AT_GerminateFire"],"picked":"SKIP","floor":6.0},{"not_picked":["Intimidate","Fire Breathing","Shockwave"],"picked":"SKIP","floor":8.0},{"not_picked":["Flex","Rampage"],"picked":"Twin Strike","floor":10.0},{"not_picked":["Reckless Charge","hubris:ReadiedAction","Second Wind"],"picked":"SKIP","floor":18.0},{"not_picked":["Reckless Charge","AT_GerminateFire"],"picked":"Armaments","floor":21.0},{"not_picked":["hubris:ReadiedAction+1","Cleave"],"picked":"Demon Form","floor":22.0},{"not_picked":["Evolve","Combust"],"picked":"AT_DiedThrough","floor":23.0}],"player_experience":264006,"relics_obtained":[{"floor":6.0,"key":"Art of War"},{"floor":9.0,"key":"Red Skull"},{"floor":10.0,"key":"hubris:ToyBattleship"},{"floor":14.0,"key":"hubris:TinFlute"},{"floor":22.0,"key":"Red Mask"},{"floor":23.0,"key":"Kunai"}],"event_choices":[{"damage_healed":0.0,"max_hp_gain":0.0,"max_hp_loss":0.0,"gold_gain":75.0,"event_name":"World of Goop","player_choice":"Gather Gold","floor":4.0,"gold_loss":0.0,"damage_taken":11.0},{"damage_healed":0.0,"max_hp_gain":0.0,"max_hp_loss":0.0,"gold_gain":150.0,"event_name":"Liars Game","player_choice":"AGREE","floor":5.0,"gold_loss":0.0,"damage_taken":0.0,"cards_obtained":["Doubt"]},{"damage_healed":0.0,"max_hp_gain":0.0,"max_hp_loss":0.0,"gold_gain":0.0,"event_name":"Duplicator","player_choice":"Copied","floor":20.0,"gold_loss":0.0,"damage_taken":0.0,"cards_obtained":["AT_OneInchPunch"]},{"damage_healed":0.0,"max_hp_gain":0.0,"max_hp_loss":0.0,"gold_gain":0.0,"event_name":"Masked Bandits","player_choice":"Fought Bandits","floor":22.0,"gold_loss":0.0,"damage_taken":0.0}],"is_beta":false,"boss_relics":[{"not_picked":["Runic Cube","SacredBark"],"picked":"Runic Pyramid"}],"items_purged_floors":[19],"is_endless":false,"potions_floor_spawned":[6,10,16,21,22,23,24],"killed_by":"Shelled Parasite and Fungi","ascension_level":18}}