{"host":"lpze9ywvzk5bsxql","time":1608718147,"event":{"mods":["2.2 Compatiblity","BaseMod","Bestiary","Better Third Choice","Colored Map","Downfall","Hermit","Ironclad Rager","Minty Spire (QoL Compilation)","Replay The Spire","StSLib"],"gold_per_floor":[111,123,123,147,162,162,177,177,177,215,235,235,251,251,251,251,251],"floor_reached":16,"playtime":1346,"items_purged":[],"score":104,"play_id":"bf236004-0b93-4a0a-9ceb-681b79310fa9","local_time":"20201223110907","is_ascension_mode":false,"campfire_choices":[{"floor":6,"key":"REST"},{"floor":8,"key":"REST"},{"floor":15,"key":"REST"}],"circlet_count":0,"master_deck":["hermit:Strike_Hermit","hermit:Strike_Hermit","hermit:Strike_Hermit","hermit:Strike_Hermit","hermit:Defend_Hermit","hermit:Defend_Hermit","hermit:Defend_Hermit","hermit:Defend_Hermit","hermit:Snapshot","hermit:Covet","Injury","hermit:TakeCover","hermit:TakeAim","Injury","hermit:Determination","hermit:Grudge","hermit:FlashPowder","hermit:Quickdraw","hermit:SprayPray","Parasite","hermit:FlashPowder","Burn"],"relics":["hermit:Momento","Golden Idol","Replay:Baseball"],"acts_visited":["Exordium"],"potions_floor_usage":[7,10],"damage_taken":[{"damage":0,"enemies":"2 Louse","floor":1,"turns":3},{"damage":5,"enemies":"Small Slimes","floor":2,"turns":3},{"damage":5,"enemies":"Cultist","floor":4,"turns":4},{"damage":34,"enemies":"Exordium Thugs","floor":5,"turns":6},{"damage":10,"enemies":"Large Slime","floor":7,"turns":7},{"damage":21,"enemies":"Gremlin Nob","floor":10,"turns":5},{"damage":0,"enemies":"Lots of Slimes","floor":11,"turns":1},{"damage":37,"enemies":"Gremlin Gang","floor":13,"turns":5},{"damage":56,"enemies":"The Guardian","floor":16,"turns":11}],"seed_played":"-2827858108871436596","potions_obtained":[{"floor":1,"key":"Elixir"},{"floor":5,"key":"SkillPotion"},{"floor":7,"key":"Adrenaline Potion"},{"floor":10,"key":"champ:CounterPotion"}],"is_trial":false,"path_per_floor":["M","M","?","M","M","R","M","R","T","E","M","?","M","?","R","B"],"character_chosen":"HERMIT","items_purchased":[],"campfire_rested":3,"item_purchase_floors":[],"current_hp_per_floor":[89,84,84,79,45,71,61,87,87,66,66,66,29,29,55,0,0],"gold":251,"neow_bonus":"TWENTY_PERCENT_HP_BONUS","is_daily":false,"chose_seed":false,"campfire_upgraded":0,"win_rate":0.0,"timestamp":1608718147,"path_taken":["M","M","?","M","M","R","M","R","T","E","M","?","M","?","R","BOSS"],"items_purchased_type":[],"build_version":"2020-12-22","purchased_purges":0,"victory":false,"max_hp_per_floor":[89,89,89,89,89,89,89,89,89,89,89,89,89,89,89,89,89],"card_choices":[{"not_picked":["hermit:Gestalt","hermit:HighCaliber"],"picked":"hermit:TakeCover","floor":1},{"not_picked":["hermit:GoldenBullet","hermit:Midnight"],"picked":"hermit:TakeAim","floor":2},{"not_picked":["hermit:Virtue","hermit:Feint"],"picked":"hermit:Determination","floor":4},{"not_picked":["hermit:Headshot","hermit:TakeAim"],"picked":"hermit:Grudge","floor":5},{"not_picked":["hermit:TakeCover","hermit:FullyLoaded"],"picked":"hermit:FlashPowder","floor":7},{"not_picked":["hermit:Showdown","hermit:Manifest"],"picked":"hermit:Quickdraw","floor":10},{"not_picked":["hermit:Quickdraw","hermit:LowProfile"],"picked":"hermit:SprayPray","floor":11},{"not_picked":["hermit:EyeOfTheStorm","hermit:Spite"],"picked":"hermit:FlashPowder","floor":13}],"player_experience":283715,"relics_obtained":[{"floor":10,"key":"Replay:Baseball"}],"event_choices":[{"damage_healed":0,"gold_gain":0,"player_choice":"Take Wound","damage_taken":0,"relics_obtained":["Golden Idol"],"max_hp_gain":0,"max_hp_loss":0,"event_name":"Golden Idol","floor":3,"gold_loss":0,"cards_obtained":["Injury"]},{"damage_healed":29,"gold_gain":0,"player_choice":"Embrace Burn","damage_taken":0,"max_hp_gain":0,"max_hp_loss":89,"event_name":"betterThird:BetterShining","floor":14,"gold_loss":0}],"is_beta":false,"boss_relics":[],"items_purged_floors":[],"is_endless":false,"potions_floor_spawned":[1,5,7,10],"killed_by":"The Guardian","ascension_level":0}}