{"host":"337p6miwxbqfki03","time":1608682572,"event":{"mods":["BaseMod","Better Third Choice","Colored Map","Conspire","Downfall","Hermit","Hubris","Minty Spire (QoL Compilation)","Replay The Spire","StSLib","The Cursed","The Hierophant","The Marked","The Necromancer","The Poker Player","The Sage","The Valiant","Unceasing Turn Reminder"],"gold_per_floor":[118,187,190,209,217,211,211,211,211,157,157,202,210,263,263,203,203,222,201,201,238,198,206,248,248,248,273,273,223,223,183,183,66,66],"floor_reached":33,"playtime":3768,"items_purged":[],"score":302,"play_id":"a0768a72-4e98-46c1-bc81-5f5ef7087ab2","local_time":"20201222181610","is_ascension_mode":false,"campfire_choices":[{"data":"hierophant:Repentance","floor":11,"key":"SMITH"},{"floor":15,"key":"REST"},{"floor":25,"key":"REST"},{"floor":32,"key":"REST"}],"circlet_count":0,"master_deck":["hierophant:Strike_Hierophant","hierophant:Strike_Hierophant","hierophant:Strike_Hierophant","hierophant:Strike_Hierophant","hierophant:Punish","hierophant:Defend_Hierophant","hierophant:Defend_Hierophant","hierophant:Defend_Hierophant","hierophant:Defend_Hierophant","hierophant:ChurchCoffers","Normality","hierophant:AuricBeam","hierophant:Repentance+1","hierophant:Doubloon","hierophant:Charity","hierophant:AuricForm","hierophant:Doubloon","hierophant:RustyCrate","hierophant:Doubloon","hierophant:Doubloon","hierophant:OrnateBuckler","hierophant:Mercenaries","hierophant:Mercenaries","hierophant:WrathOfGod","hierophant:SecretStash","hierophant:MorningPrayer","hierophant:Doubloon","hierophant:Generosity","hierophant:SealAway+1","hierophant:Flagellation+1","hierophant:Doubloon","hierophant:Generosity","hierophant:SealAway","hierophant:Doubloon","hierophant:Remorse","hierophant:Cornucopia","hierophant:RustyCrate+1","hierophant:Doubloon","hierophant:Doubloon","hierophant:Zeal","hierophant:HolyVerse+1","hierophant:Doubloon","hierophant:ConvertCurrency+1","conspire:SpireCoStock","hierophant:FlamingChariot+1"],"relics":["hierophant:PropheticMaskRelic","Torii","Blood Vial","Oddly Smooth Stone","hubris:BottledRain","Anchor","Black Star","PreservedInsect","Blue Candle","Juzu Bracelet","hubris:BottledHeart","sagemod:Flying_Carpet"],"acts_visited":["Exordium","TheCity"],"potions_floor_usage":[12,18,19,23],"damage_taken":[{"damage":12,"enemies":"Jaw Worm","floor":1,"turns":5},{"damage":0,"enemies":"Small Slimes","floor":3,"turns":3},{"damage":9,"enemies":"Cultist","floor":4,"turns":4},{"damage":2,"enemies":"3 Louse","floor":5,"turns":3},{"damage":22,"enemies":"Replay:BlueRogue","floor":6,"turns":8},{"damage":13,"enemies":"Blue Slaver","floor":12,"turns":6},{"damage":10,"enemies":"Gremlin Nob","floor":13,"turns":2},{"damage":11,"enemies":"Lots of Slimes","floor":14,"turns":3},{"damage":65,"enemies":"Slime Boss","floor":16,"turns":12},{"damage":6,"enemies":"Shell Parasite","floor":18,"turns":4},{"damage":11,"enemies":"conspire:FuzzyDice","floor":19,"turns":5},{"damage":19,"enemies":"conspire:HollyBat","floor":21,"turns":7},{"damage":39,"enemies":"Slavers","floor":23,"turns":4},{"damage":0,"enemies":"Chosen and Byrds","floor":24,"turns":3},{"damage":17,"enemies":"Cultist and Chosen","floor":27,"turns":5},{"damage":1,"enemies":"Collector","floor":33,"turns":3}],"seed_played":"-6900331434035823384","potions_obtained":[{"floor":2,"key":"hexamod:EctoCoolerPotion"},{"floor":3,"key":"Strength Potion"},{"floor":5,"key":"Explosive Potion"},{"floor":14,"key":"Block Potion"},{"floor":16,"key":"hexamod:EctoCoolerPotion"},{"floor":18,"key":"PowerPotion"}],"is_trial":false,"path_per_floor":["M","?","M","M","M","E","?","?","T","$","R","M","E","M","R","B",null,"M","M","?","M","$","E","M","R","T","M","?","?","?","$","R","B"],"character_chosen":"HIEROPHANT","items_purchased":["hierophant:Mercenaries","hierophant:RustyCrate+1","hierophant:FlamingChariot+1"],"campfire_rested":3,"item_purchase_floors":[10,22,31],"current_hp_per_floor":[63,63,65,58,58,38,38,75,75,75,75,62,54,45,67,4,75,69,60,60,43,43,6,8,30,30,15,1,1,1,1,1,0,0],"gold":66,"neow_bonus":"ONE_RARE_RELIC","is_daily":false,"chose_seed":false,"campfire_upgraded":1,"win_rate":0.0,"timestamp":1608682570,"path_taken":["M","?","M","M","?","E","?","?","T","$","R","M","E","M","R","BOSS","M","?","?","M","$","E","M","R","T","M","?","?","?","?","R","BOSS"],"items_purchased_type":["Card","Card","Card"],"build_version":"2020-12-13","purchased_purges":0,"victory":false,"max_hp_per_floor":[75,75,75,75,75,75,75,75,75,75,75,75,75,75,75,75,75,75,75,75,75,75,75,75,75,75,75,1,1,1,1,1,1,1],"card_choices":[{"not_picked":["hierophant:Sermon","hierophant:HammerAndAnvil"],"picked":"hierophant:AuricBeam","floor":1},{"not_picked":["hierophant:Rebuild","hierophant:HammerAndAnvil"],"picked":"hierophant:Repentance","floor":2},{"not_picked":["hierophant:HolyVerse","hierophant:MorningPrayer"],"picked":"hierophant:Charity","floor":2},{"not_picked":["hierophant:AuricBeam","hierophant:Doubloon"],"picked":"hierophant:AuricForm","floor":3},{"not_picked":["hierophant:FieryStrike","hierophant:MorningPrayer"],"picked":"hierophant:Doubloon","floor":4},{"not_picked":["hierophant:FieryStrike","hierophant:Doomsaying"],"picked":"hierophant:RustyCrate","floor":5},{"not_picked":["hierophant:Doubloon","hierophant:ThreeLashes"],"picked":"hierophant:OrnateBuckler","floor":6},{"not_picked":["hierophant:CoinFling","hierophant:RustyCrate"],"picked":"hierophant:WrathOfGod","floor":12},{"not_picked":["hierophant:SealAway","hierophant:Zeal"],"picked":"hierophant:SecretStash","floor":13},{"not_picked":["hierophant:ArchangelShield","hierophant:Shelter"],"picked":"hierophant:MorningPrayer","floor":14},{"not_picked":["hierophant:DeathKnell","hierophant:AuricForm"],"picked":"hierophant:Generosity","floor":16},{"not_picked":["hierophant:Repentance","hierophant:Martyrdom"],"picked":"hierophant:SealAway+1","floor":18},{"not_picked":["hierophant:FieryStrike+1","hierophant:HammerAndAnvil"],"picked":"hierophant:Flagellation+1","floor":19},{"not_picked":["hierophant:Prophecy","hierophant:RepressedViolence"],"picked":"hierophant:Cornucopia","floor":21},{"not_picked":["hierophant:AuricBeam","hierophant:FieryStrike+1"],"picked":"hierophant:Zeal","floor":23},{"not_picked":["hierophant:Sermon","hierophant:PassingBell"],"picked":"hierophant:HolyVerse+1","floor":24},{"not_picked":["hierophant:Doubloon","hierophant:Endure"],"picked":"hierophant:ConvertCurrency+1","floor":27}],"player_experience":170045,"relics_obtained":[{"floor":2,"key":"Blood Vial"},{"floor":6,"key":"Oddly Smooth Stone"},{"floor":9,"key":"hubris:BottledRain"},{"floor":13,"key":"Anchor"},{"floor":23,"key":"PreservedInsect"},{"floor":23,"key":"Blue Candle"},{"floor":26,"key":"Juzu Bracelet"}],"event_choices":[{"damage_healed":38,"gold_gain":0,"player_choice":"Leave","damage_taken":0,"max_hp_gain":0,"max_hp_loss":75,"event_name":"betterThird:BetterShining","floor":7,"gold_loss":0},{"damage_healed":37,"gold_gain":0,"player_choice":"Full Heal","damage_taken":0,"max_hp_gain":0,"max_hp_loss":0,"event_name":"Wheel of Change","floor":8,"gold_loss":0},{"damage_healed":0,"gold_gain":0,"player_choice":"3 cards matched","damage_taken":0,"max_hp_gain":0,"max_hp_loss":0,"event_name":"Match and Keep!","floor":20,"gold_loss":0,"cards_obtained":["hierophant:Generosity","hierophant:SealAway","hierophant:Remorse"]},{"damage_healed":0,"gold_gain":0,"player_choice":"Invest 1","damage_taken":0,"max_hp_gain":0,"max_hp_loss":0,"event_name":"conspire:Investor","floor":29,"gold_loss":0}],"is_beta":false,"boss_relics":[{"not_picked":["Replay:Bronze Core","Snecko Eye"],"picked":"Black Star"}],"items_purged_floors":[],"is_endless":false,"potions_floor_spawned":[3,5,14,16,18],"killed_by":"Collector","ascension_level":0}}