{"host":"59ckh7bj2z84pzgo","time":1608712651,"event":{"mods":["BaseMod","Better Vampires","Marked Mod","Minty Spire (QoL Compilation)","Replay The Spire","Spicy Shops","StSLib","TestMod","¡¾ÒÅÎï¿¨ÅÆ¡¿REMEMod"],"gold_per_floor":[119,134,144,163,179,208,283,309,309,322,333,346,356,384,384,455,455,467,486,536,536,550,550,584,75,149,176,186,218,229,246,246,246,246],"floor_reached":33,"playtime":2673,"items_purged":["Strike_R"],"score":720,"play_id":"908c7042-f90e-4b06-b91f-5dad6c543d9c","local_time":"20201223163731","is_ascension_mode":true,"campfire_choices":[{"data":"Armaments","floor":15.0,"key":"SMITH"},{"data":"Rupture","floor":23.0,"key":"SMITH"},{"floor":32.0,"key":"DIG"}],"circlet_count":0,"master_deck":["AscendersBane","Strike_R","Strike_R","Strike_R","Strike_R","Defend_R","Defend_R","Defend_R","Defend_R","Bash","REME_TwoStrings","Exhume","ReplayTheSpireMod:Strike From Hell","Carnage","Cleave","Bloodletting","Shockwave","Immolate+1","Demonic Infusion+1","Rage","Sentinel","Rupture+1","Armaments+1","Offering","Seeing Red","Sword Boomerang","ReplayTheSpireMod:Limb From Limb","Whirlwind","ReplayTheSpireMod:LeadingStrike","Searing Blow","Feed"],"relics":["Burning Blood","REME_ComplimentaryCards","testmod-TestBox","testmod-IncinerationGenerator","Garlic","ReplayTheSpireMod:Spearhead","testmod-Maize","Runic Cube","Eternal Feather","Blue Candle","Guide Book","Oddly Smooth Stone","Kunai","Iron Hammer","Replay:Mystery Machine","Snack Pack"],"acts_visited":["Exordium","TheCity"],"potions_floor_usage":[],"damage_taken":[{"damage":7.0,"enemies":"Jaw Worm","floor":1.0,"turns":3.0},{"damage":7.0,"enemies":"Small Slimes","floor":2.0,"turns":2.0},{"damage":0.0,"enemies":"Cultist","floor":3.0,"turns":2.0},{"damage":11.0,"enemies":"Large Slime","floor":4.0,"turns":5.0},{"damage":6.0,"enemies":"Looter","floor":5.0,"turns":2.0},{"damage":24.0,"enemies":"Replay:BlueRogue","floor":6.0,"turns":5.0},{"damage":27.0,"enemies":"Gremlin Nob","floor":8.0,"turns":4.0},{"damage":1.0,"enemies":"2 Fungi Beasts","floor":10.0,"turns":3.0},{"damage":8.0,"enemies":"Exordium Thugs","floor":11.0,"turns":3.0},{"damage":0.0,"enemies":"Exordium Wildlife","floor":12.0,"turns":2.0},{"damage":0.0,"enemies":"2 Fungi Beasts","floor":13.0,"turns":2.0},{"damage":15.0,"enemies":"3 Sentries","floor":14.0,"turns":5.0},{"damage":19.0,"enemies":"The Guardian","floor":16.0,"turns":10.0},{"damage":10.0,"enemies":"3 Byrds","floor":18.0,"turns":4.0},{"damage":16.0,"enemies":"2 Thieves","floor":19.0,"turns":3.0},{"damage":12.0,"enemies":"Centurion and Healer","floor":22.0,"turns":6.0},{"damage":9.0,"enemies":"Gremlin Leader","floor":24.0,"turns":6.0},{"damage":24.0,"enemies":"Book of Stabbing","floor":27.0,"turns":4.0},{"damage":3.0,"enemies":"Cultist and Chosen","floor":28.0,"turns":2.0},{"damage":17.0,"enemies":"Replay:Snechameleon","floor":29.0,"turns":5.0},{"damage":0.0,"enemies":"Snake Plant","floor":30.0,"turns":3.0},{"damage":20.0,"enemies":"Snecko","floor":31.0,"turns":5.0},{"damage":34,"enemies":"Automaton","floor":33,"turns":6}],"seed_played":"-8562887195674260702","potions_obtained":[{"floor":2.0,"key":"Adrenaline Potion"},{"floor":4.0,"key":"SmokeBomb"},{"floor":10.0,"key":"Venom Potion"},{"floor":11.0,"key":"EntropicBrew"},{"floor":12.0,"key":"LiquidMemories"},{"floor":16.0,"key":"Dexterity Potion"},{"floor":27.0,"key":"PowerPotion"},{"floor":28.0,"key":"Fire Potion"},{"floor":29.0,"key":"SpeedPotion"},{"floor":31.0,"key":"Elixir"}],"is_trial":false,"path_per_floor":["M","M","M","M","M","E","?","E","T","M","M","M","M","E","R","B",null,"M","M","?","T","M","R","E","$","T","E","M","E","M","M","R","B"],"character_chosen":"IRONCLAD","items_purchased":["Guide Book","ReplayTheSpireMod:LeadingStrike","Oddly Smooth Stone"],"campfire_rested":0,"item_purchase_floors":[25,25,25],"current_hp_per_floor":[67,66,72,67,67,49,38,17,17,22,20,26,32,23,23,10,59,55,45,45,45,39,54,51,51,51,33,36,25,31,17,35,7,7],"gold":246,"neow_bonus":"ONE_RANDOM_RARE_CARD","is_daily":false,"chose_seed":false,"campfire_upgraded":2,"win_rate":0.0,"timestamp":1608712651,"path_taken":["M","M","M","M","M","E","?","E","T","M","M","M","M","E","R","BOSS","M","M","?","?","?","R","E","$","T","E","M","E","M","M","R","BOSS"],"items_purchased_type":["Relic","Card","Relic"],"build_version":"2020-12-22","purchased_purges":1,"victory":false,"max_hp_per_floor":[75,75,75,75,75,75,75,75,75,75,75,75,75,75,75,75,75,75,75,75,75,75,75,75,75,75,75,75,75,75,75,75,75,75],"card_choices":[{"not_picked":["Twin Strike","Evolve"],"picked":"ReplayTheSpireMod:Strike From Hell","floor":1.0},{"not_picked":["Iron Wave","Reckless Charge"],"picked":"Carnage","floor":2.0},{"not_picked":["ReplayReversal","Iron Wave"],"picked":"Cleave","floor":3.0},{"not_picked":["Iron Wave","Reckless Charge"],"picked":"Bloodletting","floor":4.0},{"not_picked":["Sword Boomerang","Run Through"],"picked":"Shockwave","floor":5.0},{"not_picked":["Headbutt","Havoc"],"picked":"Immolate","floor":6.0},{"not_picked":["Metallicize","Clothesline","Bloodletting"],"picked":"SKIP","floor":8.0},{"not_picked":["REME_Cut","Run Through"],"picked":"Demonic Infusion","floor":10.0},{"not_picked":["Body Slam","Bloodletting"],"picked":"Rage","floor":11.0},{"not_picked":["Fire Breathing","Clash"],"picked":"Sentinel","floor":12.0},{"not_picked":["Shockwave","REME_Cut"],"picked":"Rupture","floor":13.0},{"not_picked":["Infernal Blade","Perfected Strike"],"picked":"Armaments","floor":14.0},{"not_picked":["Eclipse","Juggernaut"],"picked":"Offering","floor":16.0},{"not_picked":["Life Link","Sentinel"],"picked":"Seeing Red","floor":18.0},{"not_picked":["Warcry","Body Slam"],"picked":"Sword Boomerang","floor":19.0},{"not_picked":["Sentinel","ReplayTheSpireMod:Corrosion Curse+1"],"picked":"ReplayTheSpireMod:Limb From Limb","floor":22.0},{"not_picked":["Heavy Blade","Clash"],"picked":"Whirlwind","floor":24.0},{"not_picked":["Body Slam","Havoc","Cleave"],"picked":"SKIP","floor":27.0},{"not_picked":["Sever Soul","Dark Embrace"],"picked":"Searing Blow","floor":28.0},{"not_picked":["Metallicize","Shockwave","Abandon"],"picked":"SKIP","floor":29.0},{"not_picked":["Wild Strike","Power Through"],"picked":"Feed","floor":30.0},{"not_picked":["Havoc","Wild Strike","REME_Scribble"],"picked":"SKIP","floor":31.0}],"player_experience":157706,"relics_obtained":[{"floor":6.0,"key":"Garlic"},{"floor":8.0,"key":"ReplayTheSpireMod:Spearhead"},{"floor":14.0,"key":"testmod-Maize"},{"floor":21.0,"key":"Eternal Feather"},{"floor":24.0,"key":"Blue Candle"},{"floor":26.0,"key":"Kunai"},{"floor":27.0,"key":"Iron Hammer"},{"floor":29.0,"key":"Replay:Mystery Machine"},{"floor":32.0,"key":"Snack Pack"}],"event_choices":[{"damage_healed":0.0,"max_hp_gain":0.0,"max_hp_loss":0.0,"gold_gain":75.0,"event_name":"World of Goop","player_choice":"Gather Gold","floor":7.0,"gold_loss":0.0,"damage_taken":11.0},{"damage_healed":0.0,"max_hp_gain":0.0,"max_hp_loss":0.0,"gold_gain":50.0,"event_name":"Nest","player_choice":"Stole From Cult","floor":20.0,"gold_loss":0.0,"damage_taken":0.0}],"is_beta":false,"boss_relics":[{"not_picked":["Calling Bell","testmod-TimeTraveler"],"picked":"Runic Cube"}],"items_purged_floors":[25],"is_endless":false,"potions_floor_spawned":[2,4,5,10,11,12,16,27,28,29,31],"killed_by":"Automaton","ascension_level":20}}