{"host":"vumwfieg2b2mnrfl","time":1608682012,"event":{"mods":["AchievementEnabler","BaseMod","Minty Spire (QoL Compilation)","Rare Cards Sparkle","Relic Stats"],"gold_per_floor":[110,110,60,22,41,68,68,78,158,158,168,198,227,264,276,389,401,428,456,468,493,522,534,534],"floor_reached":23,"playtime":861,"items_purged":[],"score":355,"play_id":"fa86dd91-e4a8-4bc3-bd09-aac62197a20a","local_time":"20201222180652","is_ascension_mode":true,"campfire_choices":[{"floor":10.0,"key":"REST"},{"data":"Uppercut","floor":15.0,"key":"SMITH"}],"circlet_count":0,"master_deck":["AscendersBane","Strike_R","Strike_R","Strike_R","Strike_R","Defend_R","Defend_R","Defend_R","Defend_R","Bash","Shame","Uppercut+1","Hemokinesis","Pommel Strike","Spot Weakness","Iron Wave","Double Tap","Cleave","Bludgeon","Demon Form","Shrug It Off","Shockwave"],"relics":["Burning Blood","Bag of Preparation","Regal Pillow","Meat on the Bone","MawBank","Smiling Mask","Busted Crown"],"acts_visited":["Exordium","TheCity"],"potions_floor_usage":[22,23,23],"damage_taken":[{"damage":10.0,"enemies":"Small Slimes","floor":1.0,"turns":3.0},{"damage":2.0,"enemies":"2 Louse","floor":5.0,"turns":3.0},{"damage":38.0,"enemies":"3 Sentries","floor":6.0,"turns":9.0},{"damage":10.0,"enemies":"Jaw Worm","floor":8.0,"turns":4.0},{"damage":9.0,"enemies":"Exordium Wildlife","floor":11.0,"turns":3.0},{"damage":28.0,"enemies":"Lagavulin","floor":12.0,"turns":5.0},{"damage":25.0,"enemies":"Gremlin Gang","floor":13.0,"turns":4.0},{"damage":14.0,"enemies":"3 Sentries","floor":14.0,"turns":6.0},{"damage":51.0,"enemies":"The Guardian","floor":16.0,"turns":12.0},{"damage":20.0,"enemies":"2 Thieves","floor":18.0,"turns":3.0},{"damage":25.0,"enemies":"Shell Parasite","floor":19.0,"turns":5.0},{"damage":36,"enemies":"Sentry and Sphere","floor":21,"turns":6},{"damage":11,"enemies":"3 Cultists","floor":22,"turns":4},{"damage":34,"enemies":"Slavers","floor":23,"turns":2}],"seed_played":"-7909928861097575178","potions_obtained":[{"floor":1.0,"key":"SkillPotion"},{"floor":12.0,"key":"LiquidMemories"},{"floor":14.0,"key":"AttackPotion"},{"floor":16.0,"key":"FearPotion"},{"floor":18.0,"key":"Explosive Potion"},{"floor":22,"key":"Explosive Potion"}],"is_trial":false,"path_per_floor":["M","?","?","$","M","E","$","M","T","R","M","E","M","E","R","B",null,"M","M","?","M","M","E"],"character_chosen":"IRONCLAD","items_purchased":["Hemokinesis"],"campfire_rested":1,"item_purchase_floors":[4],"current_hp_per_floor":[84,77,77,77,81,49,49,45,45,88,85,63,56,60,60,27,79,65,58,39,21,28,0,0],"gold":534,"neow_bonus":"TWENTY_PERCENT_HP_BONUS","is_daily":false,"chose_seed":false,"campfire_upgraded":1,"win_rate":0.0,"timestamp":1608682012,"path_taken":["M","?","?","?","M","E","$","?","T","R","M","E","?","E","R","BOSS","M","M","?","M","M","E"],"items_purchased_type":["Card"],"build_version":"2020-12-13","purchased_purges":0,"victory":false,"max_hp_per_floor":[96,96,96,96,96,96,96,96,96,96,96,96,96,96,96,96,96,96,96,101,101,101,101,101],"relic_stats":{"Regal Pillow":15,"Busted Crown":8,"counters":[14,69],"Bag of Preparation":[26],"MawBank":132,"Smiling Mask":0,"obtain_stats":[{"Regal Pillow":6,"Busted Crown":17,"Bag of Preparation":2,"MawBank":12,"Smiling Mask":14,"Burning Blood":0,"Meat on the Bone":9},{"Regal Pillow":3,"Busted Crown":9,"Bag of Preparation":1,"MawBank":6,"Smiling Mask":8,"Burning Blood":0,"Meat on the Bone":4},{"Regal Pillow":15,"Busted Crown":49,"Bag of Preparation":3,"MawBank":27,"Smiling Mask":37,"Burning Blood":0,"Meat on the Bone":19}],"Burning Blood":78,"Meat on the Bone":72},"card_choices":[{"not_picked":["Pommel Strike","Perfected Strike"],"picked":"Uppercut","floor":1.0},{"not_picked":["Havoc","Sever Soul"],"picked":"Pommel Strike","floor":5.0},{"not_picked":["Flex","Dark Embrace"],"picked":"Spot Weakness","floor":6.0},{"not_picked":["Wild Strike","Clash"],"picked":"Iron Wave","floor":8.0},{"not_picked":["Spot Weakness","Bloodletting","Warcry"],"picked":"SKIP","floor":11.0},{"not_picked":["Body Slam","Perfected Strike"],"picked":"Double Tap","floor":12.0},{"not_picked":["Fire Breathing","Thunderclap"],"picked":"Cleave","floor":13.0},{"not_picked":["Havoc","Body Slam"],"picked":"Bludgeon","floor":14.0},{"not_picked":["Exhume","Brutality"],"picked":"Demon Form","floor":16.0},{"not_picked":[],"picked":"Shrug It Off","floor":18.0},{"not_picked":[],"picked":"Shockwave","floor":19.0},{"not_picked":["Second Wind+1"],"picked":"SKIP","floor":21},{"not_picked":["Flex"],"picked":"SKIP","floor":22}],"player_experience":290531,"relics_obtained":[{"floor":6.0,"key":"Regal Pillow"},{"floor":9.0,"key":"Meat on the Bone"},{"floor":12.0,"key":"MawBank"},{"floor":14.0,"key":"Smiling Mask"}],"event_choices":[{"damage_healed":0.0,"max_hp_gain":0.0,"max_hp_loss":0.0,"gold_gain":0.0,"event_name":"Scrap Ooze","player_choice":"Success","floor":2.0,"gold_loss":0.0,"damage_taken":7.0,"relics_obtained":["Bag of Preparation"]},{"cards_removed":["Strike_R"],"damage_healed":0.0,"max_hp_gain":0.0,"max_hp_loss":0.0,"gold_gain":0.0,"event_name":"The Cleric","player_choice":"Card Removal","floor":3.0,"gold_loss":50.0,"damage_taken":0.0},{"damage_healed":0.0,"max_hp_gain":5.0,"max_hp_loss":0.0,"gold_gain":0.0,"event_name":"Forgotten Altar","player_choice":"Shed Blood","floor":20.0,"gold_loss":0.0,"damage_taken":24.0}],"is_beta":false,"boss_relics":[{"not_picked":["Runic Dome","Runic Pyramid"],"picked":"Busted Crown"}],"items_purged_floors":[],"is_endless":false,"potions_floor_spawned":[1,12,14,16,18,22],"killed_by":"Slavers","ascension_level":11}}