{"host":"ymw71f7rc9ndansy","time":1608709951,"event":{"mods":["ATMod(°¢èªMod)","Act Like it!","Aspiration","BaseMod","DeckTracker","Hubris","Library of Ruina","Library of Ruina Extra","Minty Spire (QoL Compilation)","MostiFishMod","Remove Card Discount Mod","Replay The Spire","StSLib","TestMod","¡¾ÒÅÎï¿¨ÅÆ¡¿REMEMod"],"gold_per_floor":[118,118,133,133,149,183,201,232,232,232,232,251,277,333,333,406,406,425,425,425,444,461,494,494,528,528,538,538,551,565,597,597,672,672,689,706,706,716,733,767,767,210,210,238,248,273,273,273],"floor_reached":47,"playtime":1490,"items_purged":["LightDefense","LightDefense","LightDefense","LightDefense","LightAttack","LightAttack","Dodge","Mutilate","BoundaryOfDeath","FlashingStrike+1","FocusedStrikes"],"score":1342,"play_id":"451cd20c-5ae3-4ba3-a53e-71f07741465a","local_time":"20201223155231","is_ascension_mode":true,"campfire_choices":[{"floor":11,"key":"REST"},{"floor":15,"key":"REST"},{"floor":24,"key":"RECALL"},{"data":"FlashingStrike","floor":28,"key":"SMITH"},{"floor":32,"key":"REST"},{"floor":41,"key":"REST"}],"circlet_count":0,"master_deck":["AscendersBane","AT_ManFootWork","MostiFishMod:FlyOverUtopia+1","RepressedFlesh","Multislash","RulesOfTheBackstreets","Suppress","IronWall","Slice_lor","Commandeering","FrontalAssault+1","LeRegole","testmod-Bloodthirsty"],"relics":["PageOfLibrarian","testmod-TestBox","DaveBox","REME_ComplimentaryCards","AT_ATBox","GuanYuAspect","testmod-Recursion","Ring of Fury","Snack Pack","PageOfFairyFestival","ImprovedEquipment","testmod-Temperance","hubris:Icosahedron","Bag of Marbles","Mummified Hand","PageOfForsakenMurderer","GreenFoldingFan","Shuriken","Sling","Vajra","ReplayTheSpireMod:Shallot","Chameleon Ring","StoneCalendar"],"acts_visited":["Exordium","TheCity","TheBeyond"],"potions_floor_usage":[6,31],"damage_taken":[{"damage":4.0,"enemies":"Cultist","floor":1.0,"turns":2.0},{"damage":4.0,"enemies":"Small Slimes","floor":3.0,"turns":2.0},{"damage":4.0,"enemies":"Jaw Worm","floor":5.0,"turns":1.0},{"damage":5,"enemies":"3 Sentries","floor":6,"turns":3},{"damage":4,"enemies":"2 Fungi Beasts","floor":7,"turns":2},{"damage":15,"enemies":"Lagavulin","floor":8,"turns":3},{"damage":9,"enemies":"Blue Slaver","floor":12,"turns":1},{"damage":9,"enemies":"3 Sentries","floor":13,"turns":2},{"damage":4,"enemies":"Hexaghost","floor":16,"turns":4},{"damage":4,"enemies":"Spheric Guardian","floor":18,"turns":1},{"damage":14,"enemies":"Shell Parasite","floor":21,"turns":2},{"damage":4,"enemies":"Shelled Parasite and Fungi","floor":22,"turns":2},{"damage":4,"enemies":"Slavers","floor":23,"turns":3},{"damage":4,"enemies":"Gremlin Leader","floor":25,"turns":1},{"damage":4,"enemies":"Centurion and Healer","floor":27,"turns":2},{"damage":4,"enemies":"Snake Plant","floor":29,"turns":1},{"damage":4,"enemies":"Chosen and Byrds","floor":30,"turns":2},{"damage":25,"enemies":"REME_1_Revenger","floor":31,"turns":3},{"damage":4,"enemies":"Automaton","floor":33,"turns":2},{"damage":8,"enemies":"3 Darklings","floor":35,"turns":2},{"damage":6,"enemies":"3 Shapes","floor":36,"turns":1},{"damage":6,"enemies":"Jaw Worm Horde","floor":38,"turns":1},{"damage":8,"enemies":"Spire Growth","floor":39,"turns":2},{"damage":18,"enemies":"Giant Head","floor":40,"turns":3},{"damage":6,"enemies":"Nemesis","floor":44,"turns":1},{"damage":14,"enemies":"Transient","floor":45,"turns":5},{"damage":6,"enemies":"Mind Bloom Boss Battle","floor":46,"turns":1},{"damage":2,"enemies":"R_Hoarder","floor":47,"turns":1}],"seed_played":"8903467653727094227","potions_obtained":[{"floor":3.0,"key":"Energy Potion"},{"floor":6,"key":"Reflective Coating"},{"floor":8,"key":"DistilledChaos"},{"floor":12,"key":"PowerPotion"},{"floor":21,"key":"DuplicationPotion"},{"floor":30,"key":"Adrenaline Potion"},{"floor":33,"key":"Adrenaline Potion"}],"is_trial":false,"path_per_floor":["M","?","M","?","M","E","M","E","T","?","R","M","E","?","R","B",null,"M","?","?","M","M","E","R","E","T","M","R","M","M","E","R","B",null,"M","M","$","M","M","E","R","$","T","E","M","?","E"],"character_chosen":"Librarian","items_purchased":["Sling","LeRegole","Vajra","testmod-Bloodthirsty"],"campfire_rested":4,"item_purchase_floors":[42,42,42,42],"current_hp_per_floor":[30,30,31,31,31,35,35,29,29,29,35,30,36,36,41,41,45,43,43,37,34,42,51,51,49,49,51,51,51,51,31,40,49,53,59,59,59,59,59,59,59,59,59,59,59,59,59,59],"gold":273,"neow_bonus":"UPGRADE_CARD","is_daily":false,"chose_seed":false,"campfire_upgraded":1,"win_rate":0.0,"timestamp":1608709951,"path_taken":["M","?","M","?","M","E","M","E","T","?","R","M","E","?","R","BOSS","M","?","?","?","M","E","R","E","T","M","R","M","M","E","R","BOSS","M","M","$","M","M","E","R","$","T","E","M","?","E"],"items_purchased_type":["Relic","Card","Relic","Card"],"build_version":"2020-12-22","purchased_purges":11,"victory":false,"max_hp_per_floor":[33,33,41,41,41,41,41,41,41,41,41,41,41,41,41,51,51,51,51,51,51,51,51,51,51,51,51,51,51,51,59,59,59,59,59,59,59,59,59,59,59,59,59,59,59,59,59,59],"card_choices":[{"not_picked":["MultiBlock","SuppressingShot","QuickAttack","ButterflySlash","BackAttack","SharpSwipe","FrontalAssault","PreemptiveStrike"],"picked":"RepressedFlesh","floor":1.0},{"not_picked":["LawAndOrder","SturdyDefense","BayonetCombat","EnergyCycle","SparkingSpear","SmokingPipe","HighKick","SharpSwipe","HandleRequest"],"picked":"SKIP","floor":3.0},{"not_picked":["SharpSwipe","MultiHit","Thirst","Guardian_lor","PreemptiveStrike","Crush","Observe","Faith"],"picked":"Multislash","floor":5.0},{"not_picked":["Faith","SkitterAway","YouOnlyLiveOnce","Brawl","FierceCharge","FleetFootsteps","TendonChords","GuardingStance"],"picked":"BoundaryOfDeath","floor":6},{"not_picked":["DarkCloud","ForcefulGesture","EnergyCycle","WrathOfTorment","SharpSwipe","Wallop_lor","StrongStrike","AbsorbImpact","FeelinGood"],"picked":"SKIP","floor":7},{"not_picked":["Faith","YouOnlyLiveOnce","RatsGuideToSurvival","SilentMist","ChopItOff","BackAttack","Thrust","StartinOutLightly","Gigigig"],"picked":"SKIP","floor":8},{"not_picked":["MultiBlock","CumulusWall","BayonetCombat","Faith","QuickAttack","SpearedSweep","Pound","DesperateStruggle","FleetFootsteps"],"picked":"SKIP","floor":12},{"not_picked":["MultiBlock","CumulusWall","BayonetCombat","Faith","QuickAttack","SpearedSweep","Pound","DesperateStruggle","FleetFootsteps"],"picked":"SKIP","floor":12},{"not_picked":["PreparedMind","PuppetBlockade","BlazingStrike","StructuralAnalysis","EndlessBattle","Overpower","Decapitation","CutIn","WildCard"],"picked":"SKIP","floor":13},{"not_picked":["RipSpace","RepressedFlesh"],"picked":"Suppress","floor":16},{"not_picked":["SpearedSweep","RushDown","SuppressingShot","TendonChords","Creak","Faith","GuardingStance","FleetFootsteps"],"picked":"FlashingStrike","floor":18},{"not_picked":["LawAndOrder+1","HandlingWork","BoundaryOfDeath","FrontalAssault","BackAttack","NightInTheBackstreets","GuidanceOfTheGears","PreemptiveStrike"],"picked":"Mutilate","floor":21},{"not_picked":["BoundaryOfDeath","ExtractFuel","BizarreAttack","WaitUp","WrathOfTorment+1","Wallop_lor","BackAttack","DesperateStruggle","BlowItUp"],"picked":"SKIP","floor":22},{"not_picked":["DarkCloud+1","SmokingPipe","Pound+1","SturdyDefense","SharpNails+1","ChopItOff+1","Track","SuppressingShot"],"picked":"IronWall","floor":23},{"not_picked":["FierceCharge","StructuralAnalysis+1","CombatPreparation","SpearedSweep","NightInTheBackstreets","Parry","StrongStrike","GutHarvesting","WillOfThePrescript"],"picked":"SKIP","floor":25},{"not_picked":["Wallop_lor","Multislash","Parry","FendThisOffIfYouCan","SummaryJudgment","SharpenedBlade","GuidanceOfTheGears","CookingPrep+1"],"picked":"Slice_lor","floor":27},{"not_picked":["DestructiveImpact","DesperateStruggle","NightInTheBackstreets","Rampage_lor","ClassAndRespect","Endure","ScatteringSlash","Ripple","FendThisOffIfYouCan"],"picked":"SKIP","floor":29},{"not_picked":["Observe","SmokingPipe","Rewind+1","PreemptiveStrike","UnavoidableGaze","Pound","NightInTheBackstreets+1","Leap_lor","BladeWhirl"],"picked":"SKIP","floor":30},{"not_picked":["FleetEdge","Collision","UpbeatPerformance","HardRehearsal","Decapitation","SinglePointStab","BindingArms","Quickness"],"picked":"Commandeering","floor":31},{"not_picked":["KeepItFresh","BackstreetsDash","YoureAHindrance","Thrust","BladeWhirl","GatherIntel","AutonomousRush","BayonetCombat","CumulusWall"],"picked":"SKIP","floor":35},{"not_picked":["InkOver","SmokingPipe","Thrust","SharpSwipe","Execute_lor+1","YoureTooSlow","SturdyDefense","Gamble"],"picked":"FrontalAssault+1","floor":36},{"not_picked":["Rewind+1","Quickness","SturdyDefense","MultiBlock","HandleRequest","ScatteringSlash","DirtyBlow","BackstreetsDash","StructuralAnalysis+1"],"picked":"SKIP","floor":38},{"not_picked":["Multislash","SweepTheBackstreets","Bvapour","ClassAndRespect","BindingArms","Rampage_lor","Outburst","Riposte","HandleRequest"],"picked":"SKIP","floor":39},{"not_picked":["FierceCharge+1","FlowOfTheSword","UpbeatPerformance","Multislash","BayonetCombat","PreemptiveStrike","HandleRequest+1","Parry","Rewind+1"],"picked":"SKIP","floor":40},{"not_picked":["Faith+1","Unlock1+1","ViolentFlame","FrontalAssault+1","GaleKick","SomberProcuration","ExtractFuel","RushDown","Multislash"],"picked":"SKIP","floor":44},{"not_picked":["Diversion+1","EnergyShield","StrongStrike","Wallop_lor","SpearedSweep","FleetFootsteps","SunsetBlade","NonstopAssault+1","FlamingDragonFist"],"picked":"SKIP","floor":45}],"player_experience":966738,"relics_obtained":[{"floor":2.0,"key":"Ring of Fury"},{"floor":6,"key":"Snack Pack"},{"floor":9,"key":"PageOfFairyFestival"},{"floor":13,"key":"ImprovedEquipment"},{"floor":23,"key":"Bag of Marbles"},{"floor":25,"key":"Mummified Hand"},{"floor":31,"key":"PageOfForsakenMurderer"},{"floor":40,"key":"Shuriken"},{"floor":43,"key":"ReplayTheSpireMod:Shallot"},{"floor":44,"key":"Chameleon Ring"},{"floor":46,"key":"StoneCalendar"}],"event_choices":[{"damage_healed":0.0,"max_hp_gain":0.0,"max_hp_loss":0.0,"gold_gain":0.0,"event_name":"Liars Game","player_choice":"Ignored","floor":4.0,"gold_loss":0.0,"damage_taken":0.0},{"damage_healed":0,"gold_gain":56,"player_choice":"Gained Gold","damage_taken":0,"max_hp_gain":0,"max_hp_loss":0,"event_name":"Golden Wing","floor":14,"gold_loss":0},{"damage_healed":0,"gold_gain":0,"player_choice":"","damage_taken":6,"max_hp_gain":0,"max_hp_loss":0,"event_name":"Knowing Skull","floor":20,"potions_obtained":[],"gold_loss":0,"cards_obtained":[]},{"damage_healed":0,"gold_gain":0,"player_choice":"Fight","damage_taken":0,"max_hp_gain":0,"max_hp_loss":0,"event_name":"MindBloom","floor":46,"gold_loss":0}],"is_beta":false,"boss_relics":[{"not_picked":["Honey Jar","OneHitWonderSystem"],"picked":"testmod-Temperance"},{"not_picked":["testmod-NegativeEmotionEnhancer","testmod-EnergyCheck"],"picked":"GreenFoldingFan"}],"items_purged_floors":[42,42,42,42,42,42,42,42,42,42,42],"is_endless":false,"potions_floor_spawned":[3,6,8,12,16,21,22,30,33,35,38,40,45],"killed_by":"R_Hoarder","ascension_level":15}}