{"host":"4h9wonchhpvj0efq","time":1608706192,"event":{"mods":["Act Like it!","BaseMod","Gensokyo","KinomotoSakuraMod(木之本樱)","Marisa（F雨　魔理沙）","Minty Spire (QoL Compilation)","Nova Terra(诺娃・泰拉)","Reimu（博丽灵梦）","Remilia（蕾米莉亚）","RumiaBox-露米娅的神秘盒子","StSLib","The Administrix","The Alterego","TheSwordswoman","Waifu the Spire","Youmu（魂魄妖梦）","Yuyuko","vexMod","【东方二次创作】八云紫mod"],"gold_per_floor":[114,126,126,143,162,162,88,103,103,137,137,137,37,37,37],"floor_reached":14,"playtime":910,"items_purged":[],"score":90,"play_id":"2fdcea1d-6de0-45c6-ab49-1c6fc830bb6f","local_time":"20201223144952","is_ascension_mode":false,"campfire_choices":[{"data":"AdministrixMod:Convergence","floor":6.0,"key":"SMITH"},{"floor":12,"key":"REST"}],"circlet_count":0,"master_deck":["AdministrixMod:Strike_Administrix","AdministrixMod:Strike_Administrix","AdministrixMod:Strike_Administrix","AdministrixMod:Strike_Administrix","AdministrixMod:RedCloak","AdministrixMod:Defend_Administrix","AdministrixMod:Defend_Administrix+1","AdministrixMod:Defend_Administrix","AdministrixMod:Defend_Administrix","AdministrixMod:BlueCloak","AdministrixMod:Metempsychosis","Gensokyo:CrescentMoonSlash","AdministrixMod:ChooseYourEnd","AdministrixMod:Convergence+1","AdministrixMod:HiddenPower","AdministrixMod:LightOfYourLife+1","AdministrixMod:BloodlessSapphire"],"relics":["AdministrixMod:ConductorRitualBaton","Bottled Flame","War Paint","Eternal Feather"],"acts_visited":[],"potions_floor_usage":[],"damage_taken":[{"damage":0.0,"enemies":"Gensokyo:3_Fairies","floor":1.0,"turns":3.0},{"damage":6.0,"enemies":"Gensokyo:Gryphon","floor":2.0,"turns":4.0},{"damage":0.0,"enemies":"Gensokyo:2_Kodama","floor":4.0,"turns":3.0},{"damage":2.0,"enemies":"Gensokyo:VengefulSpirit","floor":5.0,"turns":3.0},{"damage":9.0,"enemies":"Gensokyo:2_Rabbits","floor":8.0,"turns":5.0},{"damage":8.0,"enemies":"Gensokyo:Aya","floor":10.0,"turns":7.0},{"damage":4,"enemies":"Gensokyo:Mamizou","floor":14,"turns":4}],"seed_played":"904188983060555268","potions_obtained":[{"floor":4.0,"key":"EntropicBrew"},{"floor":5.0,"key":"LiquidBronze"},{"floor":8.0,"key":"Energy Potion"}],"is_trial":false,"path_per_floor":["M","M","?","M","M","R","$","M","T","E","$","R","?","E"],"character_chosen":"TheAdministrix","items_purchased":["AdministrixMod:HiddenPower"],"campfire_rested":1,"item_purchase_floors":[7],"current_hp_per_floor":[71,65,58,58,56,56,56,47,47,39,39,60,60,60,60],"gold":37,"neow_bonus":"TEN_PERCENT_HP_BONUS","is_daily":false,"chose_seed":false,"campfire_upgraded":1,"win_rate":0.0,"timestamp":1608706192,"path_taken":["M","?","?","?","M","R","?","M","T","E","$","R","?","E"],"items_purchased_type":["Card"],"build_version":"2020-12-22","purchased_purges":0,"victory":false,"max_hp_per_floor":[71,71,71,71,71,71,71,71,71,71,71,71,71,71,71],"card_choices":[{"not_picked":["AdministrixMod:CrackingPangu","AdministrixMod:ReachToHeaven","AdministrixMod:PlateOfAntiquity"],"picked":"SKIP","floor":1.0},{"not_picked":["AdministrixMod:Katabasis","AdministrixMod:XianArts"],"picked":"AdministrixMod:Metempsychosis","floor":2.0},{"not_picked":["AdministrixMod:Katabasis","AdministrixMod:FuneraryRites"],"picked":"AdministrixMod:ChooseYourEnd","floor":4.0},{"not_picked":["AdministrixMod:SyncreticPlunge","AdministrixMod:SipOfSparks"],"picked":"AdministrixMod:Convergence","floor":5.0},{"not_picked":["AdministrixMod:RegentEdict","AdministrixMod:TouchOfCinnabar"],"picked":"AdministrixMod:LightOfYourLife","floor":8.0},{"not_picked":["AdministrixMod:Mastermind","AdministrixMod:FuneraryRites"],"picked":"AdministrixMod:BloodlessSapphire","floor":10.0}],"player_experience":210909,"relics_obtained":[{"floor":9.0,"key":"Bottled Flame"},{"floor":10.0,"key":"War Paint"}],"event_choices":[],"is_beta":false,"boss_relics":[],"items_purged_floors":[],"is_endless":false,"potions_floor_spawned":[4,5,8],"killed_by":"Gensokyo:Mamizou","ascension_level":0}}