{"host":"dg4gjf59t1vfq5sj","time":1608742319,"event":{"mods":["AchievementEnabler","BaseMod","Better Third Choice","Colored Powertips","Downfall","Force Act Four","Minty Spire (QoL Compilation)","Permanent Neow","Potionbrewer","StSLib","The Necromancer","The Runesmith","The Sage","The Servant 0.9.4"],"gold_per_floor":[20,35,35,50,50,50,64,64,132,22,42,58,68,82,82,181,181,193,209,209,52,52,52,66,66,66,82,82,82,98,110,110,212,212,229,49,60,79,0,0,20,20,20,20,20,20,20],"floor_reached":46,"playtime":3447,"items_purged":["Decay","Defend_P"],"score":441,"play_id":"2caf9d74-cebd-4075-acda-85d6102f3f54","local_time":"20201223105159","is_ascension_mode":false,"campfire_choices":[{"data":"Eruption","floor":6,"key":"SMITH"},{"data":"Worship","floor":8,"key":"SMITH"},{"floor":15,"key":"REST"},{"data":"Study","floor":23,"key":"SMITH"},{"data":"Adaptation","floor":25,"key":"SMITH"},{"data":"Vigilance","floor":28,"key":"SMITH"},{"data":"DevaForm","floor":32,"key":"SMITH"},{"floor":40,"key":"REST"},{"floor":42,"key":"REST"}],"circlet_count":0,"master_deck":["Strike_P","Strike_P","Defend_P","Eruption+1","Vigilance+1","ClearTheMind","Crescendo","Worship+1","Adaptation+1","Study+1","Prostrate","Brilliance","Prostrate+1","LikeWater","Prostrate+1","DevaForm+1","Establishment","CarveReality","Finesse"],"relics":["HolyWater","Matryoshka","TheAbacus","Runesmith:AutoHammer","Peace Pipe","Empty Cage","Red Mask","Oddly Smooth Stone","sagemod:Red_Beast_Statue"],"acts_visited":["Exordium","TheCity","TheBeyond"],"potions_floor_usage":[11,13,16,24,27,33],"damage_taken":[{"damage":3,"enemies":"2 Louse","floor":1,"turns":3},{"damage":0,"enemies":"Small Slimes","floor":2,"turns":3},{"damage":1,"enemies":"Cultist","floor":4,"turns":3},{"damage":0,"enemies":"3 Louse","floor":7,"turns":3},{"damage":20,"enemies":"Exordium Thugs","floor":11,"turns":4},{"damage":5,"enemies":"Looter","floor":12,"turns":4},{"damage":18,"enemies":"Gremlin Gang","floor":13,"turns":4},{"damage":13,"enemies":"Exordium Thugs","floor":14,"turns":5},{"damage":31,"enemies":"The Guardian","floor":16,"turns":11},{"damage":9,"enemies":"3 Byrds","floor":18,"turns":5},{"damage":0,"enemies":"Chosen","floor":19,"turns":4},{"damage":7,"enemies":"Snecko","floor":24,"turns":4},{"damage":24,"enemies":"Snake Plant","floor":27,"turns":4},{"damage":6,"enemies":"Centurion and Healer","floor":30,"turns":6},{"damage":7,"enemies":"Sentry and Sphere","floor":31,"turns":5},{"damage":4,"enemies":"Champ","floor":33,"turns":8},{"damage":13,"enemies":"Orb Walker","floor":35,"turns":3},{"damage":12,"enemies":"3 Shapes","floor":37,"turns":5},{"damage":32,"enemies":"Spire Growth","floor":38,"turns":5},{"damage":41,"enemies":"Sphere and 2 Shapes","floor":41,"turns":7},{"damage":35,"enemies":"Transient","floor":46,"turns":2}],"seed_played":"-5326540636328745455","potions_obtained":[{"floor":4,"key":"potionbrewer:ToxicPotion"},{"floor":12,"key":"BlessingOfTheForge"},{"floor":14,"key":"Block Potion"},{"floor":16,"key":"BlessingOfTheForge"},{"floor":24,"key":"ColorlessPotion"},{"floor":27,"key":"SteroidPotion"},{"floor":33,"key":"Ambrosia"},{"floor":38,"key":"potionbrewer:CleansingPotion"},{"floor":41,"key":"LiquidMemories"}],"is_trial":false,"path_per_floor":["M","M","?","M","?","R","M","R","T","$","M","M","M","M","R","B",null,"M","M","?","$","$","R","M","R","T","M","R","?","M","M","R","B",null,"M","$","M","M","?","R","M","R","T","?","$","M"],"character_chosen":"WATCHER","items_purchased":["Adaptation","TheAbacus","CarveReality"],"campfire_rested":3,"item_purchase_floors":[10,21,36],"current_hp_per_floor":[69,69,74,73,73,73,73,73,73,73,53,48,30,17,40,9,77,68,68,68,68,68,68,61,61,61,37,37,37,31,24,24,20,77,64,64,52,20,20,43,2,25,25,25,25,0,0],"gold":20,"neow_bonus":"REMOVE_TWO","is_daily":false,"chose_seed":false,"campfire_upgraded":6,"win_rate":0.0,"timestamp":1608742319,"path_taken":["M","M","?","M","?","R","M","R","T","$","?","M","M","M","R","BOSS","M","M","?","?","$","R","M","R","T","M","R","?","?","M","R","BOSS","M","$","?","M","?","R","M","R","T","?","$","M"],"items_purchased_type":["Card","Relic","Card"],"build_version":"2020-12-22","purchased_purges":2,"victory":false,"max_hp_per_floor":[72,72,77,77,77,77,77,77,77,77,77,77,77,77,77,77,77,77,77,77,77,77,77,77,77,77,77,77,77,77,77,77,77,77,77,77,77,77,77,77,77,77,77,77,77,77,77],"card_choices":[{"not_picked":["EmptyBody","Protect"],"picked":"ClearTheMind","floor":1},{"not_picked":["Consecrate","FollowUp"],"picked":"Crescendo","floor":2},{"not_picked":["Vengeance","SashWhip","Sanctity"],"picked":"SKIP","floor":4},{"not_picked":["ReachHeaven","EmptyBody"],"picked":"Worship","floor":7},{"not_picked":["Wish","SashWhip"],"picked":"Study","floor":11},{"not_picked":["Swivel","DeceiveReality","PathToVictory"],"picked":"SKIP","floor":12},{"not_picked":["SashWhip","CutThroughFate"],"picked":"Prostrate","floor":13},{"not_picked":["Omniscience","CutThroughFate","SashWhip"],"picked":"SKIP","floor":14},{"not_picked":["Omniscience","MasterReality"],"picked":"Brilliance","floor":16},{"not_picked":["Protect","ThirdEye+1","Swivel"],"picked":"SKIP","floor":18},{"not_picked":["Consecrate","DeceiveReality","WheelKick"],"picked":"SKIP","floor":19},{"not_picked":["ThirdEye","Consecrate"],"picked":"Prostrate+1","floor":24},{"not_picked":["Evaluate","Worship"],"picked":"LikeWater","floor":27},{"not_picked":["Protect","Adaptation+1","FearNoEvil"],"picked":"SKIP","floor":30},{"not_picked":["FlurryOfBlows","PathToVictory"],"picked":"DevaForm","floor":31},{"not_picked":["DevaForm","Brilliance"],"picked":"Establishment","floor":33},{"not_picked":["Halt","Nirvana+1","ClearTheMind"],"picked":"SKIP","floor":35},{"not_picked":["EmptyFist+1","CutThroughFate+1","Pray"],"picked":"SKIP","floor":37},{"not_picked":["ClearTheMind+1","FearNoEvil+1","Crescendo"],"picked":"SKIP","floor":38},{"not_picked":["Evaluate+1","WreathOfFlame+1","Protect+1"],"picked":"SKIP","floor":41},{"not_picked":["Thinking Ahead","Deep Breath"],"picked":"Finesse","floor":44}],"player_experience":285298,"relics_obtained":[{"floor":9,"key":"Matryoshka"},{"floor":26,"key":"Runesmith:AutoHammer"},{"floor":26,"key":"Peace Pipe"},{"floor":43,"key":"Oddly Smooth Stone"},{"floor":43,"key":"sagemod:Red_Beast_Statue"}],"event_choices":[{"damage_healed":0,"gold_gain":0,"player_choice":"Donut","damage_taken":0,"max_hp_gain":5,"max_hp_loss":0,"event_name":"Big Fish","floor":3,"gold_loss":0},{"damage_healed":0,"gold_gain":0,"player_choice":"Cursed","damage_taken":0,"max_hp_gain":0,"max_hp_loss":0,"event_name":"Wheel of Change","floor":5,"gold_loss":0,"cards_obtained":["Decay"]},{"damage_healed":0,"gold_gain":0,"player_choice":"Ignored","damage_taken":0,"max_hp_gain":0,"max_hp_loss":0,"event_name":"Transmorgrifier","floor":20,"gold_loss":0},{"damage_healed":0,"gold_gain":0,"player_choice":"Copied","damage_taken":0,"max_hp_gain":0,"max_hp_loss":0,"event_name":"Duplicator","floor":29,"gold_loss":0,"cards_obtained":["Prostrate"]},{"damage_healed":0,"gold_gain":0,"player_choice":"Paid","damage_taken":0,"relics_obtained":["Red Mask"],"max_hp_gain":0,"max_hp_loss":0,"event_name":"Tomb of Lord Red Mask","floor":39,"gold_loss":79},{"damage_healed":0,"gold_gain":0,"player_choice":"Memory 1","damage_taken":0,"max_hp_gain":0,"max_hp_loss":0,"event_name":"SensoryStone","floor":44,"gold_loss":0}],"is_beta":false,"boss_relics":[{"not_picked":["Black Star","Calling Bell"],"picked":"HolyWater"},{"not_picked":["Sozu","Runesmith:UraniumAnvil"],"picked":"Empty Cage"}],"items_purged_floors":[10,36],"is_endless":false,"potions_floor_spawned":[4,12,14,16,24,27,33,38,41],"killed_by":"Transient","ascension_level":0}}