{"host":"ymw71f7rc9ndansy","time":1608731975,"event":{"mods":["ATMod(阿瑾Mod)","Act Like it!","Aspiration","BaseMod","DeckTracker","Hubris","Library of Ruina","Library of Ruina Extra","Minty Spire (QoL Compilation)","MostiFishMod","Remove Card Discount Mod","Replay The Spire","StSLib","TestMod","【遗物卡牌】REMEMod","残留之物"],"gold_per_floor":[11,1,81,81,108,104,129,129,129,162,176,203,215,215,293,293,312,312,312,322,651,633,633,633,633,649,649,649,726,726,743,743,743,770,770,770,801,819,746,746,746,735,738,738,738,738,771,776],"floor_reached":57,"playtime":1214,"items_purged":["Barricade","LightAttack","FocusedStrikes","LightAttack","Dodge","LightAttack","ChargeAndCover","LightDefense","LightDefense","AT_FamilyPortrait+1","LightDefense","LightDefense","Unlock1","ToOvercomeCrisis+1","InkOver","SteelKnuckles"],"score":2293,"play_id":"9bceb5cf-a909-4b65-8431-f993e5fe5c2e","local_time":"20201223215935","is_ascension_mode":true,"campfire_choices":[{"data":"Reload","floor":10,"key":"SMITH"},{"data":"AT_FamilyPortrait","floor":15,"key":"SMITH"},{"data":"testmod-Bloodthirsty","floor":25,"key":"SMITH"},{"floor":32,"key":"RECALL"},{"data":"FrontalAssault","floor":49,"key":"SMITH"}],"circlet_count":0,"master_deck":["AscendersBane","Reload+1","Reload+1","Faith+1","testmod-Bloodthirsty+1","FrontalAssault+1","testmod-Reverberation"],"relics":["PageOfLibrarian","testmod-TestBox","DaveBox","REME_ComplimentaryCards","AT_ATBox","DiscerningMonocle","testmod-IntensifyImprint","hubris:Teleporter","hubris:CrystalStatue","DollysMirror","AT_ForceNature","Centennial Puzzle","AT_SeraphEmbrace","AT_RedTearstoneRing","Chemical X","Shuriken","DianPoetry","War Paint","testmod-Nine","hubris:Towel","HandDrill","Ginger","PageOfBloodbath","Old Coin","ReplayTheSpireMod:TigerMarble","testmod-Hope","TimeKeys","testmod-TheFather","Lee\u0027s Waffle","Art of War","PageOfTodaysShyLook","Pantograph","Happy Flower","PageOfGreed","REME_OnlineShoppingPlatform","Garlic","ReplayTheSpireMod:Lightbulb","BirthdayGift-Tetrahedron","Bronze Scales","PageOfPorccubus","PageOfTheQueenOfHatred"],"acts_visited":["Exordium","TheCity","TheBeyond","TheEnding"],"potions_floor_usage":[8,8,23,50],"damage_taken":[{"damage":15.0,"enemies":"Cultist","floor":1.0,"turns":5.0},{"damage":0,"enemies":"Gremlin Nob","floor":6,"turns":2},{"damage":10,"enemies":"3 Sentries","floor":8,"turns":2},{"damage":0,"enemies":"Gremlin Nob","floor":11,"turns":1},{"damage":2,"enemies":"Jaw Worm","floor":12,"turns":2},{"damage":0,"enemies":"3 Sentries","floor":13,"turns":2},{"damage":0,"enemies":"Small Slimes","floor":14,"turns":2},{"damage":0,"enemies":"The Guardian","floor":16,"turns":4},{"damage":0,"enemies":"2 Thieves","floor":18,"turns":1},{"damage":0,"enemies":"Shell Parasite","floor":21,"turns":1},{"damage":0,"enemies":"Slavers","floor":23,"turns":2},{"damage":9,"enemies":"Centurion and Healer","floor":28,"turns":3},{"damage":92,"enemies":"KingOfGreed","floor":33,"turns":5},{"damage":9,"enemies":"3 Shapes","floor":35,"turns":4},{"damage":0,"enemies":"R_Hoarder","floor":40,"turns":2},{"damage":0,"enemies":"Nemesis","floor":45,"turns":1},{"damage":0,"enemies":"3 Darklings","floor":46,"turns":1},{"damage":22,"enemies":"Replay:Hell Engine","floor":50,"turns":2},{"damage":0,"enemies":"Replay:Hell Engine","floor":51,"turns":4},{"damage":0,"enemies":"Shield and Spear","floor":55,"turns":1},{"damage":4,"enemies":"The Heart","floor":56,"turns":1}],"seed_played":"-5661315794209468483","potions_obtained":[{"floor":1.0,"key":"Toxic Potion"},{"floor":8,"key":"GamblersBrew"},{"floor":11,"key":"testmod-TimePotion"},{"floor":33,"key":"testmod-EscapePotion"},{"floor":46,"key":"testmod-SpacePotion"}],"is_trial":false,"path_per_floor":["M","$","?","T","E","$","E","T","R","E","M","E","M","R","B",null,"M","?","$","M","E","$","R","T","?","M","?","R","B",null,"M","?","?","E","$","T","E","M","?","$","R","B",null,null,"R","$","E","B",null],"character_chosen":"Librarian","items_purchased":["hubris:CrystalStatue","SteelKnuckles","DollysMirror","AT_ArchangelStaff","AT_RedTearstoneRing","Chemical X","testmod-EscapePotion","ToOvercomeCrisis","HandDrill","Ginger","PageOfBloodbath","Faith","ReplayTheSpireMod:TigerMarble","testmod-Bloodthirsty","Lee\u0027s Waffle","Art of War","PageOfTodaysShyLook","REME_OnlineShoppingPlatform","Garlic","ReplayTheSpireMod:Lightbulb","BirthdayGift-Tetrahedron","Bronze Scales","PageOfPorccubus","testmod-Reverberation"],"campfire_rested":0,"item_purchase_floors":[3,3,3,7,7,7,7,7,20,20,20,20,24,24,41,41,41,48,48,48,54,54,54,54],"current_hp_per_floor":[39,39,39,39,39,39,29,29,29,29,27,27,27,27,27,171,54,54,54,54,54,54,54,54,54,74,74,74,219,219,101,101,101,219,226,226,56,56,56,56,56,134,226,226,226,226,56,77],"gold":776,"neow_bonus":"ONE_RARE_RELIC","is_daily":false,"chose_seed":false,"campfire_upgraded":4,"win_rate":0.0,"timestamp":1608731975,"path_taken":["M","$","?","?","E","$","E","T","R","E","M","E","M","R","BOSS","M","?","$","M","E","$","R","T","?","M","?","R","BOSS","M","?","?","E","$","T","E","?","?","$","R","BOSS","R","$","E","BOSS"],"items_purchased_type":["Relic","Card","Relic","Relic","Relic","Relic","Potion","Card","Relic","Relic","Relic","Card","Relic","Card","Relic","Relic","Relic","Relic","Relic","Relic","Relic","Relic","Relic","Card"],"build_version":"2020-12-22","purchased_purges":16,"victory":true,"max_hp_per_floor":[71,71,71,71,71,71,71,71,71,71,201,89,89,89,219,219,219,219,219,219,219,219,219,219,219,219,219,219,219,219,219,219,219,219,226,226,226,226,226,226,226,226,226,226,226,226,226,226],"card_choices":[{"not_picked":["GuardingStance","StrongStrike","WillOfThePrescript"],"picked":"Reload","floor":1.0},{"not_picked":["DarkCloud","Faith","Transpierce"],"picked":"Unlock1","floor":6},{"not_picked":["AssaultOrder","SpearedSweep","BlowItUp","Eject"],"picked":"SKIP","floor":8},{"not_picked":["GuidanceOfTheGears","SomberProcuration","SpearedSweep"],"picked":"InkOver","floor":11},{"not_picked":["SpearedSweep","SuppressingShot","Pound","Reload"],"picked":"SKIP","floor":12},{"not_picked":["Pound","Bvapour","Unlock1","SunsetBlade"],"picked":"SKIP","floor":13},{"not_picked":["Struggle","Unlock1","BlowItUp","ShockRound"],"picked":"SKIP","floor":14},{"not_picked":["Multislash","HandleRequest+1","EndlessBattle+1","SparkingSpear"],"picked":"SKIP","floor":18},{"not_picked":["FocusFire","Pound","SunsetBlade+1","ChopItOff"],"picked":"SKIP","floor":21},{"not_picked":["WillOfThePrescript","BoundaryOfDeath","SomberProcuration","GuardingStance+1"],"picked":"SKIP","floor":23},{"not_picked":["SuppressingShot","ExtremeEdge","DarkCloud","ToWhereThePrescriptPoints"],"picked":"SKIP","floor":28},{"not_picked":["LoosenUp","MultiBlock+1","StartinOutLightly","HandleRequest+1"],"picked":"SKIP","floor":35},{"not_picked":["Brawl","ExtremeEdge+1","EndlessBattle","StrongStrike"],"picked":"SKIP","floor":40},{"not_picked":["FrontalAssault","SparkingSpear","DefenseOrder","FleetEdge+1"],"picked":"SKIP","floor":45},{"not_picked":["SparkingSpear","DefenseOrder","FleetEdge+1"],"picked":"FrontalAssault","floor":45},{"not_picked":["SweepTheBackstreets","EndlessBattle","SomberProcuration","StrongStrike"],"picked":"SKIP","floor":46},{"not_picked":["Multislash+1","SpearedSweep","ExtremeEdge","SuppressingShot+1"],"picked":"SKIP","floor":55}],"player_experience":980435,"relics_obtained":[{"floor":5,"key":"AT_ForceNature"},{"floor":6,"key":"Centennial Puzzle"},{"floor":8,"key":"Shuriken"},{"floor":11,"key":"DianPoetry"},{"floor":13,"key":"War Paint"},{"floor":23,"key":"Old Coin"},{"floor":26,"key":"testmod-Hope"},{"floor":40,"key":"testmod-TheFather"},{"floor":43,"key":"Pantograph"},{"floor":45,"key":"Happy Flower"},{"floor":55,"key":"PageOfTheQueenOfHatred"}],"event_choices":[{"damage_healed":0,"gold_gain":0,"player_choice":"Ignored","damage_taken":0,"max_hp_gain":0,"max_hp_loss":0,"event_name":"给自己的盒子","floor":30,"gold_loss":0},{"damage_healed":0,"gold_gain":0,"player_choice":"Ignored","damage_taken":0,"max_hp_gain":0,"max_hp_loss":0,"event_name":"Tomb of Lord Red Mask","floor":37,"gold_loss":0},{"damage_healed":0,"gold_gain":0,"player_choice":"Ignored","damage_taken":0,"max_hp_gain":0,"max_hp_loss":0,"event_name":"Purifier","floor":39,"gold_loss":0},{"damage_healed":0,"gold_gain":0,"player_choice":"Paid Gold","damage_taken":0,"relics_obtained":["PageOfGreed"],"max_hp_gain":0,"max_hp_loss":0,"event_name":"WeMeetAgain","floor":47,"gold_loss":73}],"is_beta":false,"boss_relics":[{"not_picked":["aspiration:RunicSpoon","ChewingGum"],"picked":"testmod-Nine"},{"not_picked":["ExusiaiGun","aspiration:IroncladSkillbook"],"picked":"TimeKeys"}],"items_purged_floors":[3,3,3,3,3,7,7,24,24,24,24,24,24,24,24,24],"is_endless":false,"potions_floor_spawned":[1,8,11,14,21,33,40,46,55],"ascension_level":19}}