{"host":"k5ezbu40hxyit46v","time":1608708153,"event":{"mods":["Act Like it!","Aspiration","Astrologer","BaseMod","BetterRewards","Conspire","DeckTracker","Energized Spire","Googly Eyes","Halation","HexUI Lib","Highlight Path","Hubris","Infinite Spire","Jedi Mod","Mad Scientist","Marisa????????","Minty Spire (QoL Compilation)","Quarter Circle Forward PUNCH!","Quick Restart","Replay The Spire","Reworked Bosses","Shop Mod","Spikes Relics","StSLib","The Administrix","The Awakened One except there are too many feathers","The Bladedancer","The Cursed","The IronCluck","The Servant 0.9.4","The Wild Card","everything is the same but u backflip on backflip","slay the spire mod where everything is the same but ironclad has a cowboy hat","vexMod"],"gold_per_floor":[115,115,131,131,156,156,175,210,210,241,241,259,287,303,303,380,380,398,428,428,428,441,461,476,476,504,514,514,539,539,554,130,161,161,237,237,255,275,333,333,351,351,381,381,406,406,459,472,487,505,505,505],"floor_reached":53,"playtime":2222,"items_purged":["Pain"],"score":1891,"play_id":"9f73f521-0343-4e52-bb56-ceae8462b5e5","local_time":"20201223022233","is_ascension_mode":true,"campfire_choices":[{"data":"Eruption","floor":6.0,"key":"SMITH"},{"data":"BowlingBash","floor":11.0,"key":"SMITH"},{"data":"Prostrate","floor":15.0,"key":"SMITH"},{"data":"Devotion","floor":25.0,"key":"SMITH"},{"data":"ReplayUltimateDefense","floor":34.0,"key":"SMITH"},{"data":"LikeWater","floor":42.0,"key":"SMITH"},{"data":"LikeWater","floor":44.0,"key":"SMITH"},{"data":"Defend_P","floor":46.0,"key":"SMITH"},{"floor":51.0,"key":"REST"}],"circlet_count":0,"master_deck":["AscendersBane","Strike_P","Strike_P","Strike_P+1","Strike_P","Defend_P","Defend_P","Defend_P","Defend_P+1","Eruption+1","Vigilance","Prostrate+1","theWildCard:Polydeuces+1","EmptyBody","BowlingBash+1","Judgement","WheelKick","FlurryOfBlows","LikeWater+1","Devotion+1","ShootTheMoon","LikeWater+1","CollectingQuirk","ReplayUltimateDefense+1","DevaForm"],"relics":["PureWater","NeowsBlessing","qcfpunch:Wrestler\u0027s_Cloak","ReplayFunnel","hubris:SphereOfDissonance","aspiration:StickyExplosives_weak","LugNut","aspiration:MarisaSkillbook","Red Mask","vexMod:MemoryStick","jedi:heavyjacket","Replay:Baseball","WarpedTongs","Pen Nib","Replay:Mystery Machine","aspiration:PoetsPen_weak","vexMod:BarristanHead","hubris:TinFlute","aspiration:HiddenCompartment","CatCart"],"acts_visited":["Exordium","TheCity","TheBeyond"],"potions_floor_usage":[52,52],"damage_taken":[{"damage":0.0,"enemies":"Jaw Worm","floor":1.0,"turns":1.0},{"damage":0.0,"enemies":"Small Slimes","floor":3.0,"turns":1.0},{"damage":0.0,"enemies":"2 Louse","floor":7.0,"turns":1.0},{"damage":8.0,"enemies":"Gremlin Nob","floor":8.0,"turns":3.0},{"damage":0.0,"enemies":"3 Sentries","floor":10.0,"turns":10.0},{"damage":0.0,"enemies":"Large Slime","floor":12.0,"turns":3.0},{"damage":0.0,"enemies":"Lagavulin","floor":13.0,"turns":3.0},{"damage":0.0,"enemies":"Blue Slaver","floor":14.0,"turns":2.0},{"damage":0.0,"enemies":"The Guardian","floor":16.0,"turns":14.0},{"damage":0.0,"enemies":"2 Thieves","floor":18.0,"turns":2.0},{"damage":1.0,"enemies":"Masked Bandits","floor":19.0,"turns":3.0},{"damage":0.0,"enemies":"Shell Parasite","floor":22.0,"turns":2.0},{"damage":0.0,"enemies":"3 Cultists","floor":23.0,"turns":4.0},{"damage":0.0,"enemies":"Snake Plant","floor":24.0,"turns":3.0},{"damage":0.0,"enemies":"Slavers","floor":26.0,"turns":5.0},{"damage":5.0,"enemies":"Shelled Parasite and Fungi","floor":27.0,"turns":5.0},{"damage":0.0,"enemies":"Gremlin Leader","floor":29.0,"turns":5.0},{"damage":0.0,"enemies":"Centurion and Healer","floor":31.0,"turns":2.0},{"damage":0.0,"enemies":"Book of Stabbing","floor":33.0,"turns":3.0},{"damage":8.0,"enemies":"hubris:MusketHawk","floor":35.0,"turns":7.0},{"damage":0.0,"enemies":"Orb Walker","floor":37.0,"turns":3.0},{"damage":0.0,"enemies":"3 Shapes","floor":38.0,"turns":2.0},{"damage":0.0,"enemies":"Spire Growth","floor":41.0,"turns":5.0},{"damage":15.0,"enemies":"Nemesis","floor":43.0,"turns":5.0},{"damage":0.0,"enemies":"Orin","floor":47.0,"turns":6.0},{"damage":17.0,"enemies":"Transient","floor":48.0,"turns":6.0},{"damage":0.0,"enemies":"Sphere and 2 Shapes","floor":49.0,"turns":3.0},{"damage":2.0,"enemies":"4 Shapes","floor":50.0,"turns":8.0},{"damage":25,"enemies":"infinitespire:MassOfShapes","floor":52,"turns":11}],"seed_played":"-8284925615020709463","potions_obtained":[{"floor":1.0,"key":"SmokeBomb"},{"floor":3.0,"key":"SteroidPotion"},{"floor":8.0,"key":"BottledMiracle"},{"floor":12.0,"key":"SteroidPotion"},{"floor":18.0,"key":"BottledMiracle"},{"floor":19.0,"key":"Energy Potion"},{"floor":27.0,"key":"jedi:wingpotion"},{"floor":38.0,"key":"Elixir"},{"floor":39.0,"key":"EssenceOfSteel"},{"floor":41.0,"key":"Regen Potion"},{"floor":48.0,"key":"Adrenaline Potion"},{"floor":49.0,"key":"PowerPotion"}],"is_trial":false,"path_per_floor":["M","?","M","?","T","R","M","E","T","E","R","M","E","M","R","B",null,"M","?","PTL","PTL","M","M","M","R","E","M","T","E","?","M","$","E","R","B",null,"M","M","?","?","M","R","E","R","T","R","?","M","M","M","R","B",null],"character_chosen":"WATCHER","items_purchased":["Pen Nib","ReplayUltimateDefense"],"campfire_rested":1,"item_purchase_floors":[32,32],"current_hp_per_floor":[61,61,61,41,41,41,41,33,33,33,33,33,33,33,33,33,59,59,58,58,58,58,58,58,58,58,53,53,53,53,53,53,53,53,45,62,62,62,40,36,36,36,35,35,35,35,35,18,18,16,36,11],"gold":505,"neow_bonus":"THREE_ENEMY_KILL","is_daily":false,"chose_seed":false,"campfire_upgraded":8,"win_rate":0.0,"timestamp":1608708153,"path_taken":["M","?","M","?","?","R","M","E","T","E","R","M","E","M","R","BOSS","M","?","PTL","PTL","M","M","M","R","E","M","T","E","?","?","$","E","R","BOSS","M","M","?","?","M","R","E","R","T","R","?","M","M","M","R","BOSS"],"items_purchased_type":["Relic","Card"],"build_version":"2020-12-13","purchased_purges":1,"victory":true,"max_hp_per_floor":[68,68,68,68,68,68,68,68,68,68,68,68,68,68,68,68,68,68,68,68,68,68,68,68,68,68,68,68,68,68,68,68,68,68,68,68,68,68,68,68,68,68,68,68,68,68,68,68,68,68,68,68],"card_choices":[{"not_picked":["EmptyBody","Protect"],"picked":"Prostrate","floor":1.0},{"not_picked":["Evaluate","Crescendo"],"picked":"EmptyBody","floor":3.0},{"not_picked":["Replay:Battleflow","EmptyMind"],"picked":"BowlingBash","floor":7.0},{"not_picked":["Replay:BluntJabs","Wallop"],"picked":"Judgement","floor":8.0},{"not_picked":["FlyingSleeves","CutThroughFate","Replay:ManipulateFuture"],"picked":"SKIP","floor":10.0},{"not_picked":["Replay:AtTheReady","Protect"],"picked":"WheelKick","floor":12.0},{"not_picked":["Tantrum","Scrawl"],"picked":"FlurryOfBlows","floor":13.0},{"not_picked":["WindmillStrike","WaveOfTheHand"],"picked":"LikeWater","floor":14.0},{"not_picked":["Omniscience","Replay:LoomingThreat"],"picked":"Devotion","floor":16.0},{"not_picked":["WitchOfGreed","6A","UnstableBomb","ClearTheMind"],"picked":"SKIP","floor":18.0},{"not_picked":["Worship","ClearTheMind","GalacticHalo"],"picked":"ShootTheMoon","floor":19.0},{"not_picked":["ShootTheMoon+1","Evaluate","AsteroidBelt","Protect"],"picked":"SKIP","floor":22.0},{"not_picked":["Acceleration","Replay:BluntJabs","SporeBomb","BowlingBash"],"picked":"SKIP","floor":23.0},{"not_picked":["Perseverance","Judgement","ChargingUp","Robbery"],"picked":"SKIP","floor":24.0},{"not_picked":["PathToVictory","Tantrum+1","FollowUp","JustLucky"],"picked":"SKIP","floor":26.0},{"not_picked":["Pray","Occultation","MysteriousBeam"],"picked":"LikeWater","floor":27.0},{"not_picked":["Evaluate","FlyingSleeves+1","Fasting2+1"],"picked":"CollectingQuirk","floor":29.0},{"not_picked":["DeepEcoloBomb","IllusionStar+1","MilkyWay","SporeBomb"],"picked":"SKIP","floor":31.0},{"not_picked":["Consecrate","CrushJoints","Meditate+1","EnergyRecoil"],"picked":"SKIP","floor":33.0},{"not_picked":["Scrawl","Judgement","Vault"],"picked":"DevaForm","floor":35.0},{"not_picked":["Nirvana","ForeignInfluence","MagicChant","Singularity"],"picked":"SKIP","floor":37.0},{"not_picked":["DoubleSpark","6A","IllusionStar","ThirdEye"],"picked":"SKIP","floor":38.0},{"not_picked":["DoubleSpark","EmptyFist+1","UnstableBomb","ThirdEye"],"picked":"SKIP","floor":41.0},{"not_picked":["Establishment","Tantrum","Prostrate","OpenUniverse"],"picked":"SKIP","floor":43.0},{"not_picked":["Perseverance","6A+1","NonDirectionalLaser+1","LuminesStrike+1"],"picked":"SKIP","floor":48.0},{"not_picked":["MasterReality","Crescendo","SporeBomb","FlurryOfBlows"],"picked":"SKIP","floor":49.0},{"not_picked":["Replay:AtTheReady","SashWhip","ChargingUp","SandsOfTime"],"picked":"SKIP","floor":50.0}],"player_experience":1218024,"relics_obtained":[{"floor":5.0,"key":"qcfpunch:Wrestler\u0027s_Cloak"},{"floor":8.0,"key":"ReplayFunnel"},{"floor":9.0,"key":"hubris:SphereOfDissonance"},{"floor":10.0,"key":"aspiration:StickyExplosives_weak"},{"floor":13.0,"key":"LugNut"},{"floor":19.0,"key":"Red Mask"},{"floor":26.0,"key":"vexMod:MemoryStick"},{"floor":28.0,"key":"jedi:heavyjacket"},{"floor":29.0,"key":"Replay:Baseball"},{"floor":33.0,"key":"Replay:Mystery Machine"},{"floor":39.0,"key":"vexMod:BarristanHead"},{"floor":43.0,"key":"hubris:TinFlute"},{"floor":45.0,"key":"aspiration:HiddenCompartment"},{"floor":47.0,"key":"CatCart"}],"event_choices":[{"damage_healed":0.0,"max_hp_gain":0.0,"max_hp_loss":0.0,"gold_gain":0.0,"event_name":"Shining Light","player_choice":"Entered Light","floor":4.0,"gold_loss":0.0,"damage_taken":20.0,"cards_upgraded":["Strike_P","theWildCard:Polydeuces"]},{"damage_healed":0.0,"max_hp_gain":0.0,"max_hp_loss":0.0,"gold_gain":0.0,"event_name":"Masked Bandits","player_choice":"Fought Bandits","floor":19.0,"gold_loss":0.0,"damage_taken":0.0},{"damage_healed":0.0,"max_hp_gain":0.0,"max_hp_loss":0.0,"gold_gain":0.0,"event_name":"Accursed Blacksmith","player_choice":"Rummage","floor":30.0,"gold_loss":0.0,"damage_taken":0.0,"relics_obtained":["WarpedTongs"],"cards_obtained":["Pain"]},{"damage_healed":0.0,"max_hp_gain":0.0,"max_hp_loss":0.0,"gold_gain":0.0,"event_name":"conspire:Investor","player_choice":"Leave","floor":40.0,"gold_loss":0.0,"damage_taken":0.0},{"damage_healed":0.0,"max_hp_gain":0.0,"max_hp_loss":0.0,"gold_gain":0.0,"event_name":"OrinTheCat","player_choice":"Fight","floor":47.0,"gold_loss":0.0,"damage_taken":0.0}],"is_beta":false,"boss_relics":[{"not_picked":["Cursed Key","vexMod:MegatonBomb"],"picked":"aspiration:MarisaSkillbook"},{"not_picked":["halation:MonkeysPaw","halation:PlatinumPhoenix"],"picked":"aspiration:PoetsPen_weak"}],"items_purged_floors":[32],"is_endless":false,"potions_floor_spawned":[1,3,8,12,18,19,22,27,29,31,38,41,48,49],"ascension_level":18}}