{"host":"cwd5s03r1oaxs6mx","time":1608736330,"event":{"mods":["Act Like it!","BaseMod","Better Third Choice","BetterRewards","CapriCore","Card Filter","Colored Map","Custom Start","DeckTracker","Friendly Minions","Hubris","Infinite Spire","Minty Spire (QoL Compilation)","Quick Restart","Relic Stats","Shop Mod","Spicy Shops","StSLib","SuperFastMode","The Gatherer"],"gold_per_floor":[112,127,145,145,145,145,177,197,252,315,350,350,369,382,382,481,481,499,56,74,106,31,61,61,88,88,88,88,113,124,138,138,235,235,251,262,262,262,272,272,301,318,345,345,360,35,63,83,83,83,83,83,83,113,113],"floor_reached":56,"playtime":2299,"items_purged":["Gatherer:Strike_Gatherer","Gatherer:Strike_Gatherer","Gatherer:Strike_Gatherer","Gatherer:Strike_Gatherer","Gatherer:Nutrients","Gatherer:Nutrients","Gatherer:Strike_Gatherer","Gatherer:VenomBarrier","Gatherer:FruitForce","Gatherer:Nutrients","Gatherer:Defend_Gatherer","Gatherer:HeartToFruit"],"score":1713,"play_id":"f7511666-380e-4a32-8996-c4e751a404d8","local_time":"20201224001210","is_ascension_mode":true,"metric_token":1309,"campfire_choices":[{"data":"Gatherer:LuckyClover","floor":6.0,"key":"SMITH"},{"data":"Gatherer:FlowerShield+1","floor":15.0,"key":"SMITH"},{"data":"Gatherer:Defend_Gatherer","floor":24.0,"key":"SMITH"},{"floor":32.0,"key":"RECALL"},{"data":"Gatherer:FlowerFalling+2","floor":40.0,"key":"SMITH"},{"data":"Gatherer:GrowBook","floor":44.0,"key":"SMITH"},{"data":"Gatherer:FlowerFalling+2","floor":49,"key":"SMITH"},{"data":"Gatherer:PotentialSlash","floor":52,"key":"SMITH"}],"circlet_count":0,"master_deck":["Gatherer:Defend_Gatherer","Gatherer:Defend_Gatherer","Gatherer:Defend_Gatherer","Gatherer:Defend_Gatherer+1","Gatherer:Centralize","Gatherer:FlowerWhip+3","Gatherer:LuckyClover+1","Apotheosis+1","Gatherer:FlowerFalling+3","Gatherer:FlowerWhip+3","Gatherer:FruitForce","Gatherer:FlowerFalling+3","Gatherer:HeartToFruit","Gatherer:BalancedGrowth","Gatherer:FruitForce","Gatherer:FlowerFalling+3","Gatherer:FlowerShield+2","Thinking Ahead+1","Gatherer:FlowerFalling+2","Gatherer:EchoOfNature","Gatherer:FlowerShield+2","Gatherer:BlackTea","Gatherer:WitheringStrike","Gatherer:Frenzy","Gatherer:WitheringStrike+1","Gatherer:BigPouch+1","Gatherer:WitheringStrike+1","Offering+1","Gatherer:PotentialSlash+1"],"relics":["Gatherer:AlchemyBag","infinitespire:BottledMercury","DollysMirror","Bottled Lightning","infinitespire:Satchel","Blood Vial","Regal Pillow","Orichalcum","Black Star","Medical Kit","Red Mask","infinitespire:Lucky Rock","Blue Candle","Vajra","Juzu Bracelet","Bag of Marbles","Potion Belt","SlaversCollar","hubris:64BitClover","PreservedInsect","Happy Flower","Eternal Feather","Centennial Puzzle","infinitespire:Beetle Shell","hubris:MobiusCoin"],"acts_visited":["Exordium","TheCity","TheBeyond","TheEnding"],"potions_floor_usage":[54,55,55],"damage_taken":[{"damage":0.0,"enemies":"Small Slimes","floor":1.0,"turns":1.0},{"damage":11.0,"enemies":"Jaw Worm","floor":2.0,"turns":2.0},{"damage":0.0,"enemies":"2 Louse","floor":3.0,"turns":3.0},{"damage":3.0,"enemies":"3 Sentries","floor":7.0,"turns":6.0},{"damage":9.0,"enemies":"2 Fungi Beasts","floor":8.0,"turns":4.0},{"damage":4.0,"enemies":"Lagavulin Event","floor":10.0,"turns":3.0},{"damage":0.0,"enemies":"Lagavulin","floor":11.0,"turns":5.0},{"damage":0.0,"enemies":"Large Slime","floor":13.0,"turns":2.0},{"damage":0.0,"enemies":"Exordium Wildlife","floor":14.0,"turns":3.0},{"damage":0.0,"enemies":"Slime Boss","floor":16.0,"turns":4.0},{"damage":0.0,"enemies":"2 Thieves","floor":18.0,"turns":3.0},{"damage":0.0,"enemies":"3 Byrds","floor":20.0,"turns":4.0},{"damage":0.0,"enemies":"Masked Bandits","floor":21.0,"turns":2.0},{"damage":0.0,"enemies":"Book of Stabbing","floor":23.0,"turns":3.0},{"damage":0.0,"enemies":"Gremlin Leader","floor":25.0,"turns":4.0},{"damage":0.0,"enemies":"Book of Stabbing","floor":29.0,"turns":3.0},{"damage":0.0,"enemies":"Centurion and Healer","floor":30.0,"turns":2.0},{"damage":0.0,"enemies":"Snecko","floor":31.0,"turns":4.0},{"damage":21.0,"enemies":"hubris:MusketHawk","floor":33.0,"turns":5.0},{"damage":10.0,"enemies":"3 Darklings","floor":35.0,"turns":4.0},{"damage":0.0,"enemies":"3 Shapes","floor":36.0,"turns":4.0},{"damage":0.0,"enemies":"Maw","floor":39.0,"turns":4.0},{"damage":0.0,"enemies":"Giant Head","floor":41.0,"turns":5.0},{"damage":8.0,"enemies":"Jaw Worm Horde","floor":42.0,"turns":4.0},{"damage":6.0,"enemies":"4 Shapes","floor":45.0,"turns":6.0},{"damage":0.0,"enemies":"Nemesis","floor":47.0,"turns":3.0},{"damage":6.0,"enemies":"Sphere and 2 Shapes","floor":48.0,"turns":4.0},{"damage":30,"enemies":"infinitespire:MassOfShapes","floor":50,"turns":8},{"damage":14,"enemies":"Shield and Spear","floor":54,"turns":3},{"damage":71,"enemies":"The Heart","floor":55,"turns":7}],"seed_played":"-7844658319572485066","potions_obtained":[{"floor":3.0,"key":"SteroidPotion"},{"floor":7.0,"key":"SteroidPotion"},{"floor":10.0,"key":"Regen Potion"},{"floor":25.0,"key":"Block Potion"},{"floor":29.0,"key":"Explosive Potion"},{"floor":31.0,"key":"Energy Potion"},{"floor":47.0,"key":"Regen Potion"}],"is_trial":false,"path_per_floor":["M","M","M","?","$","R","E","M","T","?","E","?","M","M","R","B",null,"M","$","M","?","?","E","R","E","T","?","?","E","M","M","R","B",null,"M","M","AVR","?","M","R","E","M","T","R","M","$","E","M","R","B",null,"R","$","E","B",null],"character_chosen":"THE_GATHERER","items_purchased":["SteroidPotion","Gatherer:LuckyClover","Apotheosis","Gatherer:GrowBook","Gatherer:FlowerFalling","infinitespire:BottledMercury","DollysMirror","Gatherer:FruitForce","Gatherer:Nutrients","Gatherer:Nutrients","Gatherer:FlowerFalling","Gatherer:VenomBarrier","Gatherer:HeartToFruit","Gatherer:BalancedGrowth","Gatherer:FruitForce","Bottled Lightning","Gatherer:FruitForce","Gatherer:FlowerFalling","Medical Kit"],"campfire_rested":0,"item_purchase_floors":[0,0,0,0,0,0,0,0,0,0,0,0,0,0,0,0,0,0,19],"current_hp_per_floor":[84,81,89,89,89,89,93,91,91,97,107,85,91,109,109,116,116,120,120,124,128,128,128,128,132,132,132,132,132,132,136,136,130,140,138,152,152,152,156,156,160,165,165,165,176,176,180,184,184,166,184,184,184,182,150],"gold":113,"neow_bonus":"","is_daily":false,"chose_seed":false,"campfire_upgraded":7,"win_rate":0.0,"timestamp":1608736330,"path_taken":["M","M","M","?","$","R","E","M","T","?","E","?","M","M","R","BOSS","M","$","M","?","?","E","R","E","T","?","?","E","M","M","R","BOSS","M","M","AVR","?","M","R","E","M","T","R","M","$","E","M","R","BOSS","R","$","E","BOSS"],"items_purchased_type":["Potion","Card","Card","Card","Card","Relic","Relic","Card","Card","Card","Card","Card","Card","Card","Card","Relic","Card","Card","Relic"],"build_version":"2020-12-22","purchased_purges":12,"victory":true,"max_hp_per_floor":[84,88,92,92,92,92,96,100,100,104,108,108,108,112,112,116,116,120,120,124,128,128,128,128,132,132,132,132,132,132,136,136,140,140,144,152,152,152,156,156,160,168,168,168,176,176,180,184,184,184,184,184,184,188,192],"relic_stats":{"Regal Pillow":0,"Happy Flower":[10],"counters":[68,255],"Blue Candle":[0],"Eternal Feather":0,"PreservedInsect":115,"Juzu Bracelet":0,"Orichalcum":[150],"Medical Kit":[2],"Blood Vial":16,"Centennial Puzzle":[12],"Black Star":6,"obtain_stats":[{"infinitespire:BottledMercury":0,"Vajra":25,"Bottled Tornado":25,"Blood Vial":9,"Centennial Puzzle":44,"Lizard Tail":53,"DollysMirror":25,"Strawberry":7,"hubris:MobiusCoin":54,"Happy Flower":43,"Blue Candle":23,"Oddly Smooth Stone":54,"Eternal Feather":47,"infinitespire:Beetle Shell":54,"Akabeko":22,"SlaversCollar":34,"Bronze Scales":12,"Molten Egg 2":46,"infinitespire:EmpoweringShard":40,"Black Star":17,"Regal Pillow":43,"Gatherer:Leftovers":0,"SacredBark":17,"Juzu Bracelet":25,"hubris:EmptyBottle":0,"hubris:Backtick":34,"infinitespire:Bottled Soul":0,"Tiny Chest":6,"Red Mask":20,"infinitespire:Eraser":9,"InkBottle":26,"Potion Belt":0,"Golden Idol":3,"hubris:64BitClover":41,"Gatherer:MistGenerator":0,"infinitespire:FocusingShard":7,"PreservedInsect":31,"The Courier":41,"infinitespire:Lucky Rock":23,"Orichalcum":11,"Medical Kit":36,"White Beast Statue":0,"Anchor":2,"infinitespire:Satchel":0,"Bag of Marbles":29,"Membership Card":0,"Bottled Lightning":0,"Gatherer:AlchemyBag":0,"Toy Ornithopter":34,"infinitespire:Midas Blood":9},{"infinitespire:BottledMercury":38,"Vajra":53,"Bottled Tornado":19,"Blood Vial":43,"Centennial Puzzle":28,"Lizard Tail":31,"DollysMirror":19,"Strawberry":37,"hubris:MobiusCoin":67,"Happy Flower":62,"Blue Candle":52,"Oddly Smooth Stone":32,"Eternal Feather":64,"infinitespire:Beetle Shell":67,"Akabeko":19,"SlaversCollar":57,"Bronze Scales":13,"Molten Egg 2":30,"infinitespire:EmpoweringShard":26,"Black Star":48,"Regal Pillow":27,"Gatherer:Leftovers":6,"SacredBark":16,"Juzu Bracelet":53,"hubris:EmptyBottle":0,"hubris:Backtick":22,"infinitespire:Bottled Soul":6,"Tiny Chest":10,"Red Mask":19,"infinitespire:Eraser":37,"InkBottle":19,"Potion Belt":0,"Golden Idol":2,"hubris:64BitClover":61,"Gatherer:MistGenerator":6,"infinitespire:FocusingShard":4,"PreservedInsect":21,"The Courier":26,"infinitespire:Lucky Rock":52,"Orichalcum":45,"Medical Kit":23,"White Beast Statue":0,"Anchor":34,"infinitespire:Satchel":6,"Bag of Marbles":54,"Membership Card":6,"Bottled Lightning":38,"Gatherer:AlchemyBag":0,"Toy Ornithopter":22,"infinitespire:Midas Blood":4},{"infinitespire:BottledMercury":140,"Vajra":189,"Bottled Tornado":77,"Blood Vial":156,"Centennial Puzzle":105,"Lizard Tail":113,"DollysMirror":77,"Strawberry":133,"hubris:MobiusCoin":248,"Happy Flower":224,"Blue Candle":185,"Oddly Smooth Stone":115,"Eternal Feather":233,"infinitespire:Beetle Shell":248,"Akabeko":77,"SlaversCollar":203,"Bronze Scales":59,"Molten Egg 2":110,"infinitespire:EmpoweringShard":98,"Black Star":173,"Regal Pillow":102,"Gatherer:Leftovers":31,"SacredBark":71,"Juzu Bracelet":189,"hubris:EmptyBottle":0,"hubris:Backtick":85,"infinitespire:Bottled Soul":31,"Tiny Chest":50,"Red Mask":77,"infinitespire:Eraser":133,"InkBottle":77,"Potion Belt":0,"Golden Idol":12,"hubris:64BitClover":220,"Gatherer:MistGenerator":31,"infinitespire:FocusingShard":25,"PreservedInsect":82,"The Courier":98,"infinitespire:Lucky Rock":185,"Orichalcum":164,"Medical Kit":88,"White Beast Statue":0,"Anchor":123,"infinitespire:Satchel":31,"Bag of Marbles":192,"Membership Card":31,"Bottled Lightning":140,"Gatherer:AlchemyBag":0,"Toy Ornithopter":85,"infinitespire:Midas Blood":25}]},"card_choices":[{"not_picked":["Gatherer:BambuSword","Gatherer:Snatch"],"picked":"Gatherer:FlowerShield","floor":1.0},{"not_picked":["Gatherer:Convert","Gatherer:FragileHammer"],"picked":"Gatherer:FlowerFalling","floor":2.0},{"not_picked":["Gatherer:AromaProtection","Gatherer:QuickSynthesis","Gatherer:ScherryThrow"],"picked":"SKIP","floor":3.0},{"not_picked":["Gatherer:DrugPower","Gatherer:CollectorsShot"],"picked":"Gatherer:EchoOfNature","floor":7.0},{"not_picked":["Gatherer:WoolGloves","Gatherer:CursedBlade"],"picked":"Gatherer:Nutrients","floor":8.0},{"not_picked":["Gatherer:QuickSynthesis","Gatherer:Convert"],"picked":"Gatherer:FlowerShield","floor":10.0},{"not_picked":["Gatherer:Herbalism","Gatherer:ScentOfRosmari"],"picked":"Gatherer:BlackTea","floor":11.0},{"not_picked":["Gatherer:GatherMaterial","Gatherer:Convert"],"picked":"Gatherer:Nutrients","floor":13.0},{"not_picked":["Gatherer:DrugPower","Gatherer:FlowerFalling"],"picked":"Gatherer:WitheringStrike","floor":14.0},{"not_picked":["Gatherer:GatherMaterial+1","Gatherer:RottenStipe"],"picked":"Gatherer:Frenzy","floor":18.0},{"not_picked":["Gatherer:DrugPower","Gatherer:AcidicSpray","Gatherer:SealedBomb+1"],"picked":"SKIP","floor":20.0},{"not_picked":["Gatherer:Snatch","Gatherer:Frenzy"],"picked":"Gatherer:WitheringStrike+1","floor":23.0},{"not_picked":["Gatherer:EnergyBasket","Gatherer:AcidicSpray+1","Gatherer:QuickSynthesis"],"picked":"SKIP","floor":25.0},{"not_picked":["Gatherer:Duality+1","Gatherer:FlamingBottle"],"picked":"Gatherer:BigPouch+1","floor":29.0},{"not_picked":["Gatherer:AromaProtection","Gatherer:Enchant","Gatherer:FragileHammer"],"picked":"SKIP","floor":30.0},{"not_picked":["Gatherer:SealedBomb","Gatherer:AcidicSpray","Gatherer:RecipeChange"],"picked":"SKIP","floor":31.0},{"not_picked":["Gatherer:CursedBlade","Gatherer:BomberForm"],"picked":"Gatherer:HeartToFruit","floor":33.0},{"not_picked":["Gatherer:AromaProtection","Gatherer:TreeGrowth","Gatherer:WitheringStrike"],"picked":"SKIP","floor":35.0},{"not_picked":["Gatherer:SaveValuables+1","Gatherer:Convert","Gatherer:Duality+1"],"picked":"SKIP","floor":36.0},{"not_picked":["Gatherer:AcidicSpray","Gatherer:BambuSword+1","Gatherer:Transmute"],"picked":"SKIP","floor":39.0},{"not_picked":["Gatherer:Solidify+1","Gatherer:OddSpoils"],"picked":"Gatherer:GrowBook","floor":41.0},{"not_picked":["Gatherer:Uplift","Gatherer:GatherMaterial"],"picked":"Gatherer:WitheringStrike+1","floor":42.0},{"not_picked":["Gatherer:Snatch+1","Gatherer:EchoOfNature","Gatherer:VenomBarrier"],"picked":"SKIP","floor":45.0},{"not_picked":["Gatherer:TacticalStrike+1","Gatherer:AlchemyTrial+1","Gatherer:AcidicSpray+1"],"picked":"SKIP","floor":47.0},{"not_picked":["Gatherer:CollectorsShot","Gatherer:TreeGrowth+1"],"picked":"Gatherer:PotentialSlash","floor":48},{"not_picked":["Gatherer:QuickSynthesis","Gatherer:Duplicator+1","Gatherer:AcidicSpray+1"],"picked":"SKIP","floor":54}],"player_experience":947819,"relics_obtained":[{"floor":7.0,"key":"infinitespire:Satchel"},{"floor":9.0,"key":"Blood Vial"},{"floor":10.0,"key":"Regal Pillow"},{"floor":11.0,"key":"Orichalcum"},{"floor":21.0,"key":"Red Mask"},{"floor":23.0,"key":"infinitespire:Lucky Rock"},{"floor":23.0,"key":"Blue Candle"},{"floor":25.0,"key":"Vajra"},{"floor":25.0,"key":"Juzu Bracelet"},{"floor":29.0,"key":"Bag of Marbles"},{"floor":29.0,"key":"Potion Belt"},{"floor":41.0,"key":"hubris:64BitClover"},{"floor":41.0,"key":"PreservedInsect"},{"floor":43.0,"key":"Happy Flower"},{"floor":47.0,"key":"Eternal Feather"},{"floor":47.0,"key":"Centennial Puzzle"},{"floor":54,"key":"infinitespire:Beetle Shell"},{"floor":54,"key":"hubris:MobiusCoin"}],"event_choices":[{"damage_healed":0.0,"max_hp_gain":0.0,"max_hp_loss":0.0,"gold_gain":30.0,"event_name":"Dead Adventurer","player_choice":"Searched \u00273\u0027 times","floor":10.0,"gold_loss":0.0,"damage_taken":0.0},{"damage_healed":107.0,"max_hp_gain":0.0,"max_hp_loss":108.0,"gold_gain":0.0,"event_name":"betterThird:BetterShining","player_choice":"Upgrade","floor":12.0,"gold_loss":0.0,"damage_taken":22.0,"cards_upgraded":["Gatherer:Nutrients","Thinking Ahead"]},{"damage_healed":0.0,"max_hp_gain":0.0,"max_hp_loss":0.0,"gold_gain":0.0,"event_name":"Masked Bandits","player_choice":"Fought Bandits","floor":21.0,"gold_loss":0.0,"damage_taken":0.0},{"cards_removed":["Gatherer:Nutrients"],"damage_healed":0.0,"max_hp_gain":0.0,"max_hp_loss":0.0,"gold_gain":0.0,"event_name":"Beggar","player_choice":"Gave Gold","floor":22.0,"gold_loss":75.0,"damage_taken":0.0},{"damage_healed":0.0,"max_hp_gain":0.0,"max_hp_loss":0.0,"gold_gain":0.0,"event_name":"The Mausoleum","player_choice":"Ignored","floor":27.0,"gold_loss":0.0,"damage_taken":0.0}],"is_beta":false,"boss_relics":[{"not_picked":["hubris:VirtuousBlindfold","Cursed Key"],"picked":"Black Star"},{"not_picked":["Empty Cage","Busted Crown"],"picked":"SlaversCollar"}],"items_purged_floors":[0,0,0,0,0,0,0,0,0,19,37,46],"is_endless":false,"potions_floor_spawned":[3,7,10,14,16,18,25,29,31,36,41,42,47],"ascension_level":1}}