{"host":"e7ga86w9j8xtyh2d","time":1608684861,"event":{"mods":["AchievementEnabler","BaseMod","Challenge The Spire","Colored Map","Colored Powertips","Minty Spire (QoL Compilation)","Quick Restart","Random Character Button","Rare Cards Sparkle","StSLib"],"gold_per_floor":[117,192,192,192,42,42,71,91,117,117,127,191,191,208,208,306,306,317,317,5,15,15,15,48,48,48,76,94,108,207,3,3,105,105,125,125,142,142,155,155,166,166,166,166,183,183,102,116,116,116],"floor_reached":51,"playtime":1236,"items_purged":["Defend_R","Strike_R"],"score":936,"play_id":"7c0d78b7-532c-4916-91d5-5ee271b4c983","local_time":"20201222195421","is_ascension_mode":true,"campfire_choices":[{"floor":6,"key":"REST"},{"data":"Cleave","floor":10,"key":"SMITH"},{"floor":13,"key":"REST"},{"data":"Whirlwind","floor":15,"key":"SMITH"},{"data":"Flex","floor":23,"key":"SMITH"},{"floor":32,"key":"REST"},{"floor":40,"key":"REST"},{"data":"Seeing Red","floor":42,"key":"SMITH"},{"data":"Intimidate","floor":44,"key":"SMITH"},{"data":"Metallicize","floor":49,"key":"SMITH"}],"circlet_count":0,"master_deck":["Strike_R","Strike_R+1","Defend_R+1","Defend_R","Defend_R","Bash","Intimidate+1","Cleave+1","Headbutt","Shrug It Off","Sword Boomerang","Feed","Bloodletting","Flex+1","Metallicize","Shrug It Off+1","Iron Wave+1","Seeing Red+1","Reaper","Spot Weakness+1","Limit Break","Dark Shackles","Pummel+1","Metallicize+1"],"relics":["Burning Blood","Omamori","Akabeko","Vajra","Blood Vial","Matryoshka","Sozu","Necronomicon","ClockworkSouvenir","Happy Flower","Smiling Mask","Ancient Tea Set","HornCleat","Chemical X","Empty Cage","Dream Catcher","Molten Egg 2"],"acts_visited":["Exordium","TheCity","TheBeyond"],"potions_floor_usage":[7,12,41],"damage_taken":[{"damage":4,"enemies":"Jaw Worm","floor":1,"turns":4},{"damage":24,"enemies":"Gremlin Nob","floor":7,"turns":4},{"damage":0,"enemies":"2 Louse","floor":8,"turns":2},{"damage":0,"enemies":"Small Slimes","floor":11,"turns":2},{"damage":40,"enemies":"Lagavulin Event","floor":12,"turns":4},{"damage":0,"enemies":"3 Louse","floor":14,"turns":3},{"damage":12,"enemies":"Slime Boss","floor":16,"turns":8},{"damage":21,"enemies":"Shell Parasite","floor":18,"turns":3},{"damage":1,"enemies":"Chosen","floor":21,"turns":3},{"damage":24,"enemies":"Slavers","floor":24,"turns":3},{"damage":35,"enemies":"Gremlin Leader","floor":27,"turns":3},{"damage":6,"enemies":"Centurion and Healer","floor":28,"turns":4},{"damage":0,"enemies":"Snecko","floor":29,"turns":1},{"damage":40,"enemies":"Champ","floor":33,"turns":7},{"damage":3,"enemies":"Orb Walker","floor":35,"turns":2},{"damage":44,"enemies":"3 Shapes","floor":37,"turns":4},{"damage":37,"enemies":"Maw","floor":39,"turns":5},{"damage":3,"enemies":"Sphere and 2 Shapes","floor":41,"turns":3},{"damage":0,"enemies":"3 Darklings","floor":45,"turns":1},{"damage":10,"enemies":"Spire Growth","floor":48,"turns":5},{"damage":90,"enemies":"Donu and Deca","floor":50,"turns":8}],"seed_played":"-4059608559401795264","potions_obtained":[{"floor":1,"key":"SneckoOil"},{"floor":7,"key":"FearPotion"},{"floor":8,"key":"Fire Potion"}],"is_trial":false,"path_per_floor":["M","?","?","?","$","R","E","M","T","R","M","?","R","M","R","B",null,"M","?","$","M","?","R","E","$","T","E","M","M","?","$","R","B",null,"M","?","M","?","M","R","M","R","T","R","M","?","$","M","R","B",null],"character_chosen":"IRONCLAD","items_purchased":["Akabeko","ClockworkSouvenir","Flex","Metallicize","Chemical X","Metallicize"],"campfire_rested":4,"item_purchase_floors":[5,20,20,20,31,47],"current_hp_per_floor":[74,63,63,47,47,71,53,59,59,59,67,35,59,67,67,63,76,66,50,50,57,83,83,65,65,65,38,40,48,48,48,72,40,72,77,77,53,53,42,66,74,74,74,74,82,86,86,82,82,26],"gold":116,"neow_bonus":"RANDOM_COMMON_RELIC","is_daily":false,"chose_seed":false,"campfire_upgraded":6,"win_rate":0.0,"timestamp":1608684861,"path_taken":["M","?","?","?","$","R","E","M","T","R","M","?","R","M","R","BOSS","M","?","$","M","?","R","E","?","T","E","?","M","?","$","R","BOSS","M","?","M","?","M","R","M","R","T","R","?","?","$","?","R","BOSS"],"items_purchased_type":["Relic","Relic","Card","Card","Relic","Card"],"build_version":"2020-12-13","purchased_purges":2,"victory":true,"max_hp_per_floor":[80,80,80,80,80,80,80,80,80,80,80,80,80,80,80,80,80,83,83,83,83,83,83,83,83,83,83,83,83,83,83,83,83,83,83,83,83,83,83,83,86,86,86,86,86,86,86,86,86,86],"card_choices":[{"not_picked":["Rampage","Searing Blow"],"picked":"Intimidate","floor":1},{"not_picked":["Battle Trance","Flex"],"picked":"Cleave","floor":7},{"not_picked":["Sword Boomerang","Perfected Strike"],"picked":"Headbutt","floor":8},{"not_picked":["Burning Pact","Armaments"],"picked":"Shrug It Off","floor":11},{"not_picked":["Combust","Thunderclap"],"picked":"Sword Boomerang","floor":12},{"not_picked":["Sword Boomerang","Perfected Strike"],"picked":"Whirlwind","floor":14},{"not_picked":["Impervious","Brutality"],"picked":"Feed","floor":16},{"not_picked":["Burning Pact","Searing Blow"],"picked":"Bloodletting","floor":18},{"not_picked":["Dark Embrace+1","Havoc"],"picked":"Shrug It Off+1","floor":21},{"not_picked":["Twin Strike","Clothesline+1"],"picked":"Iron Wave+1","floor":24},{"not_picked":["Pommel Strike","Perfected Strike"],"picked":"Seeing Red","floor":27},{"not_picked":["Flex+1","Cleave"],"picked":"Reaper","floor":28},{"not_picked":["Clash","Searing Blow"],"picked":"Spot Weakness+1","floor":29},{"not_picked":["Immolate","Brutality"],"picked":"Limit Break","floor":33},{"not_picked":["Sword Boomerang","Reckless Charge","Headbutt"],"picked":"SKIP","floor":35},{"not_picked":["Metamorphosis","Secret Weapon"],"picked":"Dark Shackles","floor":36},{"not_picked":["Cleave+1","Uppercut","Power Through+1"],"picked":"SKIP","floor":37},{"not_picked":["Heavy Blade","Body Slam","Cleave"],"picked":"SKIP","floor":39},{"not_picked":["Hemokinesis","Warcry"],"picked":"Pummel+1","floor":41},{"not_picked":["True Grit+1","Headbutt+1","Uppercut+1"],"picked":"SKIP","floor":45},{"not_picked":["True Grit","Infernal Blade","Entrench"],"picked":"SKIP","floor":48}],"player_experience":620912,"relics_obtained":[{"floor":7,"key":"Vajra"},{"floor":9,"key":"Blood Vial"},{"floor":12,"key":"Matryoshka"},{"floor":19,"key":"Necronomicon"},{"floor":24,"key":"Happy Flower"},{"floor":26,"key":"Smiling Mask"},{"floor":26,"key":"Ancient Tea Set"},{"floor":27,"key":"HornCleat"},{"floor":43,"key":"Dream Catcher"},{"floor":43,"key":"Molten Egg 2"}],"event_choices":[{"damage_healed":0,"gold_gain":75,"player_choice":"Gather Gold","damage_taken":11,"max_hp_gain":0,"max_hp_loss":0,"event_name":"World of Goop","floor":2,"gold_loss":0},{"damage_healed":0,"gold_gain":0,"player_choice":"Ignored","damage_taken":0,"max_hp_gain":0,"max_hp_loss":0,"event_name":"Golden Idol","floor":3,"gold_loss":0},{"damage_healed":0,"gold_gain":0,"player_choice":"Entered Light","damage_taken":16,"max_hp_gain":0,"max_hp_loss":0,"event_name":"Shining Light","floor":4,"gold_loss":0,"cards_upgraded":["Strike_R","Defend_R"]},{"damage_healed":0,"gold_gain":30,"player_choice":"Searched \u00272\u0027 times","damage_taken":0,"max_hp_gain":0,"max_hp_loss":0,"event_name":"Dead Adventurer","floor":12,"gold_loss":0},{"damage_healed":0,"gold_gain":0,"player_choice":"Obtained Book","damage_taken":16,"max_hp_gain":0,"max_hp_loss":0,"event_name":"Cursed Tome","floor":19,"gold_loss":0},{"damage_healed":27,"gold_gain":0,"player_choice":"Heal","damage_taken":0,"max_hp_gain":0,"max_hp_loss":0,"event_name":"The Library","floor":22,"gold_loss":0},{"damage_healed":0,"gold_gain":99,"player_choice":"Stole From Cult","damage_taken":0,"max_hp_gain":0,"max_hp_loss":0,"event_name":"Nest","floor":30,"gold_loss":0},{"damage_healed":0,"gold_gain":0,"player_choice":"Memory 1","damage_taken":0,"max_hp_gain":0,"max_hp_loss":0,"event_name":"SensoryStone","floor":36,"gold_loss":0},{"damage_healed":0,"gold_gain":0,"player_choice":"0 cards matched","damage_taken":0,"max_hp_gain":0,"max_hp_loss":0,"event_name":"Match and Keep!","floor":38,"gold_loss":0,"cards_obtained":[]},{"cards_removed":["Whirlwind"],"damage_healed":4,"gold_gain":0,"player_choice":"Offered Uncommon","damage_taken":0,"max_hp_gain":0,"max_hp_loss":0,"event_name":"Bonfire Elementals","floor":46,"gold_loss":0}],"is_beta":false,"boss_relics":[{"not_picked":["Runic Pyramid","Fusion Hammer"],"picked":"Sozu"},{"not_picked":["Mark of Pain","SacredBark"],"picked":"Empty Cage"}],"items_purged_floors":[20,31],"is_endless":false,"potions_floor_spawned":[1,7,8,18,33,37,41],"ascension_level":8}}