{"host":"qy1e0kd24tpj3i2m","time":1608743762,"event":{"mods":["Act Like it!","Alarm Clock","BaseMod","Better Skull","Better Vampires","Colored Map","Colored Powertips","Custom Start","Faster Ascension Climbing","Friendly Minions","GifTheSpireLib","Gremlin Skip","Highlight Path","Minty Spire (QoL Compilation)","Permanent Neow","Quick Restart","Red Circlet Mod","Relic Sorter","Reorder Act Four","SacredBarkPlus","Shop Mod","StSLib","SuperFastMode","Transform Curses","没有小屋子和绿帽子啦"],"gold_per_floor":[111,122,140,54,54,84,84,118,118,118,150,180,199,210,210,281,281,292,13,13,13,13,38,48,81,156,189,207,207,207,219,219,292,292,303,303,128,147,147,147,147,195,195,195,205,205,219,245,245,245,245,245,31,31,65,65],"floor_reached":57,"playtime":2508,"items_purged":["Writhe"],"score":2787,"play_id":"72fd6d58-6391-4d42-b4c4-1d760359bd9f","local_time":"20201224021602","is_ascension_mode":true,"campfire_choices":[{"data":"Cloak And Dagger","floor":7.0,"key":"SMITH"},{"data":"Accuracy","floor":10.0,"key":"SMITH"},{"data":"Finisher","floor":15.0,"key":"SMITH"},{"data":"1","floor":29.0,"key":"LIFT"},{"data":"2","floor":32.0,"key":"LIFT"},{"data":"3","floor":41.0,"key":"LIFT"},{"floor":44.0,"key":"RECALL"},{"data":"Swift Strike","floor":46.0,"key":"SMITH"},{"data":"Survivor","floor":49.0,"key":"SMITH"},{"floor":54.0,"key":"REST"}],"circlet_count":0,"master_deck":["AscendersBane","Strike_G+1","Strike_G+1","Strike_G+1","Strike_G+1","Strike_G+1","Defend_G+1","Defend_G+1","Defend_G+1","Defend_G+1","Defend_G+1","Survivor+1","Neutralize+1","Cloak And Dagger+1","Accuracy+1","Finisher+1","Deflect+1","Cloak And Dagger+1","Acrobatics+1","Acrobatics+1","Phantasmal Killer+1","Acrobatics+1","Footwork+1","Outmaneuver+1","Storm of Steel+1","Backflip+1","Terror+1","Blur+1","PiercingWail+1","Storm of Steel+1","PiercingWail+1","Panacea+1","Accuracy+1","Impatience+1","Impatience+1","Swift Strike+1","Blur+1","Outmaneuver+1","Outmaneuver+1"],"relics":["WristBlade","Mummified Hand","Pantograph","Runic Pyramid","Shuriken","Oddly Smooth Stone","StrikeDummy","Bottled Tornado","Girya","SacredBark","Pocketwatch","MerchantsRug","Toolbox","Paper Crane"],"acts_visited":["Exordium","TheCity","TheBeyond","TheEnding"],"potions_floor_usage":[56,56],"damage_taken":[{"damage":0.0,"enemies":"Jaw Worm","floor":1.0,"turns":4.0},{"damage":12.0,"enemies":"Small Slimes","floor":2.0,"turns":5.0},{"damage":0.0,"enemies":"2 Louse","floor":3.0,"turns":3.0},{"damage":3.0,"enemies":"Lagavulin","floor":6.0,"turns":7.0},{"damage":8.0,"enemies":"Gremlin Nob","floor":8.0,"turns":3.0},{"damage":11.0,"enemies":"Lagavulin","floor":11.0,"turns":7.0},{"damage":0.0,"enemies":"Lots of Slimes","floor":13.0,"turns":3.0},{"damage":0.0,"enemies":"Exordium Thugs","floor":14.0,"turns":3.0},{"damage":2.0,"enemies":"Hexaghost","floor":16.0,"turns":9.0},{"damage":2.0,"enemies":"Shell Parasite","floor":18.0,"turns":3.0},{"damage":6.0,"enemies":"Gremlin Leader","floor":23.0,"turns":3.0},{"damage":0.0,"enemies":"3 Byrds","floor":24.0,"turns":4.0},{"damage":22.0,"enemies":"Slavers","floor":25.0,"turns":3.0},{"damage":5.0,"enemies":"Gremlin Leader","floor":27.0,"turns":4.0},{"damage":5.0,"enemies":"Centurion and Healer","floor":28.0,"turns":4.0},{"damage":1.0,"enemies":"Snake Plant","floor":31.0,"turns":4.0},{"damage":0.0,"enemies":"Champ","floor":33.0,"turns":6.0},{"damage":0.0,"enemies":"Orb Walker","floor":35.0,"turns":2.0},{"damage":0.0,"enemies":"3 Shapes","floor":38.0,"turns":4.0},{"damage":4.0,"enemies":"2 Orb Walkers","floor":42.0,"turns":3.0},{"damage":0.0,"enemies":"Jaw Worm Horde","floor":45.0,"turns":3.0},{"damage":0.0,"enemies":"3 Darklings","floor":47.0,"turns":3.0},{"damage":1.0,"enemies":"Reptomancer","floor":48.0,"turns":3.0},{"damage":3.0,"enemies":"Donu and Deca","floor":50.0,"turns":4.0},{"damage":25.0,"enemies":"Time Eater","floor":51.0,"turns":4.0},{"damage":10.0,"enemies":"Shield and Spear","floor":55.0,"turns":4.0},{"damage":26,"enemies":"The Heart","floor":56,"turns":7}],"seed_played":"-1459220803537277738","potions_obtained":[{"floor":2.0,"key":"CunningPotion"},{"floor":6.0,"key":"FearPotion"},{"floor":8.0,"key":"Poison Potion"},{"floor":13.0,"key":"Block Potion"},{"floor":18.0,"key":"CultistPotion"},{"floor":28.0,"key":"Fire Potion"},{"floor":31.0,"key":"Energy Potion"},{"floor":33.0,"key":"Regen Potion"},{"floor":42.0,"key":"CunningPotion"},{"floor":48.0,"key":"LiquidMemories"},{"floor":55.0,"key":"DistilledChaos"}],"is_trial":false,"path_per_floor":["M","M","M","$","?","E","R","E","T","R","E","?","M","M","R","B",null,"M","$","?","?","?","E","M","E","T","E","M","R","?","M","R","B",null,"M","?","$","M","$","?","R","?","T","R","M","R","M","E","R","B","B",null,"$","R","E","B",null],"character_chosen":"THE_SILENT","items_purchased":["Accuracy","Shuriken","Panacea+1","MerchantsRug","PowerPotion","Toolbox"],"campfire_rested":1,"item_purchase_floors":[4,19,37,53,53,53],"current_hp_per_floor":[59,47,47,47,27,24,24,16,16,16,5,5,5,5,5,28,57,55,55,55,55,55,49,49,27,27,22,17,17,17,16,16,41,60,60,56,56,56,56,46,46,42,42,42,42,42,61,60,60,63,41,60,60,66,56,40],"gold":65,"neow_bonus":"BOSS_RELIC","is_daily":false,"chose_seed":false,"campfire_upgraded":5,"win_rate":0.0,"timestamp":1608743762,"path_taken":["M","M","M","$","?","E","R","E","T","R","E","?","M","M","R","BOSS","M","$","?","?","?","E","M","E","T","E","?","R","?","M","R","BOSS","M","?","$","?","$","?","R","?","T","R","M","R","M","E","R","BOSS","BOSS","$","R","E","BOSS"],"items_purchased_type":["Card","Relic","Card","Relic","Potion","Relic"],"build_version":"2020-12-22","purchased_purges":1,"victory":true,"max_hp_per_floor":[66,66,66,66,66,66,66,66,66,66,66,66,66,66,66,66,66,66,66,66,66,66,66,66,66,66,66,66,66,66,66,66,66,66,66,66,66,66,66,66,66,66,66,66,66,66,66,66,66,66,66,66,66,66,66,66],"card_choices":[{"not_picked":["Quick Slash","Bane","Poisoned Stab"],"picked":"SKIP","floor":1.0},{"not_picked":["Prepared","Deadly Poison"],"picked":"Cloak And Dagger","floor":2.0},{"not_picked":["Sucker Punch","Bane","Bouncing Flask"],"picked":"SKIP","floor":3.0},{"not_picked":["Dagger Spray","Endless Agony"],"picked":"Finisher","floor":6.0},{"not_picked":["Endless Agony","Glass Knife"],"picked":"Deflect+1","floor":8.0},{"not_picked":["Caltrops","Acrobatics+1"],"picked":"Cloak And Dagger+1","floor":11.0},{"not_picked":["Flying Knee","Poisoned Stab"],"picked":"Acrobatics+1","floor":13.0},{"not_picked":["Dagger Throw","Poisoned Stab"],"picked":"Acrobatics+1","floor":14.0},{"not_picked":["Bullet Time+1","Malaise+1"],"picked":"Phantasmal Killer+1","floor":16.0},{"not_picked":["Dodge and Roll+1","Dagger Throw"],"picked":"Acrobatics+1","floor":18.0},{"not_picked":["Heel Hook","Prepared+1"],"picked":"Footwork+1","floor":23.0},{"not_picked":["Quick Slash","Acrobatics+1"],"picked":"Outmaneuver+1","floor":24.0},{"not_picked":["Well Laid Plans","Footwork"],"picked":"Storm of Steel+1","floor":25.0},{"not_picked":["Outmaneuver+1","Deadly Poison+1"],"picked":"Backflip+1","floor":27.0},{"not_picked":["Sucker Punch","Dodge and Roll+1"],"picked":"Terror+1","floor":28.0},{"not_picked":["Crippling Poison+1","Prepared+1"],"picked":"PiercingWail+1","floor":31.0},{"not_picked":["Tools of the Trade","Envenom"],"picked":"Storm of Steel+1","floor":33.0},{"not_picked":["Prepared+1","Deadly Poison+1"],"picked":"PiercingWail+1","floor":35.0},{"not_picked":["Bouncing Flask+1","Bane"],"picked":"Accuracy+1","floor":38.0},{"not_picked":["Swift Strike","Madness+1"],"picked":"Impatience+1","floor":40.0},{"not_picked":["PanicButton+1","Jack Of All Trades+1"],"picked":"Impatience+1","floor":40.0},{"not_picked":["Metamorphosis+1","Secret Weapon+1"],"picked":"Swift Strike","floor":40.0},{"not_picked":["Deflect+1","Noxious Fumes"],"picked":"Blur+1","floor":42.0},{"not_picked":["PiercingWail+1","Escape Plan+1"],"picked":"Outmaneuver+1","floor":45.0},{"not_picked":["Dodge and Roll+1","Poisoned Stab+1"],"picked":"Outmaneuver+1","floor":47.0},{"not_picked":["Calculated Gamble+1","Burst+1","Bouncing Flask+1"],"picked":"SKIP","floor":48.0},{"not_picked":["Cloak And Dagger","Acrobatics","Poisoned Stab"],"picked":"SKIP","floor":55.0}],"player_experience":904916,"relics_obtained":[{"floor":6.0,"key":"Toxic Egg 2"},{"floor":8.0,"key":"Mummified Hand"},{"floor":9.0,"key":"Gremlin Horn"},{"floor":11.0,"key":"Pantograph"},{"floor":23.0,"key":"StrikeDummy"},{"floor":25.0,"key":"Ancient Tea Set"},{"floor":26.0,"key":"Bottled Tornado"},{"floor":27.0,"key":"Girya"},{"floor":42.0,"key":"Pocketwatch"},{"floor":48.0,"key":"Whetstone"},{"floor":55.0,"key":"Paper Crane"}],"event_choices":[{"damage_healed":0.0,"max_hp_gain":0.0,"max_hp_loss":0.0,"gold_gain":0.0,"event_name":"Shining Light","player_choice":"Entered Light","floor":5.0,"gold_loss":0.0,"damage_taken":20.0,"cards_upgraded":["Defend_G","Neutralize"]},{"damage_healed":0.0,"max_hp_gain":0.0,"max_hp_loss":0.0,"gold_gain":30.0,"event_name":"Dead Adventurer","player_choice":"Searched \u00271\u0027 times","floor":12.0,"gold_loss":0.0,"damage_taken":0.0},{"damage_healed":0.0,"max_hp_gain":0.0,"max_hp_loss":0.0,"gold_gain":0.0,"event_name":"The Mausoleum","player_choice":"Opened","floor":20.0,"gold_loss":0.0,"damage_taken":0.0,"relics_obtained":["Oddly Smooth Stone"],"cards_obtained":["Writhe"]},{"damage_healed":0.0,"max_hp_gain":0.0,"max_hp_loss":0.0,"gold_gain":0.0,"event_name":"Back to Basics","player_choice":"Simplicity","floor":21.0,"gold_loss":0.0,"damage_taken":0.0,"cards_upgraded":["Strike_G","Strike_G","Strike_G","Strike_G","Strike_G","Defend_G","Defend_G","Defend_G","Defend_G"]},{"damage_healed":0.0,"max_hp_gain":0.0,"max_hp_loss":0.0,"gold_gain":0.0,"event_name":"Ghosts","player_choice":"Ignored","floor":22.0,"gold_loss":0.0,"damage_taken":0.0},{"damage_healed":0.0,"max_hp_gain":0.0,"max_hp_loss":0.0,"gold_gain":0.0,"event_name":"The Library","player_choice":"Read","floor":30.0,"gold_loss":0.0,"damage_taken":0.0,"cards_obtained":["Blur"]},{"damage_healed":0.0,"max_hp_gain":0.0,"max_hp_loss":0.0,"gold_gain":0.0,"event_name":"The Woman in Blue","player_choice":"Bought 0 Potions","floor":36.0,"gold_loss":0.0,"damage_taken":0.0},{"damage_healed":0.0,"max_hp_gain":0.0,"max_hp_loss":0.0,"gold_gain":0.0,"event_name":"SensoryStone","player_choice":"Memory 3","floor":40.0,"gold_loss":0.0,"damage_taken":10.0},{"damage_healed":0.0,"max_hp_gain":0.0,"max_hp_loss":0.0,"gold_gain":0.0,"event_name":"Mysterious Sphere","player_choice":"Fight","floor":42.0,"gold_loss":0.0,"damage_taken":0.0}],"is_beta":false,"boss_relics":[{"not_picked":["Pandora\u0027s Box","Calling Bell"],"picked":"Runic Pyramid"},{"not_picked":["Runic Dome","Philosopher\u0027s Stone"],"picked":"SacredBark"}],"items_purged_floors":[37],"is_endless":false,"potions_floor_spawned":[2,6,8,13,18,28,31,33,38,42,48,55],"ascension_level":20}}