{"host":"o54aw4mfims5m8ve","time":1608761841,"event":{"mods":["BaseMod","Downfall","Minty Spire (QoL Compilation)","StSLib","The Cursed","The Senshi"],"gold_per_floor":[115,115,290,306,316,316,362,362,414,457,482,494,525,36,36,136,136,146,61,74,155,155,155,168,168,191,207,238,251,281,291,291,291,291],"floor_reached":33,"playtime":3782,"items_purged":["TheCursedMod:Strike_TheCursed"],"score":362,"play_id":"cbf4e12d-a462-42b5-aaac-cb814db43fd9","local_time":"20201223221721","is_ascension_mode":false,"campfire_choices":[{"data":"TheCursedMod:HellsGateOpen","floor":6.0,"key":"SMITH"},{"data":"TheCursedMod:ReleasedKnowledge","floor":12.0,"key":"SMITH"},{"data":"Apotheosis","floor":15.0,"key":"SMITH"},{"floor":23.0,"key":"REST"},{"floor":25,"key":"REST"},{"floor":32,"key":"REST"}],"circlet_count":0,"master_deck":["TheCursedMod:Strike_TheCursed","TheCursedMod:Strike_TheCursed","TheCursedMod:Defend_TheCursed+1","TheCursedMod:Defend_TheCursed","TheCursedMod:Defend_TheCursed","TheCursedMod:Defend_TheCursed","TheCursedMod:CursedWand","TheCursedMod:CleanUpWorkshop+1","TheCursedMod:Dregs","TheCursedMod:HellsGateOpen+1","Doubt","TheCursedMod:RapidMovement","TheCursedMod:ReleasedKnowledge+1","TheCursedMod:Neurasthenia","TheCursedMod:CursedAmulet","TheCursedMod:WearCloak","TheCursedMod:Hemoplague","TheCursedMod:LuckyCharm","Apotheosis+1","TheCursedMod:OutForBlood","TheCursedMod:SurpriseAttack","TheCursedMod:FleshFromBone","TheCursedMod:SurpriseAttack","TheCursedMod:CollectTribute","TheCursedMod:SpitefulPray"],"relics":["TheCursedMod:BlackMagic101","Tiny Chest","Blood Vial","MawBank","InkBottle","Lee\u0027s Waffle","Fusion Hammer","White Beast Statue","TheCursedMod:DemonicMark","Bag of Preparation","Orichalcum","Question Card"],"acts_visited":["Exordium","TheCity"],"potions_floor_usage":[28,30,33,33,33],"damage_taken":[{"damage":5.0,"enemies":"Small Slimes","floor":1.0,"turns":4.0},{"damage":0.0,"enemies":"Jaw Worm","floor":4.0,"turns":3.0},{"damage":0.0,"enemies":"2 Louse","floor":5.0,"turns":3.0},{"damage":21.0,"enemies":"Gremlin Nob","floor":10.0,"turns":5.0},{"damage":4.0,"enemies":"Lots of Slimes","floor":11.0,"turns":6.0},{"damage":0.0,"enemies":"2 Fungi Beasts","floor":13.0,"turns":4.0},{"damage":0.0,"enemies":"Slime Boss","floor":16.0,"turns":13.0},{"damage":0.0,"enemies":"Spheric Guardian","floor":18.0,"turns":5.0},{"damage":1.0,"enemies":"3 Byrds","floor":20.0,"turns":5.0},{"damage":1.0,"enemies":"3 Cultists","floor":24.0,"turns":7.0},{"damage":3,"enemies":"Cultist and Chosen","floor":27,"turns":8},{"damage":37,"enemies":"Slavers","floor":28,"turns":8},{"damage":0,"enemies":"Snecko","floor":29,"turns":6},{"damage":0,"enemies":"Book of Stabbing","floor":30,"turns":5},{"damage":25,"enemies":"Sentry and Sphere","floor":31,"turns":7},{"damage":51,"enemies":"Champ","floor":33,"turns":9}],"seed_played":"-1403016933882711045","potions_obtained":[{"floor":1.0,"key":"EssenceOfSteel"},{"floor":5.0,"key":"GamblersBrew"},{"floor":16.0,"key":"Strength Potion"},{"floor":20.0,"key":"PowerPotion"},{"floor":24.0,"key":"Slimebound:ThreeZeroPotion"},{"floor":28,"key":"AttackPotion"},{"floor":29,"key":"Energy Potion"},{"floor":30,"key":"champ:CounterPotion"}],"is_trial":false,"path_per_floor":["M","?","?","M","M","R","T","?","T","E","M","R","M","$","R","B",null,"M","?","M","T","?","R","M","R","T","M","E","M","E","M","R","B"],"character_chosen":"THE_CURSED","items_purchased":["TheCursedMod:LuckyCharm","Lee\u0027s Waffle","Apotheosis"],"campfire_rested":3,"item_purchase_floors":[14,14,14],"current_hp_per_floor":[70,55,55,55,55,55,55,55,55,36,34,34,36,82,82,82,82,82,82,81,81,81,82,81,82,82,79,44,46,48,25,49,0,0],"gold":291,"neow_bonus":"RANDOM_COMMON_RELIC","is_daily":false,"chose_seed":false,"campfire_upgraded":3,"win_rate":0.0,"timestamp":1608761841,"path_taken":["M","?","?","?","M","R","?","?","T","E","M","R","?","$","R","BOSS","M","?","M","?","?","R","?","R","T","M","E","M","E","M","R","BOSS"],"items_purchased_type":["Card","Relic","Card"],"build_version":"2020-12-22","purchased_purges":1,"victory":false,"max_hp_per_floor":[75,75,75,75,75,75,75,75,75,75,75,75,75,82,82,82,82,82,82,82,82,82,82,82,82,82,82,82,82,82,82,82,82,82],"card_choices":[{"not_picked":["TheCursedMod:ReleasedKnowledge","TheCursedMod:PrepareRite"],"picked":"TheCursedMod:HellsGateOpen","floor":1.0},{"not_picked":["TheCursedMod:StingEye","TheCursedMod:Stigma"],"picked":"TheCursedMod:RapidMovement","floor":4.0},{"not_picked":["TheCursedMod:CircleOfFocus","TheCursedMod:CursedMace"],"picked":"TheCursedMod:ReleasedKnowledge","floor":5.0},{"not_picked":["TheCursedMod:CursedShiv","TheCursedMod:Stretching"],"picked":"TheCursedMod:CursedAmulet","floor":10.0},{"not_picked":["TheCursedMod:Torture","TheCursedMod:CursedShiv"],"picked":"TheCursedMod:WearCloak","floor":11.0},{"not_picked":["TheCursedMod:Wield","TheCursedMod:CursedAmulet"],"picked":"TheCursedMod:Hemoplague","floor":13.0},{"not_picked":["TheCursedMod:Neurasthenia","TheCursedMod:UltimatePain"],"picked":"TheCursedMod:OutForBlood","floor":16.0},{"not_picked":["TheCursedMod:FuryStrike","TheCursedMod:TacticalStrike","TheCursedMod:SmokeScreen"],"picked":"SKIP","floor":18.0},{"not_picked":["TheCursedMod:CursedMace","TheCursedMod:CircleOfFlame+1"],"picked":"TheCursedMod:SurpriseAttack","floor":20.0},{"not_picked":["TheCursedMod:CursedAmulet+1","TheCursedMod:Torture"],"picked":"TheCursedMod:FleshFromBone","floor":24.0},{"not_picked":["TheCursedMod:Stretching+1","TheCursedMod:CircleOfCorruption"],"picked":"TheCursedMod:SurpriseAttack","floor":27},{"not_picked":["TheCursedMod:Torture","TheCursedMod:TacticalStrike"],"picked":"TheCursedMod:CollectTribute","floor":28},{"not_picked":["TheCursedMod:Stigma+1","TheCursedMod:CursedShiv+1","TheCursedMod:CursedBlade"],"picked":"SKIP","floor":29},{"not_picked":["TheCursedMod:Hemoplague","TheCursedMod:Stretching","TheCursedMod:AbyssShockwave+1"],"picked":"SKIP","floor":30},{"not_picked":["TheCursedMod:FleshFromBone","TheCursedMod:TacticalStrike","TheCursedMod:BloodBarrier"],"picked":"TheCursedMod:SpitefulPray","floor":31}],"player_experience":123602,"relics_obtained":[{"floor":7.0,"key":"Blood Vial"},{"floor":9.0,"key":"MawBank"},{"floor":10.0,"key":"InkBottle"},{"floor":21.0,"key":"TheCursedMod:DemonicMark"},{"floor":26,"key":"Bag of Preparation"},{"floor":28,"key":"Orichalcum"},{"floor":30,"key":"Question Card"}],"event_choices":[{"damage_healed":0.0,"max_hp_gain":0.0,"max_hp_loss":0.0,"gold_gain":0.0,"event_name":"Shining Light","player_choice":"Entered Light","floor":2.0,"gold_loss":0.0,"damage_taken":15.0,"cards_upgraded":["TheCursedMod:Defend_TheCursed","TheCursedMod:CleanUpWorkshop"]},{"damage_healed":0.0,"max_hp_gain":0.0,"max_hp_loss":0.0,"gold_gain":175.0,"event_name":"Liars Game","player_choice":"AGREE","floor":3.0,"gold_loss":0.0,"damage_taken":0.0,"cards_obtained":["Doubt"]},{"damage_healed":0.0,"max_hp_gain":0.0,"max_hp_loss":0.0,"gold_gain":0.0,"cards_transformed":["TheCursedMod:Strike_TheCursed"],"event_name":"Transmorgrifier","player_choice":"Transformed","floor":8.0,"gold_loss":0.0,"damage_taken":0.0,"cards_obtained":["TheCursedMod:Neurasthenia"]},{"damage_healed":0.0,"max_hp_gain":0.0,"max_hp_loss":0.0,"gold_gain":0.0,"event_name":"Addict","player_choice":"Obtained Relic","floor":19.0,"gold_loss":85.0,"damage_taken":0.0,"relics_obtained":["White Beast Statue"]},{"damage_healed":0.0,"max_hp_gain":0.0,"max_hp_loss":0.0,"gold_gain":0.0,"event_name":"NoteForYourself","player_choice":"Ignored","floor":22.0,"gold_loss":0.0,"damage_taken":0.0}],"is_beta":false,"boss_relics":[{"not_picked":["Snecko Eye","Ectoplasm"],"picked":"Fusion Hammer"}],"items_purged_floors":[14],"is_endless":false,"potions_floor_spawned":[1,5,16,20,24,27,28,29,30,31],"killed_by":"Champ","ascension_level":0}}