{"host":"pf5oese4ka0eje7d","time":1608740230,"event":{"mods":["AchievementEnabler","BaseMod","Colored Map","Minty Spire (QoL Compilation)","StSLib","SuperFastMode"],"gold_per_floor":[117,129,94,94,110,110,110,141,141,141,157,190,38,50,50,50,50],"floor_reached":16,"playtime":306,"items_purged":["Anger"],"score":154,"play_id":"08467620-051e-46d5-94ae-7a562cca841e","local_time":"20201223171710","is_ascension_mode":true,"campfire_choices":[{"data":"Rampage","floor":6,"key":"SMITH"},{"floor":10,"key":"REST"},{"floor":15,"key":"REST"}],"circlet_count":0,"master_deck":["Strike_R","Strike_R","Strike_R","Strike_R","Defend_R","Defend_R","Defend_R","Bash","Sword Boomerang","Rampage+1","Thunderclap","Disarm","Battle Trance","Feed","Armaments"],"relics":["Burning Blood","Paper Frog","Bronze Scales"],"acts_visited":["Exordium"],"potions_floor_usage":[],"damage_taken":[{"damage":5,"enemies":"2 Louse","floor":1,"turns":3},{"damage":7,"enemies":"Jaw Worm","floor":2,"turns":2},{"damage":0,"enemies":"Small Slimes","floor":5,"turns":3},{"damage":60,"enemies":"3 Sentries","floor":8,"turns":10},{"damage":9,"enemies":"Red Slaver","floor":11,"turns":3},{"damage":30,"enemies":"Gremlin Nob","floor":12,"turns":4},{"damage":10,"enemies":"Blue Slaver","floor":14,"turns":4},{"damage":44,"enemies":"Slime Boss","floor":16,"turns":5}],"seed_played":"2905744433034541385","potions_obtained":[{"floor":1,"key":"SpeedPotion"},{"floor":2,"key":"Dexterity Potion"},{"floor":14,"key":"Swift Potion"}],"is_trial":false,"path_per_floor":["M","M","?","?","M","R","?","E","T","R","M","E","$","M","R","B"],"character_chosen":"IRONCLAD","items_purchased":["Feed"],"campfire_rested":2,"item_purchase_floors":[13],"current_hp_per_floor":[73,72,72,72,78,78,78,24,24,48,45,21,21,17,41,0,0],"gold":50,"neow_bonus":"REMOVE_CARD","is_daily":false,"chose_seed":false,"campfire_upgraded":1,"win_rate":0.0,"timestamp":1608740230,"path_taken":["M","M","?","?","M","R","?","E","T","R","M","E","$","M","R","BOSS"],"items_purchased_type":["Card"],"build_version":"2020-12-22","purchased_purges":1,"victory":false,"max_hp_per_floor":[80,80,80,80,80,80,80,80,80,80,80,80,80,80,80,80,80],"card_choices":[{"not_picked":["Clothesline","Headbutt"],"picked":"Anger","floor":1},{"not_picked":["True Grit","Havoc"],"picked":"Sword Boomerang","floor":2},{"not_picked":["Pummel","Disarm"],"picked":"Rampage","floor":5},{"not_picked":["Power Through","Dropkick"],"picked":"Thunderclap","floor":8},{"not_picked":["Searing Blow","Thunderclap"],"picked":"Disarm","floor":11},{"not_picked":["Warcry","True Grit"],"picked":"Battle Trance","floor":12},{"not_picked":["Twin Strike","Clothesline"],"picked":"Armaments","floor":14}],"player_experience":307184,"relics_obtained":[{"floor":8,"key":"Paper Frog"},{"floor":12,"key":"Bronze Scales"}],"event_choices":[{"damage_healed":0,"gold_gain":0,"player_choice":"Left Gold","damage_taken":0,"max_hp_gain":0,"max_hp_loss":0,"event_name":"World of Goop","floor":3,"gold_loss":35},{"damage_healed":0,"gold_gain":0,"player_choice":"Ignored","damage_taken":0,"max_hp_gain":0,"max_hp_loss":0,"event_name":"Liars Game","floor":4,"gold_loss":0},{"cards_removed":["Strike_R"],"damage_healed":0,"gold_gain":0,"player_choice":"Forget","damage_taken":0,"max_hp_gain":0,"max_hp_loss":0,"event_name":"Living Wall","floor":7,"gold_loss":0}],"is_beta":false,"boss_relics":[],"items_purged_floors":[13],"is_endless":false,"potions_floor_spawned":[1,2,14],"killed_by":"Slime Boss","ascension_level":8}}