{"host":"1vysks8ssvkrgxm9","time":1608721030,"event":{"mods":["Always Whale","BaseMod","Lobotomy","Minty Spire (QoL Compilation)","StSLib","SuperFastMode"],"gold_per_floor":[10117,9104,9104,9119,8265,8265,8293,8293],"floor_reached":7,"playtime":225,"items_purged":["Defend_B","Forethought"],"score":126,"play_id":"2caa7eef-3de5-41a2-96cc-8fecc39137fa","local_time":"20201223195710","is_ascension_mode":true,"campfire_choices":[{"data":"Storm","floor":6,"key":"SMITH"}],"circlet_count":0,"master_deck":["Strike_B","Strike_B","Strike_B","Strike_B","Defend_B","Defend_B","Defend_B","Zap","Dualcast","Conserve Battery","Secret Weapon","Sweeping Beam","Go for the Eyes","Storm+1","Flash of Steel","Hello World","Force Field","Turbo"],"relics":["SlaversCollar","Shuriken","Emotion Chip","Cauldron","Mercury Hourglass","Bottled Tornado","HornCleat"],"acts_visited":["Exordium"],"potions_floor_usage":[],"damage_taken":[{"damage":0,"enemies":"2 Louse","floor":1,"turns":2},{"damage":1,"enemies":"Cultist","floor":4,"turns":3},{"damage":18,"enemies":"3 Sentries","floor":7,"turns":4}],"seed_played":"1081169238337476864","potions_obtained":[{"floor":2,"key":"Dexterity Potion"},{"floor":2,"key":"ColorlessPotion"},{"floor":2,"key":"Swift Potion"}],"is_trial":false,"path_per_floor":["M","$","?","M","$","R","E"],"character_chosen":"DEFECT","items_purchased":["Shuriken","Emotion Chip","Cauldron","Secret Weapon","Sweeping Beam","Mercury Hourglass","Flash of Steel","Hello World","Force Field","Bottled Tornado"],"campfire_rested":0,"item_purchase_floors":[2,2,2,2,2,5,5,5,5,5],"current_hp_per_floor":[75,75,75,74,74,74,56,56],"gold":8293,"neow_bonus":"BOSS_RELIC","is_daily":false,"chose_seed":false,"campfire_upgraded":1,"win_rate":0.0,"timestamp":1608721030,"path_taken":["M","$","?","M","$","R","E"],"items_purchased_type":["Relic","Relic","Relic","Card","Card","Relic","Card","Card","Card","Relic"],"build_version":"2020-12-22","purchased_purges":2,"victory":false,"max_hp_per_floor":[75,75,75,75,75,75,75,75],"card_choices":[{"not_picked":["Go for the Eyes","Beam Cell"],"picked":"Conserve Battery","floor":1},{"not_picked":["Coolheaded","Hologram"],"picked":"Storm","floor":4},{"not_picked":["Stack","Beam Cell"],"picked":"Turbo","floor":7}],"player_experience":44210,"relics_obtained":[{"floor":7,"key":"HornCleat"}],"event_choices":[{"damage_healed":0,"gold_gain":0,"player_choice":"2 cards matched","damage_taken":0,"max_hp_gain":0,"max_hp_loss":0,"event_name":"Match and Keep!","floor":3,"gold_loss":0,"cards_obtained":["Forethought","Go for the Eyes"]},{"damage_healed":0,"gold_gain":0,"player_choice":"2 cards matched","damage_taken":0,"max_hp_gain":0,"max_hp_loss":0,"event_name":"Match and Keep!","floor":3,"gold_loss":0,"cards_obtained":["Forethought","Go for the Eyes"]}],"is_beta":false,"boss_relics":[],"items_purged_floors":[2,5],"is_endless":false,"potions_floor_spawned":[4],"killed_by":"3 Sentries","ascension_level":1}}