{"host":"hgkb2zpbo2dcws21","time":1608730431,"event":{"mods":["AchievementEnabler","BaseMod","Colored Map","Colored Powertips","Custom Start","DeckTracker","KOR Keyword Fix","Minty Spire (QoL Compilation)","Relic Stats","StSLib","SuperFastMode"],"gold_per_floor":[114,133,148,1,1,1,36,52,76,92,92,122,195,214,214,302,302,320,341,352,149,166,166,166],"floor_reached":23,"playtime":846,"items_purged":["Strike_P"],"score":391,"play_id":"a50f12b5-eb32-402c-857e-4755c907ae63","local_time":"20201223223351","is_ascension_mode":true,"campfire_choices":[{"data":"Eruption","floor":6.0,"key":"SMITH"},{"floor":11.0,"key":"REST"},{"data":"Halt","floor":15,"key":"SMITH"}],"circlet_count":0,"master_deck":["AscendersBane","Strike_P","Defend_P","Defend_P+1","Defend_P+1","Defend_P+1","Eruption+1","Vigilance","LessonLearned+1","Indignation+1","Evaluate+1","SignatureMove+1","InnerPeace+1","Halt+1","DeusExMachina","Meditate+1","MentalFortress","Scrawl"],"relics":["PureWater","HandDrill","Bag of Preparation","PreservedInsect","CeramicFish","Omamori","Empty Cage","Orrery"],"acts_visited":["Exordium","TheCity"],"potions_floor_usage":[],"damage_taken":[{"damage":4.0,"enemies":"Jaw Worm","floor":1.0,"turns":3.0},{"damage":6.0,"enemies":"Small Slimes","floor":2.0,"turns":3.0},{"damage":0.0,"enemies":"Cultist","floor":3.0,"turns":3.0},{"damage":0.0,"enemies":"Lagavulin","floor":7.0,"turns":4.0},{"damage":2.0,"enemies":"Gremlin Gang","floor":8.0,"turns":2.0},{"damage":31.0,"enemies":"Exordium Wildlife","floor":10.0,"turns":4.0},{"damage":12,"enemies":"Gremlin Nob","floor":12,"turns":3},{"damage":4,"enemies":"Gremlin Nob","floor":13,"turns":3},{"damage":0,"enemies":"Looter","floor":14,"turns":2},{"damage":10,"enemies":"The Guardian","floor":16,"turns":11},{"damage":22,"enemies":"2 Thieves","floor":18,"turns":4},{"damage":3,"enemies":"Spheric Guardian","floor":19,"turns":3},{"damage":0,"enemies":"Shelled Parasite and Fungi","floor":20,"turns":2},{"damage":11,"enemies":"Sentry and Sphere","floor":22,"turns":6},{"damage":21,"enemies":"Book of Stabbing","floor":23,"turns":3}],"seed_played":"-6073529737135940798","potions_obtained":[{"floor":3.0,"key":"Explosive Potion"},{"floor":8.0,"key":"BottledMiracle"},{"floor":10.0,"key":"AttackPotion"},{"floor":12,"key":"SpeedPotion"}],"is_trial":false,"path_per_floor":["M","M","M","$","?","R","E","M","T","M","R","E","?","M","R","B",null,"M","M","M","$","M","E"],"character_chosen":"WATCHER","items_purchased":["HandDrill","Orrery"],"campfire_rested":1,"item_purchase_floors":[4,21],"current_hp_per_floor":[57,51,51,51,56,56,56,54,54,23,43,31,27,27,27,17,55,33,30,30,30,19,0,0],"gold":166,"neow_bonus":"THREE_RARE_CARDS","is_daily":false,"chose_seed":false,"campfire_upgraded":2,"win_rate":0.0,"timestamp":1608730431,"path_taken":["M","M","M","$","?","R","E","M","T","M","R","E","?","?","R","BOSS","M","M","M","$","M","E"],"items_purchased_type":["Relic","Relic"],"build_version":"2020-12-22","purchased_purges":1,"victory":false,"max_hp_per_floor":[62,62,62,62,67,67,67,67,67,67,67,67,67,67,67,67,67,67,67,67,67,67,67,67],"relic_stats":{"counters":[15,56],"CeramicFish":45,"PreservedInsect":87,"HandDrill":[16],"Bag of Preparation":[23],"obtain_stats":[{"CeramicFish":12,"Orrery":21,"PreservedInsect":9,"HandDrill":4,"Bag of Preparation":7,"Omamori":13,"PureWater":0,"Empty Cage":17},{"CeramicFish":7,"Orrery":13,"PreservedInsect":5,"HandDrill":3,"Bag of Preparation":4,"Omamori":8,"PureWater":0,"Empty Cage":10},{"CeramicFish":22,"Orrery":47,"PreservedInsect":15,"HandDrill":9,"Bag of Preparation":13,"Omamori":25,"PureWater":0,"Empty Cage":38}]},"card_choices":[{"not_picked":["Ragnarok","Alpha"],"picked":"LessonLearned","floor":0.0},{"not_picked":["Consecrate","BowlingBash"],"picked":"Indignation","floor":1.0},{"not_picked":["Crescendo","Consecrate"],"picked":"Evaluate","floor":2.0},{"not_picked":["Indignation","Consecrate"],"picked":"SignatureMove","floor":3.0},{"not_picked":["Conclude","Omniscience","FlyingSleeves"],"picked":"SKIP","floor":7.0},{"not_picked":["CrushJoints","ReachHeaven","PathToVictory"],"picked":"SKIP","floor":8.0},{"not_picked":["Nirvana","EmptyBody"],"picked":"InnerPeace","floor":10.0},{"not_picked":["SashWhip","LikeWater","Devotion"],"picked":"SKIP","floor":12},{"not_picked":["WaveOfTheHand","SashWhip"],"picked":"Halt","floor":13},{"not_picked":["Fasting2","Indignation","ReachHeaven"],"picked":"SKIP","floor":14},{"not_picked":["Devotion","SpiritShield"],"picked":"DeusExMachina","floor":16},{"not_picked":["Consecrate","ClearTheMind","Prostrate"],"picked":"SKIP","floor":18},{"not_picked":["Sanctity","EmptyFist"],"picked":"Meditate","floor":19},{"not_picked":["SignatureMove","EmptyFist","ClearTheMind"],"picked":"SKIP","floor":20},{"not_picked":["ConjureBlade","EmptyFist"],"picked":"MentalFortress","floor":21},{"not_picked":["Omniscience","Prostrate"],"picked":"Scrawl","floor":21},{"not_picked":["SashWhip","Vengeance","Crescendo"],"picked":"SKIP","floor":22}],"player_experience":1100771,"relics_obtained":[{"floor":7.0,"key":"Bag of Preparation"},{"floor":9.0,"key":"PreservedInsect"},{"floor":12,"key":"CeramicFish"},{"floor":13,"key":"Omamori"}],"event_choices":[{"damage_healed":0.0,"max_hp_gain":5.0,"max_hp_loss":0.0,"gold_gain":0.0,"event_name":"Big Fish","player_choice":"Donut","floor":5.0,"gold_loss":0.0,"damage_taken":0.0},{"damage_healed":0,"gold_gain":0,"player_choice":"Searched \u00272\u0027 times","damage_taken":0,"max_hp_gain":0,"max_hp_loss":0,"event_name":"Dead Adventurer","floor":13,"gold_loss":0}],"is_beta":false,"boss_relics":[{"not_picked":["VioletLotus","Snecko Eye"],"picked":"Empty Cage"}],"items_purged_floors":[21],"is_endless":false,"potions_floor_spawned":[3,8,10,12,13,18,20],"killed_by":"Book of Stabbing","ascension_level":14}}