{"host":"aflbxk582lws3lri","time":1608762396,"event":{"mods":["BaseMod","Minty Spire (QoL Compilation)"],"gold_per_floor":[115,130,141,90,108,133,148,163,233,233,233,245,245,261,261,359,359,379,359,172,122,134,134,465,465,492,527,527,73,85,111,111,214,214,230,248,258,275,275,275],"floor_reached":39,"playtime":8286,"items_purged":[],"score":472,"play_id":"5983420c-16ac-4122-bcd3-86eff547deb0","local_time":"20201223162636","is_ascension_mode":false,"campfire_choices":[{"data":"Crippling Poison","floor":11.0,"key":"SMITH"},{"data":"Neutralize","floor":13.0,"key":"SMITH"},{"data":"Blur","floor":15.0,"key":"SMITH"},{"floor":23.0,"key":"REST"},{"floor":25.0,"key":"REST"},{"floor":28.0,"key":"REST"},{"floor":32.0,"key":"REST"}],"circlet_count":0,"master_deck":["Strike_G","Strike_G","Strike_G","Strike_G","Strike_G","Defend_G","Defend_G","Defend_G","Defend_G","Defend_G","Survivor","Neutralize+1","Deadly Poison","Dodge and Roll","Flying Knee","Blur+1","Deadly Poison","Deflect","Crippling Poison+1","Quick Slash+1","Poisoned Stab+1","Envenom","Dagger Spray+1","Footwork","Blade Dance","Riddle With Holes+1","PiercingWail","Dodge and Roll","Bullet Time","Prepared+1","Parasite","Noxious Fumes+1"],"relics":["Ring of the Snake","InkBottle","Ornamental Fan","Molten Egg 2","Philosopher\u0027s Stone","TwistedFunnel","Old Coin","Ancient Tea Set","WingedGreaves","StoneCalendar","TheAbacus","Juzu Bracelet","SlaversCollar"],"acts_visited":["TheBeyond"],"potions_floor_usage":[],"damage_taken":[{"damage":1.0,"enemies":"Cultist","floor":1.0,"turns":5.0},{"damage":2.0,"enemies":"Small Slimes","floor":2.0,"turns":4.0},{"damage":0.0,"enemies":"Jaw Worm","floor":3.0,"turns":4.0},{"damage":0.0,"enemies":"Looter","floor":5.0,"turns":3.0},{"damage":12.0,"enemies":"Lagavulin","floor":6.0,"turns":8.0},{"damage":4.0,"enemies":"Red Slaver","floor":7.0,"turns":4.0},{"damage":5.0,"enemies":"Exordium Wildlife","floor":8.0,"turns":6.0},{"damage":1.0,"enemies":"Blue Slaver","floor":12.0,"turns":4.0},{"damage":0.0,"enemies":"Looter","floor":14.0,"turns":4.0},{"damage":20.0,"enemies":"Hexaghost","floor":16.0,"turns":11.0},{"damage":12.0,"enemies":"Spheric Guardian","floor":18.0,"turns":5.0},{"damage":5.0,"enemies":"2 Thieves","floor":19.0,"turns":4.0},{"damage":37.0,"enemies":"Shelled Parasite and Fungi","floor":22.0,"turns":5.0},{"damage":33.0,"enemies":"Slavers","floor":24.0,"turns":6.0},{"damage":8.0,"enemies":"Gremlin Leader","floor":27.0,"turns":5.0},{"damage":0.0,"enemies":"Sentry and Sphere","floor":30.0,"turns":5.0},{"damage":4.0,"enemies":"Slavers","floor":31.0,"turns":4.0},{"damage":21.0,"enemies":"Automaton","floor":33.0,"turns":9.0},{"damage":0.0,"enemies":"Orb Walker","floor":35.0,"turns":4.0},{"damage":29,"enemies":"3 Shapes","floor":36,"turns":4},{"damage":16,"enemies":"Maw","floor":37,"turns":8},{"damage":30,"enemies":"Writhing Mass","floor":38,"turns":7},{"damage":13,"enemies":"Spire Growth","floor":39,"turns":2}],"seed_played":"-7524384479666534815","potions_obtained":[{"floor":5.0,"key":"DistilledChaos"},{"floor":6.0,"key":"EssenceOfSteel"},{"floor":14.0,"key":"PowerPotion"},{"floor":24.0,"key":"AttackPotion"},{"floor":30.0,"key":"SneckoOil"},{"floor":31.0,"key":"Explosive Potion"},{"floor":33.0,"key":"Strength Potion"},{"floor":35.0,"key":"SmokeBomb"}],"is_trial":false,"path_per_floor":["M","M","M","$","M","E","M","M","T","T","R","M","R","M","R","B",null,"M","M","$","?","M","R","E","R","T","E","R","$","M","E","R","B",null,"M","M","M","M","M"],"character_chosen":"THE_SILENT","items_purchased":["Poison Potion","Footwork","TwistedFunnel","StoneCalendar","TheAbacus"],"campfire_rested":4,"item_purchase_floors":[4,20,20,29,29],"current_hp_per_floor":[76,74,74,74,74,62,58,53,53,53,53,52,52,52,52,32,77,65,60,60,60,23,46,13,36,36,28,51,51,51,47,70,49,77,77,48,32,2,0,0],"gold":275,"neow_bonus":"TEN_PERCENT_HP_BONUS","is_daily":false,"chose_seed":false,"campfire_upgraded":3,"win_rate":0.0,"timestamp":1608762396,"path_taken":["M","M","M","$","M","E","M","M","T","?","R","M","R","?","R","BOSS","M","M","$","?","M","R","E","R","T","E","R","?","M","E","R","BOSS","M","M","M","M","M"],"items_purchased_type":["Potion","Card","Relic","Relic","Relic"],"build_version":"2020-12-22","purchased_purges":0,"victory":false,"max_hp_per_floor":[77,77,77,77,77,77,77,77,77,77,77,77,77,77,77,77,77,77,77,77,77,77,77,77,77,77,77,77,77,77,77,77,77,77,77,77,77,77,77,77],"card_choices":[{"not_picked":["Prepared","Dagger Spray"],"picked":"Deadly Poison","floor":1.0},{"not_picked":["Backflip","Quick Slash"],"picked":"Dodge and Roll","floor":2.0},{"not_picked":["Flechettes","Riddle With Holes"],"picked":"Flying Knee","floor":3.0},{"not_picked":["Acrobatics","Wraith Form v2"],"picked":"Blur","floor":5.0},{"not_picked":["Calculated Gamble","Quick Slash"],"picked":"Deadly Poison","floor":6.0},{"not_picked":["Dagger Throw","Slice"],"picked":"Deflect","floor":7.0},{"not_picked":["Deadly Poison","Escape Plan"],"picked":"Crippling Poison","floor":8.0},{"not_picked":["Acrobatics","Choke+1"],"picked":"Quick Slash+1","floor":12.0},{"not_picked":["Slice+1","Tactician"],"picked":"Poisoned Stab+1","floor":14.0},{"not_picked":["Doppelganger","After Image"],"picked":"Envenom","floor":16.0},{"not_picked":["Poisoned Stab+1","Deflect","Tactician"],"picked":"SKIP","floor":18.0},{"not_picked":["Backflip","Blade Dance"],"picked":"Dagger Spray+1","floor":19.0},{"not_picked":["Flying Knee+1","Infinite Blades"],"picked":"Blade Dance","floor":22.0},{"not_picked":["Blade Dance","Underhanded Strike+1"],"picked":"Riddle With Holes+1","floor":24.0},{"not_picked":["Predator+1","Expertise","Dagger Throw+1"],"picked":"SKIP","floor":27.0},{"not_picked":["Sucker Punch+1","Dagger Throw+1"],"picked":"PiercingWail","floor":30.0},{"not_picked":["Sucker Punch+1","Distraction"],"picked":"Dodge and Roll","floor":31.0},{"not_picked":["Tools of the Trade","Adrenaline"],"picked":"Bullet Time","floor":33.0},{"not_picked":["Deflect","Flying Knee+1"],"picked":"Prepared+1","floor":35.0},{"not_picked":["Infinite Blades","Heel Hook+1","Dagger Throw+1"],"picked":"SKIP","floor":36},{"not_picked":["PiercingWail+1","Blade Dance+1","Slice+1"],"picked":"SKIP","floor":37},{"not_picked":["Heel Hook+1","Quick Slash+1"],"picked":"Noxious Fumes+1","floor":38}],"player_experience":9229,"relics_obtained":[{"floor":6.0,"key":"InkBottle"},{"floor":9.0,"key":"Ornamental Fan"},{"floor":10.0,"key":"Molten Egg 2"},{"floor":24.0,"key":"Old Coin"},{"floor":26.0,"key":"Ancient Tea Set"},{"floor":27.0,"key":"WingedGreaves"},{"floor":31.0,"key":"Juzu Bracelet"}],"event_choices":[{"damage_healed":0.0,"max_hp_gain":0.0,"max_hp_loss":0.0,"gold_gain":0.0,"event_name":"The Joust","player_choice":"Bet on Murderer","floor":21.0,"gold_loss":50.0,"damage_taken":0.0}],"is_beta":false,"boss_relics":[{"not_picked":["HoveringKite","Runic Dome"],"picked":"Philosopher\u0027s Stone"},{"not_picked":["Ring of the Serpent","Fusion Hammer"],"picked":"SlaversCollar"}],"items_purged_floors":[],"is_endless":false,"potions_floor_spawned":[5,6,14,16,24,30,31,33,35,37,38],"killed_by":"Spire Growth","ascension_level":0}}