{"host":"6gwm7y0tp7acoxay","time":1608722787,"event":{"mods":["BaseMod","Colored Map","Keyboard Shortcuts","Minty Spire (QoL Compilation)","Quick Restart","StSLib","SuperFastMode","everything is the same but u backflip on backflip"],"gold_per_floor":[116,116,116,116,116,143,143,160,209,243,274,306,341,367,367,441,441,457,44,44,44,44,78,103,135,158,193,193,209,223,249,249,325,325,335,335,72,72,397,432,432,432,432,307,341,372,404,439,439,439,439,439,439,216,241,241],"floor_reached":57,"playtime":1996,"items_purged":["Conserve Battery","Ball Lightning","Gash","Cold Snap"],"score":4089,"play_id":"43f487ab-2fb1-427c-81c3-969f1595e5fc","local_time":"20201223202627","daily_mods":["SealedDeck","Heirloom","Flight"],"is_ascension_mode":true,"campfire_choices":[{"data":"Coolheaded","floor":7,"key":"SMITH"},{"data":"White Noise","floor":15,"key":"SMITH"},{"data":"Defragment","floor":28,"key":"SMITH"},{"data":"Hologram","floor":32,"key":"SMITH"},{"floor":49,"key":"RECALL"},{"data":"Biased Cognition","floor":53,"key":"SMITH"}],"circlet_count":0,"master_deck":["AscendersBane","Coolheaded+1","Defragment+1","Genetic Algorithm","Glacier","Beam Cell","Genetic Algorithm","Go for the Eyes","Electrodynamics","White Noise+1","Recycle","Blizzard+1","Defragment+1","Hologram+1","Core Surge","Biased Cognition+1"],"relics":["Cracked Core","Emotion Chip","Torii","InkBottle","DataDisk","Potion Belt","Question Card","Strawberry","Gambling Chip","Bronze Scales","CaptainsWheel","Sozu","PreservedInsect","Vajra","MutagenicStrength","Singing Bowl","Art of War","Calipers","Letter Opener","Bag of Preparation","Regal Pillow","Black Star","OrangePellets","Old Coin","Girya","Bottled Lightning","StrikeDummy","Symbiotic Virus","Anchor","Lantern","FossilizedHelix","Dream Catcher","Smiling Mask","Blue Candle","Du-Vu Doll","Mango","Centennial Puzzle","Happy Flower","Sundial"],"acts_visited":["Exordium","TheCity","TheBeyond","TheEnding"],"potions_floor_usage":[56,56],"damage_taken":[{"damage":0,"enemies":"Cultist","floor":1,"turns":3},{"damage":10,"enemies":"Gremlin Nob","floor":6,"turns":4},{"damage":0,"enemies":"2 Louse","floor":8,"turns":2},{"damage":0,"enemies":"Lagavulin","floor":10,"turns":6},{"damage":14,"enemies":"Gremlin Nob","floor":11,"turns":5},{"damage":0,"enemies":"Lagavulin","floor":12,"turns":6},{"damage":1,"enemies":"Gremlin Nob","floor":13,"turns":3},{"damage":0,"enemies":"Lagavulin","floor":14,"turns":5},{"damage":0,"enemies":"Hexaghost","floor":16,"turns":6},{"damage":0,"enemies":"Shell Parasite","floor":18,"turns":3},{"damage":0,"enemies":"Book of Stabbing","floor":23,"turns":3},{"damage":0,"enemies":"Slavers","floor":24,"turns":3},{"damage":6,"enemies":"Gremlin Leader","floor":25,"turns":4},{"damage":0,"enemies":"Book of Stabbing","floor":27,"turns":3},{"damage":0,"enemies":"Chosen","floor":29,"turns":3},{"damage":0,"enemies":"Snecko","floor":30,"turns":3},{"damage":20,"enemies":"Slavers","floor":31,"turns":2},{"damage":0,"enemies":"Champ","floor":33,"turns":10},{"damage":0,"enemies":"3 Shapes","floor":35,"turns":2},{"damage":0,"enemies":"Mind Bloom Boss Battle","floor":39,"turns":5},{"damage":0,"enemies":"Nemesis","floor":40,"turns":5},{"damage":1,"enemies":"Reptomancer","floor":45,"turns":3},{"damage":0,"enemies":"Giant Head","floor":46,"turns":5},{"damage":0,"enemies":"Nemesis","floor":47,"turns":7},{"damage":12,"enemies":"Reptomancer","floor":48,"turns":3},{"damage":0,"enemies":"Awakened One","floor":50,"turns":10},{"damage":0,"enemies":"Time Eater","floor":51,"turns":10},{"damage":0,"enemies":"Shield and Spear","floor":55,"turns":6},{"damage":0,"enemies":"The Heart","floor":56,"turns":8}],"seed_played":"-1684520683957259155","potions_obtained":[{"floor":11,"key":"Ancient Potion"},{"floor":13,"key":"PotionOfCapacity"},{"floor":16,"key":"Strength Potion"}],"is_trial":true,"path_per_floor":["M","T","?","?","?","E","R","M","T","E","E","E","E","E","R","B",null,"M","$","?","?","T","E","E","E","T","E","R","M","M","E","R","B",null,"M","?","$","?","?","E","T","?","T","$","E","E","E","E","R","B","B",null,"R","$","E","B",null],"character_chosen":"DEFECT","items_purchased":["PreservedInsect","Vajra","OrangePellets","Centennial Puzzle"],"campfire_rested":0,"item_purchase_floors":[19,19,37,54],"current_hp_per_floor":[64,64,69,51,51,41,41,41,41,41,34,34,33,33,33,33,71,71,71,71,71,71,71,71,67,67,69,69,71,73,53,53,53,82,84,84,84,84,86,88,88,88,88,88,87,89,91,95,95,95,95,108,108,108,110,110],"gold":241,"neow_bonus":"","is_daily":false,"chose_seed":false,"campfire_upgraded":5,"win_rate":0.0,"timestamp":1608722787,"path_taken":["M","?","?","?","?","E","R","?","T","E","E","E","E","E","R","BOSS","M","$","?","?","?","E","E","E","T","E","R","?","M","E","R","BOSS","M","?","$","?","?","E","?","?","T","$","E","E","E","E","R","BOSS","BOSS","R","$","E","BOSS"],"items_purchased_type":["Relic","Relic","Relic","Relic"],"build_version":"2020-12-22","purchased_purges":4,"victory":true,"max_hp_per_floor":[71,71,76,76,76,76,76,76,76,76,83,83,83,83,83,83,83,83,83,83,83,83,83,83,85,85,87,87,89,91,91,91,91,91,93,93,93,93,95,97,97,92,92,92,92,94,96,112,112,112,112,112,112,112,114,114],"card_choices":[{"not_picked":["Barrage","Beam Cell"],"picked":"Genetic Algorithm","floor":1},{"not_picked":["Chaos","Steam","Conserve Battery"],"picked":"SKIP","floor":6},{"not_picked":["Rebound","Barrage"],"picked":"Go for the Eyes","floor":8},{"not_picked":["Fission","Rebound","Go for the Eyes"],"picked":"SKIP","floor":10},{"not_picked":["Doom and Gloom","Steam","Steam Power"],"picked":"Electrodynamics","floor":11},{"not_picked":["Stack","Tempest","Ball Lightning","Amplify"],"picked":"SKIP","floor":12},{"not_picked":["Sweeping Beam","Rainbow","Streamline"],"picked":"White Noise","floor":13},{"not_picked":["Steam","Ball Lightning","Go for the Eyes","Stack"],"picked":"SKIP","floor":14},{"not_picked":["Undo","Static Discharge","Rebound"],"picked":"Recycle","floor":18},{"not_picked":["Auto Shields","Skim","Rip and Tear"],"picked":"Blizzard+1","floor":23},{"not_picked":["Streamline","Beam Cell","Compile Driver"],"picked":"Defragment","floor":24},{"not_picked":["Steam+1","Recycle","Rebound","Barrage"],"picked":"Singing Bowl","floor":25},{"not_picked":["Compile Driver","Reprogram","All For One","Leap"],"picked":"Singing Bowl","floor":27},{"not_picked":["Cold Snap","Steam","BootSequence","Coolheaded"],"picked":"Singing Bowl","floor":29},{"not_picked":["Rebound","Streamline","Fusion+1","Sweeping Beam"],"picked":"Singing Bowl","floor":30},{"not_picked":["Force Field","Conserve Battery","Turbo+1"],"picked":"Hologram","floor":31},{"not_picked":["Reboot","Fission","Hyperbeam"],"picked":"Core Surge","floor":33},{"not_picked":["Lockon+1","Turbo","Gash","Ball Lightning+1"],"picked":"Singing Bowl","floor":35},{"not_picked":["Blind","Violence","Discovery"],"picked":"Dark Shackles","floor":36},{"not_picked":["Steam Power","Cold Snap","Melter","Sweeping Beam+1"],"picked":"Singing Bowl","floor":39},{"not_picked":["Darkness","Gash","Heatsinks+1","Fusion"],"picked":"Singing Bowl","floor":40},{"not_picked":["White Noise+1","Hologram","Cold Snap"],"picked":"Biased Cognition","floor":45},{"not_picked":["Fusion+1","Heatsinks","Leap+1","Self Repair"],"picked":"Singing Bowl","floor":46},{"not_picked":["Ball Lightning","Steam","Beam Cell","Machine Learning"],"picked":"Singing Bowl","floor":47},{"not_picked":["Lockon","Turbo+1","Ball Lightning+1","Hologram"],"picked":"Singing Bowl","floor":48},{"not_picked":["Streamline","Recycle","Scrape","Barrage"],"picked":"Singing Bowl","floor":55}],"player_experience":4311027,"relics_obtained":[{"floor":2,"key":"Torii"},{"floor":6,"key":"DataDisk"},{"floor":9,"key":"Potion Belt"},{"floor":10,"key":"Question Card"},{"floor":11,"key":"Strawberry"},{"floor":12,"key":"Gambling Chip"},{"floor":13,"key":"Bronze Scales"},{"floor":14,"key":"CaptainsWheel"},{"floor":22,"key":"Singing Bowl"},{"floor":23,"key":"Art of War"},{"floor":24,"key":"Calipers"},{"floor":25,"key":"Letter Opener"},{"floor":27,"key":"Bag of Preparation"},{"floor":31,"key":"Regal Pillow"},{"floor":39,"key":"Old Coin"},{"floor":40,"key":"Girya"},{"floor":40,"key":"Bottled Lightning"},{"floor":41,"key":"StrikeDummy"},{"floor":43,"key":"Symbiotic Virus"},{"floor":45,"key":"Anchor"},{"floor":45,"key":"Lantern"},{"floor":46,"key":"FossilizedHelix"},{"floor":46,"key":"Dream Catcher"},{"floor":47,"key":"Smiling Mask"},{"floor":47,"key":"Blue Candle"},{"floor":48,"key":"Du-Vu Doll"},{"floor":48,"key":"Mango"},{"floor":55,"key":"Happy Flower"},{"floor":55,"key":"Sundial"}],"event_choices":[{"damage_healed":0,"gold_gain":0,"player_choice":"Donut","damage_taken":0,"max_hp_gain":5,"max_hp_loss":0,"event_name":"Big Fish","floor":3,"gold_loss":0},{"damage_healed":0,"gold_gain":0,"player_choice":"Success","damage_taken":18,"relics_obtained":["InkBottle"],"max_hp_gain":0,"max_hp_loss":0,"event_name":"Scrap Ooze","floor":4,"gold_loss":0},{"damage_healed":0,"gold_gain":0,"player_choice":"Grow","damage_taken":0,"max_hp_gain":0,"max_hp_loss":0,"event_name":"Living Wall","floor":5,"gold_loss":0,"cards_upgraded":["Defragment"]},{"cards_removed":["Compile Driver"],"damage_healed":0,"gold_gain":0,"player_choice":"Elegance","damage_taken":0,"max_hp_gain":0,"max_hp_loss":0,"event_name":"Back to Basics","floor":20,"gold_loss":0},{"damage_healed":0,"gold_gain":0,"player_choice":"Inject Mutagens","damage_taken":0,"relics_obtained":["MutagenicStrength"],"max_hp_gain":0,"max_hp_loss":0,"event_name":"Drug Dealer","floor":21,"gold_loss":0},{"damage_healed":0,"gold_gain":0,"player_choice":"Memory 1","damage_taken":0,"max_hp_gain":0,"max_hp_loss":0,"event_name":"SensoryStone","floor":36,"gold_loss":0},{"cards_removed":["Dark Shackles"],"damage_healed":0,"gold_gain":0,"player_choice":"Removed Skill","damage_taken":0,"max_hp_gain":0,"max_hp_loss":0,"event_name":"Falling","floor":38,"gold_loss":0},{"damage_healed":0,"gold_gain":0,"player_choice":"Fight","damage_taken":0,"max_hp_gain":0,"max_hp_loss":0,"event_name":"MindBloom","floor":39,"gold_loss":0},{"damage_healed":0,"gold_gain":0,"player_choice":"Max HP","damage_taken":0,"max_hp_gain":0,"max_hp_loss":5,"event_name":"Winding Halls","floor":42,"gold_loss":0}],"is_beta":false,"boss_relics":[{"not_picked":["Cursed Key","Astrolabe"],"picked":"Sozu"},{"not_picked":["Tiny House","Calling Bell"],"picked":"Black Star"}],"items_purged_floors":[19,37,44,54],"is_endless":false,"potions_floor_spawned":[11,13,16,18,24,29,31,35,45,46,55],"ascension_level":20}}