{"host":"9d9dhukr2jywmy0f","time":1608723602,"event":{"mods":["2.2 Compatiblity","Alarm Clock","BaseMod","Bestiary","Block Reminder","Colored Map","Colored Powertips","Curses Come First","DeckTracker","Displayed Cursed Tome","Energized Spire","Highlight Path","Key Reminder","Keyboard Shortcuts","Minty Spire (QoL Compilation)","MonsterHotkey","Potion Indicator Mod","Quarter Circle Forward PUNCH!","Quick Restart","Rare Cards Sparkle","Relic Sorter","Relic Stats","Spire Birthday Party","StSLib","Synergy Search","Unceasing Turn Reminder","Unknown Chances"],"gold_per_floor":[115,126,126,126,2,2,29,29,29,29,29,29,29,50,50,150,150,164,64,73,102,123,123,136,136,162,187,187,239,269,304,304,406,406,427,1,33,58,89,123,153,196,196,196,271,271,292,333,333,333,333,333,32,68,68],"floor_reached":56,"playtime":5423,"items_purged":["Defend_P","Strike_P","Defend_P","LessonLearned+1"],"score":2390,"play_id":"af76808b-65ad-466b-bb81-88837f661b37","local_time":"20201223194002","is_ascension_mode":true,"campfire_choices":[{"data":"Eruption","floor":6.0,"key":"SMITH"},{"data":"Wallop","floor":10.0,"key":"SMITH"},{"data":"FlurryOfBlows","floor":13.0,"key":"SMITH"},{"data":"EmptyMind","floor":15.0,"key":"SMITH"},{"data":"Tantrum","floor":23.0,"key":"SMITH"},{"data":"Scrawl","floor":25.0,"key":"SMITH"},{"floor":28.0,"key":"RECALL"},{"data":"Scrawl","floor":32.0,"key":"SMITH"},{"data":"TalkToTheHand","floor":44.0,"key":"SMITH"},{"data":"LessonLearned","floor":46.0,"key":"SMITH"},{"floor":49.0,"key":"REST"},{"floor":52.0,"key":"REST"}],"circlet_count":0,"master_deck":["AscendersBane","Strike_P+1","Strike_P+1","Defend_P+1","Defend_P+1","Eruption+1","Vigilance+1","CutThroughFate+1","Wallop+1","FlurryOfBlows+1","EmptyMind+1","Scrawl+1","Tantrum+1","FearNoEvil+1","Scrawl+1","Adaptation+1","TalkToTheHand+1","CutThroughFate+1","TalkToTheHand+1","Halt+1"],"relics":["PureWater","NeowsBlessing","TeardropLocket","CeramicFish","Golden Idol","energizedSpire:OgreHead","Anchor","Lantern","HornCleat","Philosopher\u0027s Stone","TheAbacus","Blood Vial","qcfpunch:Unceasing_Flame","Letter Opener","Art of War","Calipers","Oddly Smooth Stone","qcfpunch:Red_Headband","qcfpunch:Army_Boots"],"acts_visited":["Exordium","TheCity","TheBeyond","TheEnding"],"potions_floor_usage":[55,55],"damage_taken":[{"damage":0.0,"enemies":"Jaw Worm","floor":1.0,"turns":1.0},{"damage":0.0,"enemies":"Small Slimes","floor":2.0,"turns":1.0},{"damage":0.0,"enemies":"Gremlin Nob","floor":7.0,"turns":1.0},{"damage":0.0,"enemies":"2 Louse","floor":14.0,"turns":2.0},{"damage":17.0,"enemies":"The Guardian","floor":16.0,"turns":9.0},{"damage":0.0,"enemies":"Chosen","floor":18.0,"turns":3.0},{"damage":0.0,"enemies":"Spheric Guardian","floor":21.0,"turns":1.0},{"damage":0.0,"enemies":"Chosen and Byrds","floor":22.0,"turns":2.0},{"damage":1.0,"enemies":"Snecko","floor":24.0,"turns":4.0},{"damage":0.0,"enemies":"Cultist and Chosen","floor":27.0,"turns":2.0},{"damage":0.0,"enemies":"Book of Stabbing","floor":29.0,"turns":2.0},{"damage":0.0,"enemies":"Sentry and Sphere","floor":30.0,"turns":1.0},{"damage":0.0,"enemies":"Slavers","floor":31.0,"turns":2.0},{"damage":31.0,"enemies":"Collector","floor":33.0,"turns":6.0},{"damage":2.0,"enemies":"3 Shapes","floor":35.0,"turns":3.0},{"damage":0.0,"enemies":"3 Darklings","floor":37.0,"turns":2.0},{"damage":0.0,"enemies":"4 Shapes","floor":38.0,"turns":4.0},{"damage":0.0,"enemies":"Mind Bloom Boss Battle","floor":39.0,"turns":3.0},{"damage":0.0,"enemies":"Nemesis","floor":40.0,"turns":3.0},{"damage":8.0,"enemies":"Writhing Mass","floor":41.0,"turns":4.0},{"damage":0.0,"enemies":"Reptomancer","floor":42.0,"turns":4.0},{"damage":0.0,"enemies":"2 Orb Walkers","floor":45.0,"turns":3.0},{"damage":0.0,"enemies":"Maw","floor":47.0,"turns":4.0},{"damage":0.0,"enemies":"Giant Head","floor":48.0,"turns":5.0},{"damage":0.0,"enemies":"Time Eater","floor":50.0,"turns":9.0},{"damage":19,"enemies":"Shield and Spear","floor":54,"turns":5},{"damage":0,"enemies":"The Heart","floor":55,"turns":10}],"seed_played":"-372711385094038187","potions_obtained":[{"floor":2.0,"key":"PowerPotion"},{"floor":7.0,"key":"PowerPotion"},{"floor":18.0,"key":"SpeedPotion"},{"floor":27.0,"key":"PowerPotion"},{"floor":29.0,"key":"Fruit Juice"},{"floor":33.0,"key":"Swift Potion"},{"floor":42.0,"key":"LiquidBronze"},{"floor":45.0,"key":"AttackPotion"},{"floor":47.0,"key":"DuplicationPotion"}],"is_trial":false,"path_per_floor":["M","M","?","?","$","R","E","?","T","R","?","$","R","M","R","B",null,"M","$","?","M","M","R","M","R","T","M","R","E","M","E","R","B",null,"M","$","M","M","?","E","M","E","T","R","?","R","M","E","R","B",null,"R","$","E","B",null],"character_chosen":"WATCHER","items_purchased":["FlurryOfBlows","TheAbacus","Blood Vial","qcfpunch:Red_Headband"],"campfire_rested":2,"item_purchase_floors":[5,36,36,53],"current_hp_per_floor":[61,61,66,66,66,66,66,66,66,66,41,41,41,41,41,24,61,61,61,61,61,61,61,60,60,60,60,60,65,65,65,65,34,67,65,65,67,69,71,73,67,69,69,69,71,71,73,75,78,78,78,78,78,59,61],"gold":68,"neow_bonus":"THREE_ENEMY_KILL","is_daily":false,"chose_seed":false,"campfire_upgraded":9,"win_rate":0.0,"timestamp":1608723602,"path_taken":["M","M","?","?","?","R","E","?","T","R","?","?","R","M","R","BOSS","M","$","?","M","M","R","M","R","T","M","R","E","M","E","R","BOSS","M","$","M","M","?","E","M","E","T","R","?","R","M","E","R","BOSS","R","$","E","BOSS"],"items_purchased_type":["Card","Relic","Relic","Relic"],"build_version":"2020-11-30","purchased_purges":4,"victory":true,"max_hp_per_floor":[68,68,73,73,73,73,73,73,73,73,73,73,73,73,73,73,73,73,73,73,73,73,73,73,73,73,73,73,78,78,78,78,78,78,78,78,78,78,78,78,78,78,78,78,78,78,78,78,78,78,78,78,78,78,78],"relic_stats":{"Blood Vial":20,"TheAbacus":[204],"counters":[27,96],"Golden Idol":187,"CeramicFish":90,"Art of War":[1],"Letter Opener":[93],"obtain_stats":[{"qcfpunch:Army_Boots":54,"Lantern":29,"Calipers":45,"NeowsBlessing":0,"Golden Idol":11,"CeramicFish":9,"Oddly Smooth Stone":48,"energizedSpire:OgreHead":17,"TeardropLocket":7,"Letter Opener":40,"qcfpunch:Unceasing_Flame":39,"keyreminder:keyreminder":28,"Blood Vial":36,"Anchor":26,"HornCleat":31,"TheAbacus":36,"Philosopher\u0027s Stone":34,"Art of War":42,"qcfpunch:Red_Headband":53,"PureWater":0},{"qcfpunch:Army_Boots":26,"Lantern":11,"Calipers":22,"NeowsBlessing":0,"Golden Idol":3,"CeramicFish":3,"Oddly Smooth Stone":24,"energizedSpire:OgreHead":5,"TeardropLocket":3,"Letter Opener":19,"qcfpunch:Unceasing_Flame":18,"keyreminder:keyreminder":10,"Blood Vial":15,"Anchor":9,"HornCleat":13,"TheAbacus":15,"Philosopher\u0027s Stone":14,"Art of War":21,"qcfpunch:Red_Headband":25,"PureWater":0},{"qcfpunch:Army_Boots":86,"Lantern":28,"Calipers":63,"NeowsBlessing":0,"Golden Idol":3,"CeramicFish":3,"Oddly Smooth Stone":72,"energizedSpire:OgreHead":14,"TeardropLocket":3,"Letter Opener":52,"qcfpunch:Unceasing_Flame":49,"keyreminder:keyreminder":26,"Blood Vial":40,"Anchor":24,"HornCleat":31,"TheAbacus":40,"Philosopher\u0027s Stone":37,"Art of War":60,"qcfpunch:Red_Headband":81,"PureWater":0}]},"card_choices":[{"not_picked":["Crescendo","PathToVictory"],"picked":"CutThroughFate","floor":1.0},{"not_picked":["LikeWater","ThirdEye"],"picked":"Wallop","floor":2.0},{"not_picked":["Prostrate","FlurryOfBlows"],"picked":"EmptyMind","floor":7.0},{"not_picked":["EmptyBody","Nirvana","Evaluate"],"picked":"SKIP","floor":14.0},{"not_picked":["Ragnarok","Judgement"],"picked":"Scrawl","floor":16.0},{"not_picked":["ClearTheMind","FlyingSleeves","Crescendo"],"picked":"SKIP","floor":18.0},{"not_picked":["Prostrate","CrushJoints"],"picked":"FearNoEvil","floor":21.0},{"not_picked":["Fasting2","Perseverance","SashWhip"],"picked":"SKIP","floor":22.0},{"not_picked":["Fasting2","Perseverance","SashWhip"],"picked":"SKIP","floor":22.0},{"not_picked":["EmptyMind","Prostrate","SignatureMove"],"picked":"SKIP","floor":24.0},{"not_picked":["WaveOfTheHand","ReachHeaven","CutThroughFate"],"picked":"SKIP","floor":27.0},{"not_picked":["FollowUp","Weave"],"picked":"Scrawl","floor":29.0},{"not_picked":["CutThroughFate","FlurryOfBlows"],"picked":"Adaptation","floor":30.0},{"not_picked":["EmptyMind","JustLucky","FlyingSleeves"],"picked":"SKIP","floor":31.0},{"not_picked":["DevaForm","Devotion"],"picked":"LessonLearned","floor":33.0},{"not_picked":["Consecrate+1","CrushJoints","PathToVictory"],"picked":"SKIP","floor":35.0},{"not_picked":["DeceiveReality","Adaptation"],"picked":"TalkToTheHand","floor":37.0},{"not_picked":["CarveReality","Collect+1"],"picked":"CutThroughFate+1","floor":38.0},{"not_picked":["Protect","EmptyBody","Collect+1"],"picked":"SKIP","floor":40.0},{"not_picked":["Sanctity+1","JustLucky"],"picked":"TalkToTheHand","floor":41.0},{"not_picked":["Perseverance","WaveOfTheHand","CarveReality+1"],"picked":"SKIP","floor":42.0},{"not_picked":["BattleHymn","Study"],"picked":"Halt+1","floor":45.0},{"not_picked":["FollowUp","FearNoEvil+1","Halt"],"picked":"SKIP","floor":47.0},{"not_picked":["Blasphemy","Crescendo","SashWhip"],"picked":"SKIP","floor":48.0},{"not_picked":["ThirdEye","MentalFortress","Halt"],"picked":"SKIP","floor":54}],"player_experience":734602,"relics_obtained":[{"floor":7.0,"key":"TeardropLocket"},{"floor":9.0,"key":"CeramicFish"},{"floor":26.0,"key":"Anchor"},{"floor":29.0,"key":"Lantern"},{"floor":31.0,"key":"HornCleat"},{"floor":39.0,"key":"qcfpunch:Unceasing_Flame"},{"floor":40.0,"key":"Letter Opener"},{"floor":42.0,"key":"Art of War"},{"floor":45.0,"key":"Calipers"},{"floor":48.0,"key":"Oddly Smooth Stone"},{"floor":54,"key":"qcfpunch:Army_Boots"}],"event_choices":[{"damage_healed":0.0,"max_hp_gain":5.0,"max_hp_loss":0.0,"gold_gain":0.0,"event_name":"Big Fish","player_choice":"Donut","floor":3.0,"gold_loss":0.0,"damage_taken":0.0},{"damage_healed":0.0,"max_hp_gain":0.0,"max_hp_loss":0.0,"gold_gain":0.0,"event_name":"Liars Game","player_choice":"Ignored","floor":4.0,"gold_loss":0.0,"damage_taken":0.0},{"cards_removed":["Strike_P"],"damage_healed":0.0,"max_hp_gain":0.0,"max_hp_loss":0.0,"gold_gain":0.0,"event_name":"Living Wall","player_choice":"Forget","floor":8.0,"gold_loss":0.0,"damage_taken":0.0},{"damage_healed":0.0,"max_hp_gain":0.0,"max_hp_loss":0.0,"gold_gain":0.0,"event_name":"Golden Idol","player_choice":"Take Damage","floor":11.0,"gold_loss":0.0,"damage_taken":25.0,"relics_obtained":["Golden Idol"]},{"damage_healed":0.0,"max_hp_gain":0.0,"max_hp_loss":0.0,"gold_gain":0.0,"event_name":"The Library","player_choice":"Read","floor":20.0,"gold_loss":0.0,"damage_taken":0.0,"cards_obtained":["Tantrum"]},{"damage_healed":0.0,"max_hp_gain":0.0,"max_hp_loss":0.0,"gold_gain":0.0,"event_name":"MindBloom","player_choice":"Fight","floor":39.0,"gold_loss":0.0,"damage_taken":0.0},{"damage_healed":0.0,"max_hp_gain":0.0,"max_hp_loss":0.0,"gold_gain":0.0,"event_name":"Mysterious Sphere","player_choice":"Fight","floor":45.0,"gold_loss":0.0,"damage_taken":0.0}],"is_beta":false,"boss_relics":[{"not_picked":["Calling Bell","energizedSpire:CrystalSphere"],"picked":"energizedSpire:OgreHead"},{"not_picked":["qcfpunch:Killian_Engine_Alpha","Snecko Eye"],"picked":"Philosopher\u0027s Stone"}],"items_purged_floors":[5,19,36,53],"is_endless":false,"potions_floor_spawned":[2,7,18,27,29,33,39,42,45,47],"ascension_level":15}}