{"host":"xgnmnr8f8w1a0eo3","time":1608711205,"event":{"mods":["BaseMod","Downfall","Highlight Path","Minty Spire (QoL Compilation)","Permanent Neow","Relic Stats","StSLib","everything is the same but u backflip on backflip"],"gold_per_floor":[0,0,13,188,188,204,229,259,259,244,1,16,50,75,93,192,192,192,212,212,0,0,0,71,71,96,96,116,220,0,33,57,169,219,219,238,238,296,571,614,614,632,645,667,269,269,329,371,392,392,392,426,70,70,70,70,70],"floor_reached":55,"playtime":6310,"items_purged":["Doubt","Regret"],"score":1173,"play_id":"2588e7a4-0667-45a1-be8e-5c05044b473f","local_time":"20201223031325","is_ascension_mode":true,"campfire_choices":[{"data":"hexamod:GhostflameInferno","floor":1.0,"key":"SMITH"},{"data":"hexamod:SkipABeat","floor":18.0,"key":"SMITH"},{"floor":23.0,"key":"REST"},{"floor":27.0,"key":"RECALL"},{"data":"hexamod:CatchUp","floor":30.0,"key":"SMITH"},{"data":"hexamod:ApocalypticArmor","floor":35.0,"key":"SMITH"},{"floor":46,"key":"REST"},{"floor":54,"key":"REST"}],"circlet_count":0,"master_deck":["hexamod:Strike","hexamod:Strike","hexamod:Strike","hexamod:Defend","hexamod:Defend","hexamod:Defend","hexamod:Defend","hexamod:Sear","hexamod:Float","hexamod:GhostflameInferno+1","hexamod:FirstSeal","hexamod:BacktrackSmack","hexamod:HauntingEcho","hexamod:ShieldOfDarkness","hexamod:SkipABeat+1","hexamod:FastForward","hexamod:FourthSeal","hexamod:BacktrackSmack","hexamod:ChargedBarrage","hexamod:CatchUp+1","hexamod:FastForward","hexamod:SecondSeal","Injury","hexamod:Again+1","hexamod:AdvancingGuard","hexamod:Again+1","hexamod:HauntingEcho+1","hexamod:ApocalypseNow","hexamod:ApocalypticArmor+1","hexamod:Again","hexamod:GhostOfSpireFuture+1","Parasite","hexamod:FastForward+1","hexamod:AdvancingGuard+1","hexamod:Again+1","Secret Weapon","hexamod:ApocalypseNow","hexamod:StepThrough","hexamod:FastForward","hexamod:AdvancingGuard+1"],"relics":["hexamod:SpiritBrand","Pen Nib","Bottled Flame","hexamod:MatchstickCase","hexamod:Sixitude","Question Card","Cursed Key","hexamod:JarOfFuel","downfall:HeartBlessingRed","downfall:HeartBlessingGreen","downfall:HeartBlessingBlue","Regal Pillow","Tiny House","StoneCalendar","Turnip","Blood Vial","Frozen Eye","Anchor","Dream Catcher","Lizard Tail","Shuriken","Guardian:GemstoneGun","Bag of Marbles","Orichalcum"],"acts_visited":["Exordium","TheCity","TheBeyond","TheEnding"],"potions_floor_usage":[],"damage_taken":[{"damage":6.0,"enemies":"2 Louse","floor":3.0,"turns":2.0},{"damage":1.0,"enemies":"Jaw Worm","floor":6.0,"turns":3.0},{"damage":25.0,"enemies":"Lagavulin","floor":8.0,"turns":6.0},{"damage":0.0,"enemies":"downfall:FleeingMerchant","floor":10.0,"turns":4.0},{"damage":2.0,"enemies":"downfall:FleeingMerchant","floor":11.0,"turns":4.0},{"damage":0.0,"enemies":"Small Slimes","floor":12.0,"turns":3.0},{"damage":0.0,"enemies":"Gremlin Nob","floor":13.0,"turns":3.0},{"damage":14.0,"enemies":"Lagavulin","floor":14.0,"turns":6.0},{"damage":0.0,"enemies":"3 Louse","floor":15.0,"turns":2.0},{"damage":35.0,"enemies":"downfall:Ironclad","floor":16.0,"turns":6.0},{"damage":14.0,"enemies":"3 Byrds","floor":19.0,"turns":4.0},{"damage":14.0,"enemies":"downfall:FleeingMerchant","floor":21.0,"turns":4.0},{"damage":12.0,"enemies":"Snecko","floor":26.0,"turns":3.0},{"damage":10.0,"enemies":"Cultist and Chosen","floor":28.0,"turns":5.0},{"damage":0.0,"enemies":"Centurion and Healer","floor":29.0,"turns":5.0},{"damage":0.0,"enemies":"Slavers","floor":31.0,"turns":5.0},{"damage":8.0,"enemies":"Sentry and Sphere","floor":32.0,"turns":5.0},{"damage":4.0,"enemies":"downfall:Defect","floor":33.0,"turns":7.0},{"damage":10,"enemies":"3 Darklings","floor":36,"turns":2},{"damage":15,"enemies":"Mind Bloom Boss Battle","floor":38,"turns":4},{"damage":37,"enemies":"Nemesis","floor":40,"turns":7},{"damage":20,"enemies":"3 Shapes","floor":42,"turns":3},{"damage":21,"enemies":"Spire Growth","floor":43,"turns":4},{"damage":0,"enemies":"Jaw Worm Horde","floor":44,"turns":2},{"damage":12,"enemies":"downfall:FleeingMerchant","floor":45,"turns":3},{"damage":12,"enemies":"2 Orb Walkers","floor":47,"turns":5},{"damage":0,"enemies":"Reptomancer","floor":48,"turns":5},{"damage":6,"enemies":"Maw","floor":49,"turns":5},{"damage":13,"enemies":"downfall:Watcher","floor":50,"turns":7},{"damage":45,"enemies":"downfall:CharBossMerchant","floor":52,"turns":8},{"damage":147,"enemies":"downfall:NeowBoss","floor":55,"turns":33}],"seed_played":"-7930028302542570147","potions_obtained":[{"floor":6.0,"key":"SpeedPotion"},{"floor":12.0,"key":"champ:CounterPotion"},{"floor":13.0,"key":"SteroidPotion"}],"is_trial":false,"path_per_floor":["R","?","M","?","?","M","T","E","?","$","$","M","E","E","M","B",null,"R","M","?","$","?","R","T","?","M","R","M","M","R","E","M","B",null,"R","M","?","?","?","E","T","M","M","M","$","R","?","E","M","B",null,"E","$","R","B"],"character_chosen":"THE_SPIRIT","items_purchased":["hexamod:RecyclingMachine","hexamod:FourthSeal","hexamod:JarOfFuel","Frozen Eye","Anchor","Dream Catcher","Secret Weapon","Bag of Marbles","Orichalcum","hexamod:FastForward"],"campfire_rested":3,"item_purchase_floors":[11,11,21,45,45,45,45,53,53,53],"current_hp_per_floor":[70,63,57,57,57,63,63,45,68,70,68,68,68,61,61,26,59,59,52,52,45,32,54,54,54,49,49,46,46,56,63,62,65,85,85,82,77,62,62,32,32,21,2,11,8,50,40,49,52,41,78,42,42,84,0,0,0],"gold":70,"neow_bonus":"THREE_RARE_CARDS","is_daily":false,"chose_seed":false,"campfire_upgraded":4,"win_rate":0.0,"timestamp":1608711205,"path_taken":["R","?","M","?","?","M","T","E","?","?","$","M","E","E","M","BOSS","R","M","?","$","?","R","T","?","M","R","M","M","R","E","M","BOSS","R","M","?","?","?","E","T","?","M","M","$","R","?","E","M","BOSS","E","$","R","BOSS"],"items_purchased_type":["Relic","Card","Relic","Relic","Relic","Relic","Card","Relic","Relic","Card"],"build_version":"2020-12-22","purchased_purges":2,"victory":false,"max_hp_per_floor":[70,70,70,70,70,70,70,70,70,70,70,70,70,70,70,70,70,70,70,70,70,75,75,75,75,75,75,75,75,85,85,85,85,90,90,90,90,90,90,90,90,90,90,90,90,90,90,90,90,90,90,90,90,90,90,90,90],"relic_stats":{"Regal Pillow":30,"counters":[31,165],"StoneCalendar":[154],"Pen Nib":[22],"Orichalcum":[6],"Question Card":28,"Cursed Key":2,"Blood Vial":20,"Dream Catcher":2,"Lizard Tail":45,"Shuriken":[8],"Turnip":[5],"obtain_stats":[{"hexamod:JarOfFuel":21,"Regal Pillow":31,"Tiny House":34,"downfall:HeartBlessingGreen":30,"StoneCalendar":38,"Cursed Key":17,"Blood Vial":41,"Frozen Eye":45,"Dream Catcher":45,"Lizard Tail":47,"downfall:HeartBlessingBlue":30,"WingedGreaves":10,"hexamod:RecyclingMachine":11,"hexamod:SpiritBrand":0,"downfall:HeartBlessingRed":30,"Guardian:GemstoneGun":52,"hexamod:Sixitude":13,"Pen Nib":7,"Orichalcum":53,"Question Card":14,"hexamod:MatchstickCase":11,"Bottled Flame":8,"Anchor":45,"Shuriken":48,"Turnip":40,"Bag of Marbles":53},{"hexamod:JarOfFuel":12,"Regal Pillow":16,"Tiny House":18,"downfall:HeartBlessingGreen":15,"StoneCalendar":20,"Cursed Key":10,"Blood Vial":21,"Frozen Eye":25,"Dream Catcher":25,"Lizard Tail":26,"downfall:HeartBlessingBlue":15,"WingedGreaves":4,"hexamod:RecyclingMachine":5,"hexamod:SpiritBrand":0,"downfall:HeartBlessingRed":15,"Guardian:GemstoneGun":30,"hexamod:Sixitude":7,"Pen Nib":2,"Orichalcum":30,"Question Card":8,"hexamod:MatchstickCase":5,"Bottled Flame":3,"Anchor":25,"Shuriken":27,"Turnip":21,"Bag of Marbles":30},{"hexamod:JarOfFuel":47,"Regal Pillow":65,"Tiny House":77,"downfall:HeartBlessingGreen":60,"StoneCalendar":83,"Cursed Key":39,"Blood Vial":90,"Frozen Eye":102,"Dream Catcher":102,"Lizard Tail":107,"downfall:HeartBlessingBlue":60,"WingedGreaves":15,"hexamod:RecyclingMachine":19,"hexamod:SpiritBrand":0,"downfall:HeartBlessingRed":60,"Guardian:GemstoneGun":132,"hexamod:Sixitude":25,"Pen Nib":5,"Orichalcum":132,"Question Card":31,"hexamod:MatchstickCase":19,"Bottled Flame":11,"Anchor":102,"Shuriken":112,"Turnip":90,"Bag of Marbles":132}]},"card_choices":[{"not_picked":["hexamod:SixthSeal","hexamod:FifthSeal"],"picked":"hexamod:GhostflameInferno","floor":0.0},{"not_picked":["hexamod:BurningTouch","hexamod:RecurringNightmare"],"picked":"hexamod:BacktrackSmack","floor":3.0},{"not_picked":["hexamod:ThermalTransfer","hexamod:GhostOfSpirePast"],"picked":"hexamod:HauntingEcho","floor":6.0},{"not_picked":["hexamod:SuperheatedStrike","hexamod:ThermalTransfer"],"picked":"hexamod:ShieldOfDarkness","floor":8.0},{"not_picked":["hexamod:Incineration","hexamod:SpectralAdrenaline"],"picked":"hexamod:SkipABeat","floor":10.0},{"not_picked":["hexamod:Hexaguard","hexamod:BacktrackSmack"],"picked":"hexamod:FastForward","floor":11.0},{"not_picked":["hexamod:PhantomFireball","hexamod:ShieldOfDarkness"],"picked":"hexamod:BacktrackSmack","floor":12.0},{"not_picked":["hexamod:NightmareStrike","hexamod:Hexaguard"],"picked":"hexamod:ChargedBarrage","floor":13.0},{"not_picked":["hexamod:RadiantFlame","hexamod:FourthSeal"],"picked":"hexamod:CatchUp","floor":14.0},{"not_picked":["hexamod:NightmareStrike","hexamod:BurningTouch","hexamod:NightmareGuise"],"picked":"hexamod:FastForward","floor":15.0},{"not_picked":["hexamod:ChargedBarrage","hexamod:SpectersWail","hexamod:GhostflameBarrier"],"picked":"hexamod:SecondSeal","floor":19.0},{"not_picked":["hexamod:EmpoweredFlame+1","hexamod:ExtraCrispy","hexamod:ThermalTransfer","hexamod:EtherealExpedition"],"picked":"SKIP","floor":21.0},{"not_picked":["hexamod:BacktrackSmack","hexamod:RainOfEmbers","hexamod:Firestarter","hexamod:GhostLash"],"picked":"SKIP","floor":26.0},{"not_picked":["hexamod:RainOfEmbers","hexamod:GhostOfSpirePresent","hexamod:DynamicBlow"],"picked":"hexamod:AdvancingGuard","floor":28.0},{"not_picked":["hexamod:NecessarySacrifice","hexamod:ThermalTransfer","hexamod:PowerFromBeyond"],"picked":"hexamod:Again+1","floor":29.0},{"not_picked":["hexamod:HeatCrush","hexamod:PhantomCloak+1","hexamod:EtherealExpedition"],"picked":"hexamod:HauntingEcho+1","floor":31.0},{"not_picked":["hexamod:Firestarter","hexamod:RainOfEmbers+1","hexamod:InspiringFlames+1","hexamod:NightmareStrike+1"],"picked":"SKIP","floor":32.0},{"not_picked":["hexamod:WildfireWeapon","hexamod:ApocalypseNow","hexamod:SixthSeal"],"picked":"hexamod:ApocalypticArmor","floor":33.0},{"not_picked":["hexamod:SwordOfDarkness","hexamod:Hexaguard","hexamod:BacktrackSmack+1"],"picked":"hexamod:Again","floor":36},{"not_picked":["hexamod:RainOfEmbers","hexamod:ShieldOfDarkness+1","hexamod:ThirdSeal"],"picked":"hexamod:GhostOfSpireFuture+1","floor":40},{"not_picked":["hexamod:BacktrackSmack","hexamod:RetreatToShadows+1","hexamod:Firestarter+1"],"picked":"hexamod:FastForward+1","floor":42},{"not_picked":["hexamod:Firestarter","hexamod:GhostLash","hexamod:FifthSeal"],"picked":"hexamod:AdvancingGuard+1","floor":43},{"not_picked":["hexamod:ExtraCrispy+1","hexamod:GhostLash+1","hexamod:Firestarter","hexamod:ThermalTransfer"],"picked":"SKIP","floor":44},{"not_picked":["hexamod:HauntingEcho+1","hexamod:NightmareGuise","hexamod:Firestarter"],"picked":"hexamod:Again+1","floor":45},{"not_picked":["hexamod:Hexaguard+1","hexamod:Again","hexamod:SpectralSpark"],"picked":"hexamod:ApocalypseNow","floor":46},{"not_picked":["hexamod:UnleashSpirits","hexamod:SpectersWail","hexamod:Firestarter+1","hexamod:SwordOfDarkness+1"],"picked":"SKIP","floor":48},{"not_picked":["hexamod:ThermalTransfer+1","hexamod:HeatCrush","hexamod:GhostOfSpirePresent+1"],"picked":"hexamod:StepThrough","floor":49},{"not_picked":["hexamod:RecurringNightmare+1","hexamod:Hexaguard","hexamod:FlamesFromBeyond","hexamod:GhostLash"],"picked":"SKIP","floor":52},{"not_picked":["hexamod:FastForward+1","hexamod:RainOfEmbers","hexamod:Incineration+1"],"picked":"hexamod:AdvancingGuard+1","floor":54}],"player_experience":1129948,"relics_obtained":[{"floor":7.0,"key":"Pen Nib"},{"floor":8.0,"key":"Bottled Flame"},{"floor":13.0,"key":"hexamod:Sixitude"},{"floor":14.0,"key":"Question Card"},{"floor":31.0,"key":"Regal Pillow"},{"floor":38,"key":"StoneCalendar"},{"floor":40,"key":"Turnip"},{"floor":41,"key":"Blood Vial"},{"floor":47,"key":"Lizard Tail"},{"floor":48,"key":"Shuriken"},{"floor":52,"key":"Guardian:GemstoneGun"}],"event_choices":[{"damage_healed":23.0,"max_hp_gain":0.0,"max_hp_loss":0.0,"gold_gain":0.0,"event_name":"Big Fish","player_choice":"Banana","floor":9.0,"gold_loss":0.0,"damage_taken":0.0},{"damage_healed":23.0,"max_hp_gain":0.0,"max_hp_loss":0.0,"gold_gain":0.0,"event_name":"Big Fish","player_choice":"Banana","floor":10.0,"gold_loss":0.0,"damage_taken":0.0},{"damage_healed":0.0,"max_hp_gain":0.0,"max_hp_loss":0.0,"gold_gain":0.0,"event_name":"The Library","player_choice":"Read","floor":25.0,"gold_loss":0.0,"damage_taken":0.0,"cards_obtained":["hexamod:Again"]},{"damage_healed":0,"gold_gain":0,"player_choice":"Fight","damage_taken":0,"max_hp_gain":0,"max_hp_loss":0,"event_name":"Mysterious Sphere","floor":47,"gold_loss":0}],"is_beta":false,"boss_relics":[{"not_picked":["Calling Bell","Snecko Eye"],"picked":"Cursed Key"},{"not_picked":["Pandora\u0027s Box","SacredBark"],"picked":"Tiny House"}],"items_purged_floors":[21,45],"is_endless":false,"potions_floor_spawned":[6,12,13,14,19,29,31,38,40,43,47],"killed_by":"downfall:NeowBoss","ascension_level":5}}