{"host":"l2821e3dgmq4sghh","time":1608728378,"event":{"mods":["BaseMod","Colored Powertips","Minty Spire (QoL Compilation)","StSLib"],"gold_per_floor":[116,116,129,145,23,57,57,89,89,116,141,141,141,154,154,251,251,265,265,285,210,226,254,254,179,179,208,208,226,251,277,277,378,378,394,31,42,42,55,55,55],"floor_reached":40,"playtime":7465,"items_purged":["Strike_B","Strike_B"],"score":511,"play_id":"bdb23881-6328-46db-b223-4d099719840a","local_time":"20201223135938","is_ascension_mode":true,"campfire_choices":[{"data":"Streamline","floor":12,"key":"SMITH"},{"data":"Ball Lightning","floor":15,"key":"SMITH"},{"floor":24,"key":"REST"},{"floor":28,"key":"REST"},{"floor":32,"key":"REST"}],"circlet_count":0,"master_deck":["Strike_B","Defend_B","Defend_B","Defend_B","Defend_B","Zap","Dualcast","Go for the Eyes+1","Ball Lightning+1","Cold Snap","Conserve Battery+1","Streamline+1","Go for the Eyes","Leap","Cold Snap+1","Compile Driver+1","Leap+1","Compile Driver","Gash+1","Turbo+1","Compile Driver+1","Stack+1","Conserve Battery+1","Redo+1"],"relics":["Cracked Core","NeowsBlessing","Frozen Egg 2","Pantograph","Toy Ornithopter","Ancient Tea Set","Bag of Preparation","Fusion Hammer","Lantern","Centennial Puzzle","The Courier","Question Card","Toxic Egg 2","Red Mask","Nuclear Battery","Ginger"],"acts_visited":["Exordium","TheCity","TheBeyond"],"potions_floor_usage":[6,8,27,27],"damage_taken":[{"damage":0,"enemies":"2 Louse","floor":1,"turns":1},{"damage":0,"enemies":"Cultist","floor":3,"turns":1},{"damage":0,"enemies":"Jaw Worm","floor":4,"turns":1},{"damage":15,"enemies":"3 Sentries","floor":6,"turns":5},{"damage":15,"enemies":"Lagavulin","floor":8,"turns":5},{"damage":16,"enemies":"Gremlin Nob","floor":11,"turns":4},{"damage":4,"enemies":"Exordium Wildlife","floor":14,"turns":3},{"damage":11,"enemies":"Slime Boss","floor":16,"turns":12},{"damage":5,"enemies":"Chosen","floor":18,"turns":5},{"damage":11,"enemies":"Spheric Guardian","floor":20,"turns":4},{"damage":20,"enemies":"Snake Plant","floor":22,"turns":4},{"damage":29,"enemies":"Gremlin Leader","floor":23,"turns":9},{"damage":3,"enemies":"Slavers","floor":27,"turns":6},{"damage":0,"enemies":"Chosen and Byrds","floor":29,"turns":4},{"damage":0,"enemies":"Book of Stabbing","floor":30,"turns":4},{"damage":27,"enemies":"Masked Bandits","floor":31,"turns":6},{"damage":59,"enemies":"Champ","floor":33,"turns":14},{"damage":13,"enemies":"3 Darklings","floor":35,"turns":9},{"damage":5,"enemies":"3 Shapes","floor":37,"turns":2},{"damage":12,"enemies":"Transient","floor":39,"turns":5},{"damage":58,"enemies":"Nemesis","floor":40,"turns":11}],"seed_played":"-5207605870512078091","potions_obtained":[{"floor":1,"key":"Fruit Juice"},{"floor":3,"key":"Weak Potion"},{"floor":4,"key":"PowerPotion"},{"floor":22,"key":"Weak Potion"},{"floor":30,"key":"Energy Potion"}],"is_trial":false,"path_per_floor":["M","?","M","M","$","E","?","E","T","T","E","R","?","M","R","B",null,"M","T","M","?","M","E","R","$","T","E","R","M","E","?","R","B",null,"M","$","M","?","M","E"],"character_chosen":"DEFECT","items_purchased":["Cold Snap","Conserve Battery","FocusPotion","Ginger","Stack+1"],"campfire_rested":3,"item_purchase_floors":[5,5,5,36,36],"current_hp_per_floor":[75,75,75,75,75,60,60,45,45,45,29,29,29,25,25,39,75,70,70,59,59,39,10,32,32,32,39,61,61,61,34,56,16,75,62,62,57,57,45,0,0],"gold":55,"neow_bonus":"THREE_ENEMY_KILL","is_daily":false,"chose_seed":false,"campfire_upgraded":2,"win_rate":0.0,"timestamp":1608728378,"path_taken":["M","?","?","M","$","E","?","E","T","?","E","R","?","?","R","BOSS","M","?","M","?","M","E","R","$","T","E","R","M","E","?","R","BOSS","M","$","M","?","M","E"],"items_purchased_type":["Card","Card","Potion","Relic","Card"],"build_version":"2020-12-22","purchased_purges":2,"victory":false,"max_hp_per_floor":[75,75,75,75,75,75,75,75,75,75,75,75,75,75,75,75,75,75,75,75,75,75,75,75,75,75,75,75,75,75,75,75,75,75,75,75,75,71,71,71,71],"card_choices":[{"not_picked":["Capacitor","Steam","Rip and Tear"],"picked":"SKIP","floor":1},{"not_picked":["Fusion","Tempest"],"picked":"Go for the Eyes","floor":3},{"not_picked":["Redo","Double Energy"],"picked":"Ball Lightning","floor":4},{"not_picked":["Turbo","Consume"],"picked":"Streamline","floor":6},{"not_picked":["Ball Lightning","Sweeping Beam"],"picked":"Go for the Eyes","floor":8},{"not_picked":["Barrage","Force Field"],"picked":"Leap","floor":11},{"not_picked":["Self Repair+1","Streamline","Steam"],"picked":"SKIP","floor":14},{"not_picked":["Glacier","Leap"],"picked":"Cold Snap+1","floor":18},{"not_picked":["Force Field","Genetic Algorithm"],"picked":"Compile Driver+1","floor":20},{"not_picked":["Ball Lightning","Redo"],"picked":"Leap+1","floor":22},{"not_picked":["Thunder Strike","Skim","Sweeping Beam"],"picked":"SKIP","floor":23},{"not_picked":["Hologram","Coolheaded"],"picked":"Compile Driver","floor":27},{"not_picked":["Lockon","Genetic Algorithm","Heatsinks+1","Chaos"],"picked":"SKIP","floor":29},{"not_picked":["Rebound","Hologram+1","Conserve Battery+1"],"picked":"Gash+1","floor":30},{"not_picked":["Multi-Cast+1","Skim+1","Sunder"],"picked":"Turbo+1","floor":31},{"not_picked":["Blizzard","Force Field+1","Rebound"],"picked":"Compile Driver+1","floor":35},{"not_picked":["Hello World+1","Turbo+1","Storm+1"],"picked":"Conserve Battery+1","floor":37},{"not_picked":["Double Energy+1","Barrage","Tempest+1"],"picked":"Redo+1","floor":39}],"player_experience":5356525,"relics_obtained":[{"floor":6,"key":"Pantograph"},{"floor":8,"key":"Toy Ornithopter"},{"floor":10,"key":"Ancient Tea Set"},{"floor":11,"key":"Bag of Preparation"},{"floor":19,"key":"Lantern"},{"floor":23,"key":"Centennial Puzzle"},{"floor":26,"key":"The Courier"},{"floor":27,"key":"Question Card"},{"floor":30,"key":"Toxic Egg 2"},{"floor":31,"key":"Red Mask"}],"event_choices":[{"damage_healed":0,"gold_gain":0,"player_choice":"Gave Potion","damage_taken":0,"relics_obtained":["Frozen Egg 2"],"max_hp_gain":0,"max_hp_loss":0,"event_name":"WeMeetAgain","floor":2,"gold_loss":0},{"damage_healed":0,"gold_gain":0,"player_choice":"Grow","damage_taken":0,"max_hp_gain":0,"max_hp_loss":0,"event_name":"Living Wall","floor":7,"gold_loss":0,"cards_upgraded":["Go for the Eyes"]},{"damage_healed":0,"gold_gain":0,"player_choice":"Upgraded","damage_taken":0,"max_hp_gain":0,"max_hp_loss":0,"event_name":"Upgrade Shrine","floor":13,"gold_loss":0,"cards_upgraded":["Conserve Battery"]},{"cards_removed":["Strike_B"],"damage_healed":0,"gold_gain":0,"player_choice":"Gave Gold","damage_taken":0,"max_hp_gain":0,"max_hp_loss":0,"event_name":"Beggar","floor":21,"gold_loss":75},{"damage_healed":0,"gold_gain":0,"player_choice":"Fought Bandits","damage_taken":0,"max_hp_gain":0,"max_hp_loss":0,"event_name":"Masked Bandits","floor":31,"gold_loss":0},{"damage_healed":0,"gold_gain":0,"player_choice":"Max HP","damage_taken":0,"max_hp_gain":0,"max_hp_loss":4,"event_name":"Winding Halls","floor":38,"gold_loss":0}],"is_beta":false,"boss_relics":[{"not_picked":["Busted Crown","Pandora\u0027s Box"],"picked":"Fusion Hammer"},{"not_picked":["Coffee Dripper","Cursed Key"],"picked":"Nuclear Battery"}],"items_purged_floors":[25,36],"is_endless":false,"potions_floor_spawned":[1,3,4,22,30],"killed_by":"Nemesis","ascension_level":1}}