{"host":"17j25xn3vk5d1e3v","time":1608766716,"event":{"mods":["AchievementEnabler","Act Like it!","BaseMod","GifTheSpireLib","Hermit","HexUI Lib","Hubris","Minty Spire (QoL Compilation)","Replay The Spire","StSLib"],"gold_per_floor":[111,121,221,76,76,104,104,164,164,197,212,226,261,272,272,376,376,392,492,503,513,523,523,338,338,338,352,367,27,54,66,78,188,200,225,237,249,261,273,316,328,375,460,536,582,594,77,137,137,165,165,165,13,66,94,94],"floor_reached":55,"playtime":2915,"items_purged":["Strike_B","Strike_B","Parasite"],"score":992,"play_id":"5eda2a93-579e-460f-b45d-0cd36f6fa3c1","local_time":"20201224003836","is_ascension_mode":true,"campfire_choices":[{"data":"Zap","floor":7,"key":"SMITH"},{"floor":15,"key":"REST"},{"floor":23,"key":"DIG"},{"data":"Scrape","floor":25,"key":"SMITH"},{"floor":41,"key":"RECALL"},{"floor":46,"key":"DIG"}],"circlet_count":0,"master_deck":["Defend_B","Defend_B","Defend_B","Defend_B","Zap+1","Dualcast","Go for the Eyes","Go for the Eyes","Leap","Gash","FTL+1","Gash","Melter","Sweeping Beam","Leap","Seek+1","CurseOfTheBell","White Noise+1","Coolheaded+1","Scrape+1","Gash","Conserve Battery+1","Glacier+1","Self Repair","Chaos","Sweeping Beam","Turbo","Languid","Jack Of All Trades","Gash","Gash","Apotheosis","Scrape"],"relics":["Cracked Core","NeowsBlessing","Lantern","Bottled Flame","Pet Ghost","Kunai","Pear","Meat on the Bone","Calling Bell","Geode","The Courier","Replay:Multitool","hubris:BallOfYels","Bag of Marbles","Mercury Hourglass","hubris:Metronome","MawBank","Sozu","Ring of Misfortune","Ring of Fury","Replay:Bandana","Mirror","Du-Vu Doll","Replay:Baseball","Pen Nib","Mummified Hand","DataDisk","Replay:Bottled Steam","hubris:Icosahedron","Incense Burner"],"acts_visited":["Exordium","TheCity","TheBeyond","TheEnding"],"potions_floor_usage":[13,27,40,50,55],"damage_taken":[{"damage":0,"enemies":"Small Slimes","floor":1,"turns":1},{"damage":0,"enemies":"Cultist","floor":2,"turns":1},{"damage":0,"enemies":"Lagavulin","floor":6,"turns":1},{"damage":34,"enemies":"Gremlin Nob","floor":8,"turns":5},{"damage":24,"enemies":"Replay:BlueRogue","floor":10,"turns":6},{"damage":4,"enemies":"Jaw Worm","floor":11,"turns":2},{"damage":1,"enemies":"3 Louse","floor":12,"turns":2},{"damage":3,"enemies":"3 Sentries","floor":13,"turns":6},{"damage":0,"enemies":"Blue Slaver","floor":14,"turns":2},{"damage":30,"enemies":"The Guardian","floor":16,"turns":10},{"damage":12,"enemies":"Chosen","floor":18,"turns":5},{"damage":12,"enemies":"Spheric Guardian","floor":20,"turns":4},{"damage":25,"enemies":"Snake Plant","floor":21,"turns":4},{"damage":17,"enemies":"Centurion and Healer","floor":22,"turns":10},{"damage":0,"enemies":"Snecko","floor":27,"turns":3},{"damage":15,"enemies":"3 Cultists","floor":28,"turns":4},{"damage":9,"enemies":"Replay:Snechameleon","floor":30,"turns":5},{"damage":53,"enemies":"Collector","floor":33,"turns":12},{"damage":3,"enemies":"3 Shapes","floor":35,"turns":5},{"damage":22,"enemies":"Reptomancer","floor":40,"turns":7},{"damage":0,"enemies":"Orb Walker","floor":42,"turns":1},{"damage":16,"enemies":"Mind Bloom Boss Battle","floor":44,"turns":9},{"damage":0,"enemies":"Writhing Mass","floor":45,"turns":5},{"damage":0,"enemies":"Nemesis","floor":48,"turns":3},{"damage":13,"enemies":"hubris:GrandSnecko","floor":50,"turns":9},{"damage":6,"enemies":"Shield and Spear","floor":54,"turns":3},{"damage":94,"enemies":"The Heart","floor":55,"turns":5}],"seed_played":"-9206318383710518110","potions_obtained":[{"floor":6,"key":"Reflective Coating"},{"floor":10,"key":"Adrenaline Potion"},{"floor":13,"key":"FocusPotion"},{"floor":14,"key":"SpeedPotion"},{"floor":22,"key":"Adrenaline Potion"},{"floor":28,"key":"PowerPotion"}],"is_trial":false,"path_per_floor":["M","M","?","$","T","E","R","?","T","E","M","M","E","M","R","B",null,"M","?","M","M","M","R","$","R","T","M","M","$","E","?","R","B",null,"M","?","?","?","?","E","R","M","T","R","M","R","$","E","R","B",null,"R","$","E","B"],"character_chosen":"DEFECT","items_purchased":["Lantern","Bag of Marbles","hubris:Metronome","Self Repair","Pen Nib","Mummified Hand","DataDisk","Apotheosis"],"campfire_rested":1,"item_purchase_floors":[4,24,29,29,47,47,47,53],"current_hp_per_floor":[75,75,75,75,75,75,75,41,41,27,23,22,19,31,56,38,85,73,73,61,48,43,43,43,43,43,43,40,40,50,50,75,34,85,82,82,82,82,82,67,67,67,67,58,58,58,58,65,82,76,82,82,82,82,0,0],"gold":94,"neow_bonus":"THREE_ENEMY_KILL","is_daily":false,"chose_seed":false,"campfire_upgraded":2,"win_rate":0.0,"timestamp":1608766716,"path_taken":["M","M","?","?","?","E","R","?","T","E","?","?","E","M","R","BOSS","M","?","M","?","?","R","?","R","T","M","M","$","E","?","R","BOSS","M","?","?","?","?","E","R","M","T","R","M","R","$","E","R","BOSS","R","$","E","BOSS"],"items_purchased_type":["Relic","Relic","Relic","Card","Relic","Relic","Relic","Card"],"build_version":"2020-12-22","purchased_purges":3,"victory":false,"max_hp_per_floor":[75,75,75,75,75,75,75,75,75,85,85,85,85,85,85,85,85,85,85,85,85,85,85,85,85,85,85,85,85,85,85,85,85,85,85,85,85,85,85,85,85,85,85,85,85,85,82,82,82,82,82,82,82,82,82,82],"card_choices":[{"not_picked":["Ball Lightning","Stack"],"picked":"Go for the Eyes","floor":1},{"not_picked":["Heatsinks","Panic Button"],"picked":"Go for the Eyes","floor":2},{"not_picked":["Streamline","hubris:SpecializedCircuitry"],"picked":"Leap","floor":6},{"not_picked":["Melter","ReplayTheSpireMod:System Scan"],"picked":"Gash","floor":8},{"not_picked":["Crystallizer","Loop"],"picked":"FTL","floor":10},{"not_picked":["Ball Lightning","Go for the Eyes"],"picked":"Gash","floor":11},{"not_picked":["Chill","ReplaySort"],"picked":"Melter","floor":12},{"not_picked":["Fusion","Barrage"],"picked":"Sweeping Beam","floor":13},{"not_picked":["ReplayTheSpireMod:GoodbyeWorld","Sweeping Beam"],"picked":"Leap","floor":14},{"not_picked":["hubris:SpecializedCircuitry","Mirror Shield"],"picked":"Seek","floor":16},{"not_picked":["Leap","Streamline"],"picked":"White Noise+1","floor":18},{"not_picked":["Compile Driver+1","Steam"],"picked":"Coolheaded+1","floor":20},{"not_picked":["Undo","Loop"],"picked":"Scrape","floor":21},{"not_picked":["Chaos","Steam Power"],"picked":"Gash","floor":22},{"not_picked":["Barrage","ReplayTheSpireMod:Calculation Training"],"picked":"Conserve Battery+1","floor":27},{"not_picked":["hubris:PowerSurge","Cold Snap"],"picked":"Glacier","floor":28},{"not_picked":["ReplayTheSpireMod:Repulse","Chill"],"picked":"Self Repair+1","floor":30},{"not_picked":["Time Bomb","Tempest+1"],"picked":"Turbo","floor":35},{"not_picked":["ReplayUltimateDefense","Enlightenment"],"picked":"Jack Of All Trades","floor":37},{"not_picked":["ReplayTheSpireMod:Calculation Training","Lockon+1","Barrage+1"],"picked":"SKIP","floor":40},{"not_picked":["Undo","Storm","Barrage"],"picked":"SKIP","floor":42},{"not_picked":["Leap+1","Panic Button"],"picked":"Gash","floor":44},{"not_picked":["Ball Lightning+1","Beam Cell+1"],"picked":"Gash","floor":45},{"not_picked":["Steam Power+1","ReplaySort","Rip and Tear"],"picked":"SKIP","floor":48},{"not_picked":["Compile Driver","Heatsinks+1"],"picked":"Scrape","floor":54}],"player_experience":193976,"relics_obtained":[{"floor":5,"key":"Bottled Flame"},{"floor":6,"key":"Pet Ghost"},{"floor":8,"key":"Kunai"},{"floor":10,"key":"Pear"},{"floor":13,"key":"Meat on the Bone"},{"floor":17,"key":"Geode"},{"floor":17,"key":"The Courier"},{"floor":17,"key":"Replay:Multitool"},{"floor":23,"key":"hubris:BallOfYels"},{"floor":26,"key":"Mercury Hourglass"},{"floor":30,"key":"MawBank"},{"floor":36,"key":"Ring of Misfortune"},{"floor":36,"key":"Ring of Fury"},{"floor":40,"key":"Replay:Bandana"},{"floor":43,"key":"Mirror"},{"floor":44,"key":"Du-Vu Doll"},{"floor":46,"key":"Replay:Baseball"},{"floor":48,"key":"Replay:Bottled Steam"},{"floor":54,"key":"Incense Burner"}],"event_choices":[{"damage_healed":0,"gold_gain":100,"player_choice":"Pray","damage_taken":0,"max_hp_gain":0,"max_hp_loss":0,"event_name":"Golden Shrine","floor":3,"gold_loss":0},{"damage_healed":0,"gold_gain":30,"player_choice":"Searched \u00273\u0027 times","damage_taken":0,"max_hp_gain":0,"max_hp_loss":0,"event_name":"Dead Adventurer","floor":8,"gold_loss":0},{"damage_healed":0,"gold_gain":100,"player_choice":"Pray","damage_taken":0,"max_hp_gain":0,"max_hp_loss":0,"event_name":"Golden Shrine","floor":19,"gold_loss":0},{"damage_healed":0,"gold_gain":0,"cards_transformed":["Strike_B","Strike_B"],"player_choice":"Became Test Subject","damage_taken":0,"max_hp_gain":0,"max_hp_loss":0,"event_name":"Drug Dealer","floor":31,"gold_loss":0,"cards_obtained":["Chaos","Sweeping Beam"]},{"damage_healed":0,"gold_gain":0,"player_choice":"Memory 1","damage_taken":0,"max_hp_gain":0,"max_hp_loss":0,"event_name":"SensoryStone","floor":37,"gold_loss":0},{"cards_removed":["Self Repair"],"damage_healed":0,"gold_gain":0,"player_choice":"Removed Power","damage_taken":0,"max_hp_gain":0,"max_hp_loss":0,"event_name":"Falling","floor":39,"gold_loss":0},{"damage_healed":0,"gold_gain":0,"player_choice":"Fight","damage_taken":0,"max_hp_gain":0,"max_hp_loss":0,"event_name":"MindBloom","floor":44,"gold_loss":0}],"is_beta":false,"boss_relics":[{"not_picked":["Empty Cage","Coffee Dripper"],"picked":"Calling Bell"},{"not_picked":["Pandora\u0027s Box","Velvet Choker"],"picked":"Sozu"}],"items_purged_floors":[24,29,47],"is_endless":false,"potions_floor_spawned":[6,10,13,14,18,20,22,28,30,35,42,44,54],"killed_by":"The Heart","ascension_level":2}}