{"host":"gx04ak8ofzo346nl","time":1608694333,"event":{"mods":["BaseMod","Colored Map","Downfall","Googly Eyes","Highlight Path","Infinite Spire","Minty Spire (QoL Compilation)","Replay The Spire","StSLib","The Animator"],"gold_per_floor":[209,209,219,231,406,436,436,469,469,494,504,534,548,548,548],"floor_reached":14,"playtime":5913,"items_purged":[],"score":116,"play_id":"eca78965-686c-48de-a26e-61a6c72b749c","local_time":"20201222193213","is_ascension_mode":true,"campfire_choices":[{"floor":7,"key":"RECALL"}],"circlet_count":0,"master_deck":["Strike_G","Strike_G","Strike_G","Strike_G","Strike_G","Defend_G","Defend_G","Defend_G","Defend_G","Defend_G","Survivor","Neutralize","Skewer+1","Tactician","Quick Slash","Doubt","Distraction","Reflex","Prepared","Acrobatics","Quick Slash"],"relics":["Ring of the Snake","MealTicket","infinitespire:Broken Mirror","infinitespire:Beetle Shell"],"acts_visited":["Exordium"],"potions_floor_usage":[6,14,14],"damage_taken":[{"damage":0,"enemies":"2 Louse","floor":1,"turns":3},{"damage":0,"enemies":"Small Slimes","floor":3,"turns":3},{"damage":0,"enemies":"Jaw Worm","floor":4,"turns":3},{"damage":14,"enemies":"Gremlin Nob","floor":6,"turns":3},{"damage":7,"enemies":"Replay:BlueRogue","floor":8,"turns":5},{"damage":34,"enemies":"Gremlin Nob","floor":10,"turns":5},{"damage":2,"enemies":"Gremlin Gang","floor":11,"turns":4},{"damage":0,"enemies":"Large Slime","floor":13,"turns":6},{"damage":26,"enemies":"Lagavulin","floor":14,"turns":6}],"seed_played":"7518124799257670242","potions_obtained":[{"floor":4,"key":"champ:CounterPotion"},{"floor":6,"key":"Guardian:BlockOnCardUsePotion"},{"floor":10,"key":"sneckomod:MuddlingPotion"}],"is_trial":false,"path_per_floor":["M","?","M","M","?","E","R","E","T","E","M","?","M","E"],"character_chosen":"THE_SILENT","items_purchased":[],"campfire_rested":0,"item_purchase_floors":[],"current_hp_per_floor":[70,70,70,70,70,56,56,49,49,15,13,13,13,0,0],"gold":548,"neow_bonus":"HUNDRED_GOLD","is_daily":false,"chose_seed":false,"campfire_upgraded":0,"win_rate":0.0,"timestamp":1608694333,"path_taken":["M","?","M","M","?","E","R","E","T","E","M","?","M","E"],"items_purchased_type":[],"build_version":"2020-12-13","purchased_purges":0,"victory":false,"max_hp_per_floor":[70,70,70,70,70,70,70,70,70,70,70,70,70,70,70],"card_choices":[{"not_picked":["Sucker Punch","ReplayTheSpireMod:Tripwire"],"picked":"Skewer","floor":1},{"not_picked":["Masterful Stab","Dagger Throw"],"picked":"Tactician","floor":3},{"not_picked":["Blade Dance","Dodge and Roll"],"picked":"Quick Slash","floor":4},{"not_picked":["PiercingWail","Deadly Poison"],"picked":"Distraction","floor":6},{"not_picked":["Slice","Well Laid Plans"],"picked":"Reflex","floor":8},{"not_picked":["Hidden Blade","Noxious Fumes"],"picked":"Prepared","floor":10},{"not_picked":["Dagger Spray","Dagger Throw"],"picked":"Acrobatics","floor":11},{"not_picked":["Backstab","Deflect"],"picked":"Quick Slash","floor":13}],"player_experience":312573,"relics_obtained":[{"floor":6,"key":"MealTicket"},{"floor":8,"key":"infinitespire:Broken Mirror"},{"floor":10,"key":"infinitespire:Beetle Shell"}],"event_choices":[{"damage_healed":0,"gold_gain":0,"player_choice":"Grow","damage_taken":0,"max_hp_gain":0,"max_hp_loss":0,"event_name":"Living Wall","floor":2,"gold_loss":0,"cards_upgraded":["Skewer"]},{"damage_healed":0,"gold_gain":175,"player_choice":"AGREE","damage_taken":0,"max_hp_gain":0,"max_hp_loss":0,"event_name":"Liars Game","floor":5,"gold_loss":0,"cards_obtained":["Doubt"]},{"damage_healed":0,"gold_gain":30,"player_choice":"Searched \u00271\u0027 times","damage_taken":0,"max_hp_gain":0,"max_hp_loss":0,"event_name":"Dead Adventurer","floor":12,"gold_loss":0}],"is_beta":false,"boss_relics":[],"items_purged_floors":[],"is_endless":false,"potions_floor_spawned":[4,6,10],"killed_by":"Lagavulin","ascension_level":1}}