{"host":"nptej036rrbiurf5","time":1608693232,"event":{"mods":["BaseMod","Colored Map","Colored Powertips","DeckTracker","Minty Spire (QoL Compilation)","StSLib","SuperFastMode"],"gold_per_floor":[113,163,183,108,108,141,141,156,156,23,23,23,42,70,70,70,70],"floor_reached":16,"playtime":325,"items_purged":["Strike_R"],"score":266,"play_id":"a0592b86-5fd2-4795-8bc1-118a07450cbb","local_time":"20201223121352","is_ascension_mode":true,"campfire_choices":[{"data":"Entrench","floor":7.0,"key":"SMITH"},{"data":"Body Slam","floor":11.0,"key":"SMITH"},{"data":"Flame Barrier","floor":15.0,"key":"SMITH"}],"circlet_count":0,"master_deck":["AscendersBane","Strike_R","Strike_R","Strike_R","Defend_R","Defend_R","Defend_R","Defend_R","Bash","Body Slam+1","Ghostly Armor","Entrench+1","Shrug It Off","Flame Barrier+1","Shrug It Off"],"relics":["Burning Blood","NeowsBlessing","Shuriken","Lantern","Strawberry","Regal Pillow"],"acts_visited":["Exordium"],"potions_floor_usage":[16],"damage_taken":[{"damage":0.0,"enemies":"2 Louse","floor":1.0,"turns":1.0},{"damage":0.0,"enemies":"Cultist","floor":3.0,"turns":1.0},{"damage":0.0,"enemies":"Gremlin Nob","floor":6.0,"turns":1.0},{"damage":0.0,"enemies":"Small Slimes","floor":8.0,"turns":3.0},{"damage":9.0,"enemies":"3 Louse","floor":13.0,"turns":4.0},{"damage":29.0,"enemies":"3 Sentries","floor":14.0,"turns":14.0},{"damage":63,"enemies":"Hexaghost","floor":16,"turns":14}],"seed_played":"8371276138149048888","potions_obtained":[{"floor":3.0,"key":"DistilledChaos"},{"floor":8.0,"key":"BlessingOfTheForge"}],"is_trial":false,"path_per_floor":["M","?","M","?","?","E","R","M","T","$","R","$","M","E","R","B"],"character_chosen":"IRONCLAD","items_purchased":["Shrug It Off"],"campfire_rested":0,"item_purchase_floors":[10],"current_hp_per_floor":[74,74,75,75,75,75,75,75,82,82,82,82,79,56,56,0,0],"gold":70,"neow_bonus":"THREE_ENEMY_KILL","is_daily":false,"chose_seed":false,"campfire_upgraded":3,"win_rate":0.0,"timestamp":1608693232,"path_taken":["M","?","?","?","?","E","R","?","T","$","R","?","M","E","R","BOSS"],"items_purchased_type":["Card"],"build_version":"2020-12-13","purchased_purges":1,"victory":false,"max_hp_per_floor":[75,75,75,75,75,75,75,75,82,82,82,82,82,82,82,82,82],"card_choices":[{"not_picked":["Warcry","Ghostly Armor"],"picked":"Body Slam","floor":1.0},{"not_picked":["Cleave","Rupture"],"picked":"Ghostly Armor","floor":3.0},{"not_picked":["Thunderclap","Flex"],"picked":"Entrench","floor":6.0},{"not_picked":["Twin Strike","Clash","Anger"],"picked":"SKIP","floor":8.0},{"not_picked":["Clothesline","Whirlwind"],"picked":"Flame Barrier","floor":13.0},{"not_picked":["Perfected Strike","Wild Strike"],"picked":"Shrug It Off","floor":14.0}],"player_experience":845659,"relics_obtained":[{"floor":6.0,"key":"Lantern"},{"floor":9.0,"key":"Strawberry"},{"floor":14.0,"key":"Regal Pillow"}],"event_choices":[{"damage_healed":0.0,"max_hp_gain":0.0,"max_hp_loss":0.0,"gold_gain":50.0,"event_name":"Golden Shrine","player_choice":"Pray","floor":2.0,"gold_loss":0.0,"damage_taken":0.0},{"cards_removed":["Strike_R"],"damage_healed":0.0,"max_hp_gain":0.0,"max_hp_loss":0.0,"gold_gain":0.0,"event_name":"The Cleric","player_choice":"Card Removal","floor":4.0,"gold_loss":75.0,"damage_taken":0.0},{"damage_healed":0.0,"max_hp_gain":0.0,"max_hp_loss":0.0,"gold_gain":0.0,"event_name":"WeMeetAgain","player_choice":"Gave Potion","floor":5.0,"gold_loss":0.0,"damage_taken":0.0,"relics_obtained":["Shuriken"]}],"is_beta":false,"boss_relics":[],"items_purged_floors":[10],"is_endless":false,"potions_floor_spawned":[3,8],"killed_by":"Hexaghost","ascension_level":20}}