{"host":"lreod2rejfd0az5i","time":1608762963,"event":{"mods":["AchievementEnabler","Aspiration","BaseMod","Colored Powertips","Conspire","Downfall","Highlight Path","Hubris","Infinite Spire","Mad Scientist","Minty Spire (QoL Compilation)","Rare Cards Sparkle","Relic Stats","Replay The Spire","StSLib","The Bug Knight","The Jungle"],"gold_per_floor":[109,109,109,109,74,74,74,74,87,127,127,127,146,162,162,197,197,290,290,308,308,356,356,356,356,330,330,368,368,420,420,434,448,487,487,487],"floor_reached":35,"playtime":1086,"items_purged":["Strike_G"],"score":636,"play_id":"1d8231c4-f9f3-4a75-b8b5-3338c984b39f","local_time":"20201223153603","is_ascension_mode":true,"campfire_choices":[{"data":"Neutralize","floor":8.0,"key":"SMITH"},{"data":"Survivor","floor":12.0,"key":"SMITH"},{"data":"Sucker Punch","floor":15.0,"key":"SMITH"},{"floor":17.0,"key":"REST"},{"floor":27.0,"key":"REST"},{"data":"infinitespire:Neurotoxin","floor":31.0,"key":"SMITH"}],"circlet_count":0,"master_deck":["AscendersBane","Strike_G","Strike_G","Strike_G","Strike_G","Defend_G","Defend_G","Defend_G","Defend_G","Defend_G","Survivor+1","Neutralize+1","Bouncing Flask+1","Sucker Punch+1","infinitespire:Neurotoxin+1","Backflip","White Noise"],"relics":["Ring of the Snake","NeowsBlessing","Replay:Mystery Machine","Golden Idol","aspiration:ChemicalBlood","Replay:Ringing Soul","hubris:PeanutButter","hubris:RunicObelisk","Toolbox","Strawberry","MutagenicStrength","Vampiric Spirits","Replay:Rubber Ducky","Omamori"],"acts_visited":["Exordium","TheCity"],"potions_floor_usage":[],"damage_taken":[{"damage":0.0,"enemies":"Cultist","floor":1.0,"turns":1.0},{"damage":0.0,"enemies":"Small Slimes","floor":9.0,"turns":1.0},{"damage":0.0,"enemies":"Lagavulin","floor":10.0,"turns":1.0},{"damage":6.0,"enemies":"2 Louse","floor":13.0,"turns":3.0},{"damage":0.0,"enemies":"2 Fungi Beasts","floor":14.0,"turns":4.0},{"damage":8.0,"enemies":"Gremlin Nob","floor":16.0,"turns":3.0},{"damage":62.0,"enemies":"Slime Boss","floor":18.0,"turns":13.0},{"damage":30.0,"enemies":"3 Byrds","floor":20.0,"turns":6.0},{"damage":0.0,"enemies":"conspire:MimicChest","floor":22.0,"turns":7.0},{"damage":0.0,"enemies":"2 Thieves","floor":26.0,"turns":4.0},{"damage":20.0,"enemies":"conspire:Head Lice","floor":28.0,"turns":6.0},{"damage":17.0,"enemies":"Centurion and Healer","floor":32.0,"turns":7.0},{"damage":1.0,"enemies":"Sentry and Sphere","floor":33.0,"turns":4.0},{"damage":9.0,"enemies":"Book of Stabbing","floor":34.0,"turns":4.0},{"damage":36,"enemies":"Cultist and Chosen","floor":35,"turns":4}],"seed_played":"263299796360056","potions_obtained":[{"floor":1.0,"key":"Adrenaline Potion"},{"floor":13.0,"key":"FearPotion"},{"floor":16.0,"key":"Milkshake"},{"floor":18.0,"key":"LiquidMemories"},{"floor":20.0,"key":"LifebloodPotion"},{"floor":32.0,"key":"Adrenaline Potion"}],"is_trial":false,"path_per_floor":["M","?","PTL","PTL","?","?","?","R","M","E","T","R","M","M","R","E","R","B",null,"M","AVR","?","PTL","PTL","?","M","R","E","?","T","R","M","M","E","M"],"character_chosen":"THE_SILENT","items_purchased":[],"campfire_rested":2,"item_purchase_floors":[],"current_hp_per_floor":[59,48,48,48,64,60,60,60,60,60,60,60,57,57,57,49,63,4,51,24,24,31,31,31,31,31,53,33,36,36,36,22,29,24,0,0],"gold":487,"neow_bonus":"THREE_ENEMY_KILL","is_daily":false,"chose_seed":false,"campfire_upgraded":4,"win_rate":0.0,"timestamp":1608762963,"path_taken":["M","?","PTL","PTL","?","?","?","R","M","E","T","R","M","M","R","E","R","BOSS","M","AVR","?","PTL","PTL","?","M","R","E","?","T","R","M","M","E","?"],"items_purchased_type":[],"build_version":"2020-12-22","purchased_purges":1,"victory":false,"max_hp_per_floor":[66,66,66,66,66,60,60,60,60,60,60,60,63,63,63,63,63,66,66,69,69,76,76,76,76,76,76,76,79,79,79,79,79,79,79,79],"relic_stats":{"counters":[15,68],"Golden Idol":81,"obtain_stats":[{"NeowsBlessing":0,"Golden Idol":6,"Vampiric Spirits":28,"Omamori":34,"Replay:Mystery Machine":2,"hubris:RunicObelisk":19,"Replay:Rubber Ducky":30,"Replay:Ringing Soul":11,"Strawberry":22,"MutagenicStrength":25,"Toolbox":21,"hubris:PeanutButter":16,"Ring of the Snake":0,"aspiration:ChemicalBlood":10},{"NeowsBlessing":0,"Golden Idol":1,"Vampiric Spirits":11,"Omamori":14,"Replay:Mystery Machine":1,"hubris:RunicObelisk":7,"Replay:Rubber Ducky":11,"Replay:Ringing Soul":3,"Strawberry":9,"MutagenicStrength":9,"Toolbox":8,"hubris:PeanutButter":6,"Ring of the Snake":0,"aspiration:ChemicalBlood":3},{"NeowsBlessing":0,"Golden Idol":1,"Vampiric Spirits":49,"Omamori":64,"Replay:Mystery Machine":1,"hubris:RunicObelisk":26,"Replay:Rubber Ducky":49,"Replay:Ringing Soul":3,"Strawberry":39,"MutagenicStrength":39,"Toolbox":32,"hubris:PeanutButter":13,"Ring of the Snake":0,"aspiration:ChemicalBlood":3}],"Ring of the Snake":[23]},"card_choices":[{"not_picked":["Distraction","Blade Dance"],"picked":"Bouncing Flask","floor":1.0},{"not_picked":["Blade Dance","Endless Agony","Setup"],"picked":"SKIP","floor":9.0},{"not_picked":["Dagger Throw","Flying Knee","ReplayTheSpireMod:Scrap Shanks"],"picked":"SKIP","floor":10.0},{"not_picked":["Sucker Punch","Cloak And Dagger","Flying Knee"],"picked":"SKIP","floor":13.0},{"not_picked":["Cloak And Dagger","Flying Knee"],"picked":"Sucker Punch","floor":13.0},{"not_picked":["Eviscerate","Prepared","Flying Knee"],"picked":"SKIP","floor":14.0},{"not_picked":["Endless Agony","Underhanded Strike","Dagger Throw"],"picked":"SKIP","floor":16.0},{"not_picked":["Wraith Form v2","After Image"],"picked":"infinitespire:Neurotoxin","floor":18.0},{"not_picked":["Hidden Blade","Acrobatics"],"picked":"Backflip","floor":20.0},{"not_picked":["Draining Mist","Sneak Up","Setup"],"picked":"SKIP","floor":26.0},{"not_picked":["hubris:Counter","conspire:DoublingDagger","hubris:SlightOfHand"],"picked":"SKIP","floor":28.0},{"not_picked":["hubris:Sniper","Heel Hook","Flying Knee"],"picked":"SKIP","floor":32.0},{"not_picked":["Blade Dance","Choke","Phantasmal Killer"],"picked":"SKIP","floor":33.0},{"not_picked":["Escape Plan+1","Hidden Blade","ReplayTheSpireMod:Exploit Weakness"],"picked":"SKIP","floor":34.0}],"player_experience":860032,"relics_obtained":[{"floor":10.0,"key":"aspiration:ChemicalBlood"},{"floor":11.0,"key":"Replay:Ringing Soul"},{"floor":16.0,"key":"hubris:PeanutButter"},{"floor":22.0,"key":"Strawberry"},{"floor":28.0,"key":"Vampiric Spirits"},{"floor":30.0,"key":"Replay:Rubber Ducky"},{"floor":34.0,"key":"Omamori"}],"event_choices":[{"damage_healed":0.0,"max_hp_gain":0.0,"max_hp_loss":0.0,"gold_gain":0.0,"event_name":"Scrap Ooze","player_choice":"Success","floor":2.0,"gold_loss":0.0,"damage_taken":11.0,"relics_obtained":["Replay:Mystery Machine"]},{"damage_healed":16.0,"max_hp_gain":0.0,"max_hp_loss":0.0,"gold_gain":0.0,"event_name":"The Cleric","player_choice":"Healed","floor":5.0,"gold_loss":35.0,"damage_taken":0.0},{"damage_healed":0.0,"max_hp_gain":0.0,"max_hp_loss":6.0,"gold_gain":0.0,"event_name":"Golden Idol","player_choice":"Lose Max HP","floor":6.0,"gold_loss":0.0,"damage_taken":0.0,"relics_obtained":["Golden Idol"]},{"damage_healed":0.0,"max_hp_gain":0.0,"max_hp_loss":0.0,"gold_gain":0.0,"event_name":"Living Wall","player_choice":"Grow","floor":7.0,"gold_loss":0.0,"damage_taken":0.0,"cards_upgraded":["Bouncing Flask"]},{"damage_healed":0.0,"max_hp_gain":0.0,"max_hp_loss":0.0,"gold_gain":0.0,"event_name":"Drug Dealer","player_choice":"Inject Mutagens","floor":25.0,"gold_loss":0.0,"damage_taken":0.0,"relics_obtained":["MutagenicStrength"]},{"damage_healed":0.0,"max_hp_gain":0.0,"max_hp_loss":0.0,"gold_gain":0.0,"event_name":"The Library","player_choice":"Read","floor":29.0,"gold_loss":0.0,"damage_taken":0.0,"cards_obtained":["White Noise"]}],"is_beta":false,"boss_relics":[{"not_picked":["SlaversCollar","conspire:SlowCooker"],"picked":"hubris:RunicObelisk"}],"items_purged_floors":[21],"is_endless":false,"potions_floor_spawned":[1,13,16,20,32],"killed_by":"Cultist and Chosen","ascension_level":19}}