{"host":"r53pw7z744tg3fxg","time":1608740735,"event":{"mods":["AchievementEnabler","BaseMod","Colored Map","Colored Powertips","Highlight Path","Minty Spire (QoL Compilation)","Quick Restart","Transform Curses"],"gold_per_floor":[117,129,56,56,29,29,63,76,123,123,140,140,140,171,171,267,267,279,297,297,23,23,52,52,84,84,96,96,96,114,129,129,229,229,244,57,67,82,82,82,94,94,174,185,185,218,218,235,235,235],"floor_reached":51,"playtime":1727,"items_purged":[],"score":1200,"play_id":"5a9f85a0-3966-4796-a789-c039c7462383","local_time":"20201223092535","is_ascension_mode":true,"campfire_choices":[{"data":"Crescendo","floor":6,"key":"SMITH"},{"floor":10,"key":"REST"},{"floor":13,"key":"REST"},{"data":"BattleHymn","floor":15,"key":"SMITH"},{"floor":24,"key":"REST"},{"floor":29,"key":"REST"},{"floor":32,"key":"REST"},{"floor":40,"key":"REST"},{"floor":42,"key":"REST"},{"floor":45,"key":"REST"},{"floor":47,"key":"REST"},{"data":"Wish","floor":49,"key":"SMITH"}],"circlet_count":0,"master_deck":["Strike_P+1","Strike_P","Strike_P","Strike_P","Defend_P","Defend_P","Defend_P","Defend_P","Eruption+1","Vigilance","Evaluate","Crescendo+1","BattleHymn+1","EmptyBody+1","BowlingBash","FlurryOfBlows","Wish+1","Consecrate+1","SashWhip","Flash of Steel","Halt","DeceiveReality+1","Conclude+1","Perseverance+1","EmptyFist+1","PathToVictory+1","Tantrum","TalkToTheHand","FlyingSleeves+1","JustLucky+1","ReachHeaven+1","SandsOfTime"],"relics":["PureWater","Bag of Marbles","StrikeDummy","Smiling Mask","CloakClasp","Sozu","Pen Nib","Dream Catcher","Bottled Lightning","Kunai","Gremlin Horn","Busted Crown","ClockworkSouvenir","Letter Opener","Anchor"],"acts_visited":["Exordium","TheCity","TheBeyond"],"potions_floor_usage":[14,25,27,50],"damage_taken":[{"damage":0.0,"enemies":"Jaw Worm","floor":1.0,"turns":3.0},{"damage":2,"enemies":"Cultist","floor":2,"turns":3},{"damage":14,"enemies":"Gremlin Nob","floor":7,"turns":3},{"damage":0,"enemies":"2 Louse","floor":8,"turns":3},{"damage":0,"enemies":"2 Fungi Beasts","floor":11,"turns":1},{"damage":4,"enemies":"Lagavulin","floor":14,"turns":3},{"damage":0,"enemies":"Slime Boss","floor":16,"turns":4},{"damage":2,"enemies":"Chosen","floor":18,"turns":3},{"damage":13,"enemies":"Shell Parasite","floor":19,"turns":3},{"damage":35,"enemies":"Gremlin Leader","floor":23,"turns":4},{"damage":21,"enemies":"Book of Stabbing","floor":25,"turns":7},{"damage":14,"enemies":"Snake Plant","floor":27,"turns":2},{"damage":9,"enemies":"Shelled Parasite and Fungi","floor":30,"turns":2},{"damage":0,"enemies":"3 Cultists","floor":31,"turns":3},{"damage":7,"enemies":"Collector","floor":33,"turns":5},{"damage":6,"enemies":"Orb Walker","floor":35,"turns":4},{"damage":0,"enemies":"3 Shapes","floor":37,"turns":2},{"damage":25,"enemies":"Jaw Worm Horde","floor":38,"turns":2},{"damage":18,"enemies":"4 Shapes","floor":41,"turns":2},{"damage":20,"enemies":"Transient","floor":44,"turns":5},{"damage":0,"enemies":"Reptomancer","floor":46,"turns":3},{"damage":9,"enemies":"Jaw Worm Horde","floor":48,"turns":3},{"damage":47,"enemies":"Donu and Deca","floor":50,"turns":9}],"seed_played":"-8969923275101150040","potions_obtained":[{"floor":7,"key":"Dexterity Potion"},{"floor":8,"key":"DuplicationPotion"},{"floor":11,"key":"ColorlessPotion"},{"floor":16,"key":"Weak Potion"}],"is_trial":false,"path_per_floor":["M","M","$","?","$","R","E","M","T","R","M","?","R","E","R","B",null,"M","M","?","$","$","E","R","E","T","M","T","R","M","M","R","B",null,"M","$","M","M","?","R","M","R","T","M","R","E","R","M","R","B",null],"character_chosen":"WATCHER","items_purchased":["BattleHymn","EmptyBody","Pen Nib","Flash of Steel","Halt","ClockworkSouvenir","TalkToTheHand"],"campfire_rested":9,"item_purchase_floors":[3,5,21,21,21,36,36],"current_hp_per_floor":[65,63,63,56,56,56,42,42,42,63,63,49,70,66,66,66,71,69,56,61,61,61,26,47,26,26,12,12,33,24,24,45,38,64,58,58,58,33,33,54,36,57,57,37,58,58,72,63,63,16],"gold":235,"neow_bonus":"UPGRADE_CARD","is_daily":false,"chose_seed":false,"campfire_upgraded":3,"win_rate":0.0,"timestamp":1608740735,"path_taken":["M","M","$","?","$","R","E","M","T","R","M","?","R","E","R","BOSS","M","M","?","?","$","E","R","E","T","M","?","R","M","M","R","BOSS","M","$","M","M","?","R","M","R","T","M","R","E","R","M","R","BOSS"],"items_purchased_type":["Card","Card","Relic","Card","Card","Relic","Card"],"build_version":"2020-12-22","purchased_purges":0,"victory":true,"max_hp_per_floor":[72,72,72,72,72,72,72,72,72,72,72,72,72,72,72,72,72,72,72,72,72,72,72,72,72,72,72,72,72,72,72,72,72,72,72,72,72,72,72,72,72,72,72,72,72,72,72,72,72,72],"card_choices":[{"not_picked":["Protect","ThirdEye"],"picked":"Evaluate","floor":1},{"not_picked":["Protect","JustLucky"],"picked":"Crescendo","floor":2},{"not_picked":["WreathOfFlame","Study","EmptyBody"],"picked":"SKIP","floor":7},{"not_picked":["Indignation","Halt"],"picked":"ClearTheMind","floor":8},{"not_picked":["Meditate","Conclude"],"picked":"BowlingBash","floor":11},{"not_picked":["ClearTheMind","EmptyBody"],"picked":"FlurryOfBlows","floor":14},{"not_picked":["Ragnarok","Alpha"],"picked":"Wish","floor":16},{"not_picked":["BowlingBash","WindmillStrike"],"picked":"Consecrate+1","floor":18},{"not_picked":["Protect","Prostrate"],"picked":"SashWhip","floor":19},{"not_picked":["Adaptation","Prostrate"],"picked":"DeceiveReality+1","floor":23},{"not_picked":["Sanctity","Vengeance"],"picked":"Conclude+1","floor":25},{"not_picked":["Crescendo","SashWhip","EmptyFist"],"picked":"SKIP","floor":27},{"not_picked":["FlurryOfBlows+1","WheelKick"],"picked":"Perseverance+1","floor":29},{"not_picked":["FlyingSleeves","Ragnarok"],"picked":"EmptyFist+1","floor":30},{"not_picked":["Consecrate","ThirdEye+1"],"picked":"PathToVictory+1","floor":31},{"not_picked":[],"picked":"Tantrum","floor":35},{"not_picked":[],"picked":"FlyingSleeves+1","floor":37},{"not_picked":[],"picked":"JustLucky+1","floor":38},{"not_picked":[],"picked":"ReachHeaven+1","floor":41},{"not_picked":[],"picked":"SandsOfTime","floor":44},{"not_picked":["Tantrum+1"],"picked":"SKIP","floor":46},{"not_picked":["BattleHymn+1"],"picked":"SKIP","floor":48}],"player_experience":1142421,"relics_obtained":[{"floor":7,"key":"StrikeDummy"},{"floor":9,"key":"Smiling Mask"},{"floor":14,"key":"CloakClasp"},{"floor":23,"key":"Dream Catcher"},{"floor":25,"key":"Bottled Lightning"},{"floor":26,"key":"Kunai"},{"floor":28,"key":"Gremlin Horn"},{"floor":43,"key":"Letter Opener"},{"floor":46,"key":"Anchor"}],"event_choices":[{"damage_healed":0,"gold_gain":0,"player_choice":"Success","damage_taken":7,"relics_obtained":["Bag of Marbles"],"max_hp_gain":0,"max_hp_loss":0,"event_name":"Scrap Ooze","floor":4,"gold_loss":0},{"damage_healed":0,"gold_gain":0,"player_choice":"Entered Light","damage_taken":14,"max_hp_gain":0,"max_hp_loss":0,"event_name":"Shining Light","floor":12,"gold_loss":0,"cards_upgraded":["EmptyBody","Strike_P"]},{"cards_removed":["ClearTheMind"],"damage_healed":5,"gold_gain":0,"player_choice":"Offered Common","damage_taken":0,"max_hp_gain":0,"max_hp_loss":0,"event_name":"Bonfire Elementals","floor":20,"gold_loss":0},{"cards_removed":["ClearTheMind"],"damage_healed":5,"gold_gain":0,"player_choice":"Offered Special","damage_taken":0,"max_hp_gain":0,"max_hp_loss":0,"event_name":"Bonfire Elementals","floor":20,"gold_loss":0},{"damage_healed":0,"gold_gain":0,"player_choice":"Ignored","damage_taken":0,"max_hp_gain":0,"max_hp_loss":0,"event_name":"Transmorgrifier","floor":39,"gold_loss":0}],"is_beta":false,"boss_relics":[{"not_picked":["Fusion Hammer","Runic Pyramid"],"picked":"Sozu"},{"not_picked":["Astrolabe","Cursed Key"],"picked":"Busted Crown"}],"items_purged_floors":[],"is_endless":false,"potions_floor_spawned":[7,8,11,16,18,27,30,31,38,41,44],"ascension_level":8}}