{"host":"a5lz0e76zb3fcwkm","time":1608687904,"event":{"mods":["AchievementEnabler","BaseMod","Colored Map","Colored Powertips","Minty Spire (QoL Compilation)","StSLib","SuperFastMode"],"gold_per_floor":[113,38,53,53,53,53,79,79,79,105,121,146,164,177,177,254,254,272,272,290,290,33,33,64,64,64,64,95,95,111,111,111,189,189,204,204,204,204,223,257,275,304,304,315,190,190,220,245,245,245,245,245,245,7,32,32],"floor_reached":57,"playtime":1566,"items_purged":["Strike_R","Decay","Strike_R+1","Rage+1"],"score":3163,"play_id":"a03cc28c-725c-447b-829f-cc9615e33080","local_time":"20201223104504","is_ascension_mode":true,"campfire_choices":[{"data":"Body Slam","floor":6.0,"key":"SMITH"},{"data":"Fire Breathing","floor":8.0,"key":"SMITH"},{"data":"Barricade","floor":15.0,"key":"SMITH"},{"data":"Immolate","floor":23.0,"key":"SMITH"},{"floor":25.0,"key":"REST"},{"data":"Seeing Red","floor":27.0,"key":"SMITH"},{"floor":32.0,"key":"REST"},{"data":"Evolve","floor":46.0,"key":"SMITH"},{"floor":49.0,"key":"RECALL"},{"data":"Second Wind","floor":53.0,"key":"SMITH"}],"circlet_count":0,"master_deck":["AscendersBane","Defend_R","Defend_R","Defend_R","Defend_R","Shockwave+1","Body Slam+1","Fire Breathing+1","Barricade+1","Seeing Red+1","Immolate+1","Battle Trance+1","Impervious+1","Shrug It Off","Evolve+1","Second Wind+1","Body Slam+1","Flame Barrier+1","Burning Pact+1"],"relics":["Burning Blood","NeowsBlessing","Sundial","Bag of Preparation","Whetstone","Letter Opener","Astrolabe","Enchiridion","Oddly Smooth Stone","Gambling Chip","Boot","Cursed Key","Molten Egg 2","Toxic Egg 2","Ornamental Fan","Lizard Tail","Anchor"],"acts_visited":["Exordium","TheCity","TheBeyond","TheEnding"],"potions_floor_usage":[56],"damage_taken":[{"damage":0.0,"enemies":"Cultist","floor":1.0,"turns":1.0},{"damage":0.0,"enemies":"2 Louse","floor":3.0,"turns":2.0},{"damage":0.0,"enemies":"Lagavulin","floor":7.0,"turns":1.0},{"damage":10.0,"enemies":"3 Sentries","floor":10.0,"turns":4.0},{"damage":7.0,"enemies":"Small Slimes","floor":11.0,"turns":3.0},{"damage":29.0,"enemies":"Lagavulin","floor":12.0,"turns":8.0},{"damage":3.0,"enemies":"Looter","floor":13.0,"turns":3.0},{"damage":1.0,"enemies":"Large Slime","floor":14.0,"turns":5.0},{"damage":45.0,"enemies":"Slime Boss","floor":16.0,"turns":8.0},{"damage":0.0,"enemies":"Chosen","floor":18.0,"turns":4.0},{"damage":0.0,"enemies":"Shell Parasite","floor":20.0,"turns":4.0},{"damage":32.0,"enemies":"Gremlin Leader","floor":24.0,"turns":5.0},{"damage":0.0,"enemies":"Slavers","floor":28.0,"turns":1.0},{"damage":9.0,"enemies":"Centurion and Healer","floor":30.0,"turns":4.0},{"damage":0.0,"enemies":"Automaton","floor":33.0,"turns":4.0},{"damage":0.0,"enemies":"Orb Walker","floor":35.0,"turns":3.0},{"damage":0.0,"enemies":"3 Shapes","floor":39.0,"turns":3.0},{"damage":0.0,"enemies":"Nemesis","floor":40.0,"turns":7.0},{"damage":0.0,"enemies":"Sphere and 2 Shapes","floor":41.0,"turns":4.0},{"damage":0.0,"enemies":"Giant Head","floor":42.0,"turns":4.0},{"damage":0.0,"enemies":"4 Shapes","floor":44.0,"turns":2.0},{"damage":0.0,"enemies":"Reptomancer","floor":47.0,"turns":3.0},{"damage":0.0,"enemies":"Mind Bloom Boss Battle","floor":48.0,"turns":3.0},{"damage":2.0,"enemies":"Awakened One","floor":50.0,"turns":11.0},{"damage":21.0,"enemies":"Donu and Deca","floor":51.0,"turns":6.0},{"damage":52.0,"enemies":"Shield and Spear","floor":55.0,"turns":6.0},{"damage":6,"enemies":"The Heart","floor":56,"turns":6}],"seed_played":"-8535753476462226218","potions_obtained":[{"floor":1.0,"key":"SpeedPotion"},{"floor":7.0,"key":"LiquidMemories"},{"floor":14.0,"key":"Fruit Juice"},{"floor":18.0,"key":"SteroidPotion"},{"floor":40.0,"key":"Block Potion"},{"floor":41.0,"key":"Energy Potion"},{"floor":42.0,"key":"Fruit Juice"},{"floor":44.0,"key":"Block Potion"}],"is_trial":false,"path_per_floor":["M","$","M","$","?","R","E","R","T","E","M","E","M","M","R","B",null,"M","?","M","?","$","R","E","R","T","R","E","?","M","?","R","B",null,"M","?","?","?","M","E","M","E","T","M","$","R","E","?","R","B","B",null,"R","$","E","B",null],"character_chosen":"IRONCLAD","items_purchased":["Oddly Smooth Stone","Burning Pact+1"],"campfire_rested":2,"item_purchase_floors":[22,54],"current_hp_per_floor":[74,74,75,75,75,75,75,75,75,71,70,47,50,55,55,16,60,71,71,77,56,56,56,30,54,54,54,60,37,34,34,59,65,80,85,85,85,81,81,81,81,86,86,86,86,86,86,86,86,86,71,82,82,82,36,36],"gold":32,"neow_bonus":"THREE_ENEMY_KILL","is_daily":false,"chose_seed":false,"campfire_upgraded":7,"win_rate":0.0,"timestamp":1608687904,"path_taken":["M","?","?","?","?","R","E","R","T","E","M","E","M","?","R","BOSS","M","?","?","?","$","R","E","R","T","R","E","?","M","?","R","BOSS","M","?","?","?","?","E","M","E","T","M","?","R","E","?","R","BOSS","BOSS","R","$","E","BOSS"],"items_purchased_type":["Relic","Card"],"build_version":"2020-12-13","purchased_purges":4,"victory":true,"max_hp_per_floor":[75,75,75,75,75,75,75,75,75,75,75,75,75,75,75,75,75,80,80,80,80,80,80,80,80,80,80,80,85,85,85,85,85,85,85,85,85,81,81,81,81,86,86,86,86,86,86,86,86,86,86,86,86,86,86,86],"card_choices":[{"not_picked":["Reckless Charge","Anger"],"picked":"Shockwave","floor":1.0},{"not_picked":["Whirlwind","Warcry"],"picked":"Body Slam","floor":3.0},{"not_picked":["Evolve","Body Slam"],"picked":"Fire Breathing","floor":7.0},{"not_picked":["Wild Strike","Clothesline"],"picked":"Barricade","floor":10.0},{"not_picked":["Perfected Strike","Sword Boomerang","Anger"],"picked":"SKIP","floor":11.0},{"not_picked":["Pummel","Dropkick"],"picked":"Seeing Red","floor":12.0},{"not_picked":["True Grit","Heavy Blade","Sever Soul"],"picked":"SKIP","floor":13.0},{"not_picked":["Sword Boomerang","Inflame","Bloodletting"],"picked":"SKIP","floor":14.0},{"not_picked":["Reaper","Feed"],"picked":"Immolate","floor":16.0},{"not_picked":["True Grit","Searing Blow","Perfected Strike"],"picked":"SKIP","floor":18.0},{"not_picked":["Cleave","Fire Breathing","Iron Wave"],"picked":"SKIP","floor":20.0},{"not_picked":["Flame Barrier","Twin Strike"],"picked":"Shrug It Off","floor":24.0},{"not_picked":["Anger","Dual Wield","Shockwave"],"picked":"SKIP","floor":28.0},{"not_picked":["Wild Strike","Armaments","Immolate"],"picked":"SKIP","floor":30.0},{"not_picked":["Clash","Thunderclap+1","Anger+1"],"picked":"SKIP","floor":35.0},{"not_picked":["Pommel Strike+1","Havoc","Uppercut"],"picked":"SKIP","floor":39.0},{"not_picked":["Shrug It Off","Flex+1"],"picked":"Second Wind","floor":40.0},{"not_picked":["Perfected Strike+1","Metallicize"],"picked":"Body Slam+1","floor":41.0},{"not_picked":["Whirlwind+1","Infernal Blade+1","Wild Strike+1"],"picked":"SKIP","floor":42.0},{"not_picked":["Whirlwind+1","Infernal Blade+1","Wild Strike+1"],"picked":"SKIP","floor":42.0},{"not_picked":["Rupture+1","Anger+1"],"picked":"Flame Barrier+1","floor":44.0},{"not_picked":["Exhume+1","Wild Strike+1","Evolve"],"picked":"SKIP","floor":47.0},{"not_picked":["Inflame","Headbutt+1","Uppercut+1"],"picked":"SKIP","floor":55.0}],"player_experience":1639524,"relics_obtained":[{"floor":7.0,"key":"Sundial"},{"floor":9.0,"key":"Bag of Preparation"},{"floor":10.0,"key":"Whetstone"},{"floor":12.0,"key":"Letter Opener"},{"floor":21.0,"key":"Enchiridion"},{"floor":24.0,"key":"Gambling Chip"},{"floor":28.0,"key":"Boot"},{"floor":40.0,"key":"Molten Egg 2"},{"floor":42.0,"key":"Toxic Egg 2"},{"floor":47.0,"key":"Ornamental Fan"},{"floor":48.0,"key":"Lizard Tail"},{"floor":55.0,"key":"Anchor"}],"event_choices":[{"damage_healed":0.0,"max_hp_gain":0.0,"max_hp_loss":0.0,"gold_gain":0.0,"event_name":"Upgrade Shrine","player_choice":"Upgraded","floor":5.0,"gold_loss":0.0,"damage_taken":0.0,"cards_upgraded":["Shockwave"]},{"damage_healed":0.0,"max_hp_gain":0.0,"max_hp_loss":0.0,"gold_gain":0.0,"event_name":"Wheel of Change","player_choice":"Cursed","floor":19.0,"gold_loss":0.0,"damage_taken":0.0,"cards_obtained":["Decay"]},{"damage_healed":0.0,"max_hp_gain":0.0,"max_hp_loss":0.0,"gold_gain":0.0,"event_name":"Cursed Tome","player_choice":"Obtained Book","floor":21.0,"gold_loss":0.0,"damage_taken":21.0},{"damage_healed":0.0,"max_hp_gain":5.0,"max_hp_loss":0.0,"gold_gain":0.0,"event_name":"Forgotten Altar","player_choice":"Shed Blood","floor":29.0,"gold_loss":0.0,"damage_taken":28.0},{"damage_healed":0.0,"max_hp_gain":0.0,"max_hp_loss":0.0,"gold_gain":0.0,"event_name":"The Library","player_choice":"Read","floor":31.0,"gold_loss":0.0,"damage_taken":0.0,"cards_obtained":["Evolve"]},{"damage_healed":0.0,"max_hp_gain":0.0,"max_hp_loss":0.0,"gold_gain":0.0,"event_name":"Tomb of Lord Red Mask","player_choice":"Ignored","floor":36.0,"gold_loss":0.0,"damage_taken":0.0},{"cards_removed":["Bash"],"damage_healed":0.0,"max_hp_gain":0.0,"max_hp_loss":0.0,"gold_gain":0.0,"event_name":"Falling","player_choice":"Removed Attack","floor":37.0,"gold_loss":0.0,"damage_taken":0.0},{"damage_healed":0.0,"max_hp_gain":0.0,"max_hp_loss":4.0,"gold_gain":0.0,"event_name":"Winding Halls","player_choice":"Max HP","floor":38.0,"gold_loss":0.0,"damage_taken":0.0},{"damage_healed":0.0,"max_hp_gain":0.0,"max_hp_loss":0.0,"gold_gain":0.0,"event_name":"MindBloom","player_choice":"Fight","floor":48.0,"gold_loss":0.0,"damage_taken":0.0}],"is_beta":false,"boss_relics":[{"not_picked":["Black Star","Velvet Choker"],"picked":"Astrolabe"},{"not_picked":["Sozu","Philosopher\u0027s Stone"],"picked":"Cursed Key"}],"items_purged_floors":[2,22,45,54],"is_endless":false,"potions_floor_spawned":[1,7,14,18,40,41,42,44,48],"ascension_level":20}}