{"host":"of0s4io1nhspfcuu","time":1608752272,"event":{"mods":["ATMod(阿瑾Mod)","Act Like it!","Ascension Reborn","BaseMod","CapriCore","Gensokyo","Minty Spire (QoL Compilation)","MostiFishMod","Pale of the Ancients","RumiaBox-露米娅的神秘盒子","Ryuuou龙王","SOS（斯巴达之子）","StSLib","Waifu the Spire","noobMod","【遗物卡牌】REMEMod","篝火指南"],"gold_per_floor":[163,338,338,263,314,382,454,454,480,480,300,300,300,300,143,277,277,299,214,8,8,8,35,71,71,71,71,104,155,155,79,79,243,243,402,153,293,293,362,428,428,428,455,2572,2144,3202,2472,2159,1285,2342,3390,4458,4458,4081,3712,4795,4437,4020,4020,5152],"floor_reached":61,"playtime":2039,"items_purged":["Injury"],"score":1786,"play_id":"cbadee75-c5e1-47c1-ad1e-e8e0b2e62159","local_time":"20201224033751","daily_mods":["Heirloom","Time Dilation","Flight"],"is_ascension_mode":true,"campfire_choices":[{"data":"AT_FamilyPortrait","floor":13,"key":"SMITH"},{"data":"SSScard","floor":30,"key":"SMITH"},{"data":"Demonreform","floor":32,"key":"SMITH"},{"data":"Ryuuou:NotRegret","floor":42,"key":"SMITH"}],"circlet_count":0,"master_deck":["Attack_a+1","Attack_a+1","Attack_b+1","Shoot+1","Shoot+1","Provocation+1","Defend_Dante+1","Defend_Dante+1","Defend_Dante+1","Defend_Dante+1","Redorb+1","Skim+1","AT_FamilyPortrait+1","Lucifer+1","Weaponchange+1","Stylechange+1","Pandora+1","Greenorb+1","MostiFishMod:KingOfFree+1","CoyoteA+1","Discovery+1","Enemystep+1","Doubleshoot+1","DT+1","Stinger+1","SSScard+1","Demonreform+1","Honeycombofire+1","Chargeshoot2+1","Ryuuou:NotRegret+1","Doubleshoot+1","AT_FalsePromise","DT+1","VitalstarM","REME_BuildACard","Greenorb","AT_BreakingExtremeWeapon","Honeycombofire","DevilstarS","Mayhem","MostiFishMod:OneDayCity","Whiteorb","Apotheosis"],"relics":["SSS","Combocheck","DaveBox","ice","REME_ComplimentaryCards","AT_ATBox","SentryEyes","Unceasing Top","SynthV:TestCard","Art of War","Nunchaku","GodSword3","Strawberry","Membership Card","Molten Egg 2","BloodWine","War Paint","Bottled Lightning","AT_SunfireAegis","Enchiridion","Pantograph","AT_SilvercatRing","Red Mask","AT_MibuBalloonWealth","ShadowXiaoBlade","Baka2","AT_TimeSand","GodSword6","TungstenRod","Ccalipers","AT_RedNoBalance","Pear","REME_OnlineShoppingPlatform","MetatronsCube","MagicDraw1","ZombieArmy","OriginationStaff","Dodecahedron","Ancient Tea Set","AT_EbonyIvory","BirthdayGift-Tetrahedron","GodSword1","paleoftheancients:Timepiece","Anchor","Gremlin Horn","MagicDraw4","ClockworkSouvenir","SSSystem","Centennial Puzzle","Chemical X","HornCleat","CombinedTypeHook","OrangePellets","Letter Opener","Mercury Hourglass","Kunai","Toolbox"],"acts_visited":["Exordium","TheCity","TheBeyond","paleoftheancients:PaleOfTheAncients"],"potions_floor_usage":[],"damage_taken":[{"damage":0,"enemies":"Small Slimes","floor":1,"turns":2},{"damage":0,"enemies":"2 Louse","floor":5,"turns":2},{"damage":0,"enemies":"3 Sentries","floor":6,"turns":2},{"damage":34,"enemies":"Gremlin Nob","floor":7,"turns":3},{"damage":19,"enemies":"Hexaghost","floor":16,"turns":6},{"damage":8,"enemies":"Chosen","floor":18,"turns":2},{"damage":0,"enemies":"Book of Stabbing","floor":23,"turns":1},{"damage":0,"enemies":"Shell Parasite","floor":24,"turns":1},{"damage":0,"enemies":"Centurion and Healer","floor":28,"turns":1},{"damage":0,"enemies":"Masked Bandits","floor":29,"turns":1},{"damage":0,"enemies":"Collector","floor":33,"turns":4},{"damage":0,"enemies":"3 Darklings","floor":35,"turns":2},{"damage":14,"enemies":"3 Shapes","floor":37,"turns":2},{"damage":8,"enemies":"Transient","floor":39,"turns":4},{"damage":49,"enemies":"Giant Head","floor":40,"turns":3},{"damage":6,"enemies":"4 Shapes","floor":44,"turns":2},{"damage":0,"enemies":"Spire Growth","floor":46,"turns":1},{"damage":0,"enemies":"Donu and Deca","floor":50,"turns":1},{"damage":0,"enemies":"Donu and Deca","floor":51,"turns":1},{"damage":0,"enemies":"Donu and Deca","floor":52,"turns":1},{"damage":4,"enemies":"Donu and Deca","floor":56,"turns":1},{"damage":0,"enemies":"paleoftheancients:N","floor":60,"turns":2}],"seed_played":"-680275497377585065","potions_obtained":[{"floor":16,"key":"Swift Potion"},{"floor":24,"key":"SkillPotion"},{"floor":39,"key":"DistilledChaos"}],"is_trial":true,"path_per_floor":["M","?","?","$","M","E","?","T","T","?","$","?","R","T","R","B",null,"M","?","$","?","$","E","M","?","T","?","M","?","R","$","R","B",null,"M","$","M","?","M","E","?","R","T","M","$","M","$","$","R","B","M","M","?","$","R","M","R","$","?","B",null],"character_chosen":"DANTE","items_purchased":["Membership Card","Greenorb","MostiFishMod:KingOfFree+1","CoyoteA","Discovery","Bottled Lightning","AT_SunfireAegis","AT_MibuBalloonWealth","AT_TimeSand","GodSword6","AT_SilverBalance","Pear","AT_FalsePromise","REME_OnlineShoppingPlatform","MetatronsCube","MagicDraw1","ZombieArmy","VitalstarM","REME_BuildACard","OriginationStaff","Greenorb","Dodecahedron","Ancient Tea Set","AT_EbonyIvory","BirthdayGift-Tetrahedron","GodSword1","AT_BreakingExtremeWeapon","MagicDraw4","ClockworkSouvenir","SSSystem","Mayhem","Centennial Puzzle","Chemical X","HornCleat","MostiFishMod:OneDayCity","CombinedTypeHook","OrangePellets","Letter Opener","Mercury Hourglass","Kunai","Toolbox","Apotheosis"],"campfire_rested":0,"item_purchase_floors":[11,11,15,15,15,20,20,31,36,36,45,45,45,45,47,47,47,47,47,48,48,48,48,49,49,49,49,54,54,54,54,55,55,55,55,57,57,57,58,58,58,58],"current_hp_per_floor":[80,80,80,80,80,80,46,46,53,53,53,53,53,53,53,41,117,113,113,113,97,97,97,104,104,104,104,113,117,117,117,117,117,117,117,117,112,112,117,74,117,117,117,111,121,63,63,63,63,127,127,127,127,127,127,127,127,127,127,136],"gold":5152,"neow_bonus":"","is_daily":false,"chose_seed":false,"campfire_upgraded":4,"win_rate":0.0,"timestamp":1608752271,"path_taken":["M","?","?","$","?","E","?","?","T","?","$","?","R","?","R","BOSS","M","?","$","?","?","E","M","?","T","?","?","?","R","?","R","BOSS","M","$","?","?","?","E","?","R","T","M","?","?","$","$","R","BOSS","M","M","?","$","R","M","R","$","?","BOSS"],"items_purchased_type":["Relic","Card","Card","Card","Card","Relic","Relic","Relic","Relic","Relic","Relic","Relic","Card","Relic","Relic","Relic","Relic","Card","Card","Relic","Card","Relic","Relic","Relic","Relic","Relic","Card","Relic","Relic","Relic","Card","Relic","Relic","Relic","Card","Relic","Relic","Relic","Relic","Relic","Relic","Card"],"build_version":"2020-12-22","purchased_purges":1,"victory":true,"max_hp_per_floor":[80,80,80,80,110,110,110,110,117,117,117,117,117,117,117,117,117,117,117,117,117,117,117,117,117,117,117,117,117,117,117,117,117,117,117,117,117,117,117,117,117,117,117,117,127,127,127,127,127,127,127,127,127,127,127,127,127,127,127,140],"card_choices":[{"not_picked":["GilgameshcomboA","Fullhouse"],"picked":"Lucifer","floor":1},{"not_picked":["Chargeshoot","Millionkick","Kick13","Lucifer"],"picked":"Weaponchange","floor":5},{"not_picked":["Splesh","Shock","Hightime","Whiteorb"],"picked":"Stylechange","floor":6},{"not_picked":["VitalstarM","Chargeshoot2","Straight","Millionstab"],"picked":"Pandora","floor":7},{"not_picked":["Royalguard","Weaponreturn","Purpleorb","DevilstarL"],"picked":"Enemystep","floor":16},{"not_picked":["LucifercomboC+1","Hightime+1","LucifercomboB+1","Weaponchange"],"picked":"Doubleshoot+1","floor":18},{"not_picked":["VitalstarL","Airhike","Kick13+1","VitalstarS"],"picked":"DT+1","floor":23},{"not_picked":["Chargeshoot2+1","Kick13+1","Greenorb","CoyoteA"],"picked":"Stinger+1","floor":24},{"not_picked":["Gunslinger","Hightime","Dash2","Dash1","Weaponchange+1"],"picked":"SKIP","floor":28},{"not_picked":["Greenorb","Doubleshoot+1","Millionstab+1","LucifercomboB+1"],"picked":"Demonreform","floor":29},{"not_picked":["Swordmaster","VitalstarM","Shock+1","Splesh+1","Fullhouse+1"],"picked":"SKIP","floor":35},{"not_picked":["Dash1+1","Unrisingdragon+1","Splesh+1","Pandora+1","Swordmaster+1"],"picked":"SKIP","floor":37},{"not_picked":["Dash2+1","Weaponchange","DevilstarS+1","DT+1"],"picked":"Honeycombofire+1","floor":39},{"not_picked":["Greenorb+1","Ecstasy","Kick13+1","LucifercomboD+1"],"picked":"Chargeshoot2+1","floor":40},{"not_picked":["Swordmaster+1","Pandora+1","DevilstarL","Honeycombofire"],"picked":"Doubleshoot+1","floor":44},{"not_picked":["Dash1+1","Gunslinger","Splesh+1","LucifercomboB+1"],"picked":"DT+1","floor":46},{"not_picked":["LucifercomboA+1","Dash1","LucifercomboB+1","Weaponchange+1"],"picked":"Honeycombofire","floor":51},{"not_picked":["Doubleshoot+1","GilgameshcomboA+1","Fullhouse+1","Gunstinger+1"],"picked":"DevilstarS","floor":52},{"not_picked":["Lucifer+1","Unrisingdragon+1","Weaponupgrade","Millionstab+1"],"picked":"Whiteorb","floor":56}],"player_experience":50583,"relics_obtained":[{"floor":1,"key":"SynthV:TestCard"},{"floor":1,"key":"Baka"},{"floor":6,"key":"Art of War"},{"floor":7,"key":"Nunchaku"},{"floor":8,"key":"GodSword3"},{"floor":9,"key":"Strawberry"},{"floor":14,"key":"Molten Egg 2"},{"floor":21,"key":"Enchiridion"},{"floor":23,"key":"Pantograph"},{"floor":26,"key":"AT_SilvercatRing"},{"floor":29,"key":"Red Mask"},{"floor":35,"key":"Baka2"},{"floor":40,"key":"TungstenRod"},{"floor":43,"key":"Ccalipers"}],"event_choices":[{"damage_healed":0,"gold_gain":175,"player_choice":"AGREE","damage_taken":0,"max_hp_gain":0,"max_hp_loss":0,"event_name":"Liars Game","floor":2,"gold_loss":0,"cards_obtained":["Doubt"]},{"damage_healed":0,"gold_gain":0,"cards_transformed":["Doubt"],"player_choice":"Transformed","damage_taken":0,"max_hp_gain":0,"max_hp_loss":0,"event_name":"Transmorgrifier","floor":3,"gold_loss":0,"cards_obtained":["Injury"]},{"damage_healed":0,"gold_gain":0,"player_choice":"Searched \u00271\u0027 times","damage_taken":0,"max_hp_gain":0,"max_hp_loss":0,"event_name":"Dead Adventurer","floor":7,"gold_loss":0},{"damage_healed":0,"gold_gain":0,"player_choice":"Leave","damage_taken":0,"max_hp_gain":0,"max_hp_loss":0,"event_name":"The Cleric","floor":10,"gold_loss":0},{"damage_healed":0,"gold_gain":0,"player_choice":"Ignored","damage_taken":0,"max_hp_gain":0,"max_hp_loss":0,"event_name":"Golden Wing","floor":12,"gold_loss":0},{"damage_healed":0,"gold_gain":0,"player_choice":"Obtained Relic","damage_taken":0,"relics_obtained":["War Paint"],"max_hp_gain":0,"max_hp_loss":0,"event_name":"Addict","floor":19,"gold_loss":85},{"damage_healed":0,"gold_gain":0,"player_choice":"Obtained Book","damage_taken":16,"max_hp_gain":0,"max_hp_loss":0,"event_name":"Cursed Tome","floor":21,"gold_loss":0},{"damage_healed":0,"gold_gain":0,"player_choice":"Read","damage_taken":0,"max_hp_gain":0,"max_hp_loss":0,"event_name":"The Library","floor":25,"gold_loss":0,"cards_obtained":["SSScard"]},{"damage_healed":0,"gold_gain":0,"player_choice":"Simplicity","damage_taken":0,"max_hp_gain":0,"max_hp_loss":0,"event_name":"Back to Basics","floor":27,"gold_loss":0,"cards_upgraded":[]},{"damage_healed":0,"gold_gain":0,"player_choice":"Fought Bandits","damage_taken":0,"max_hp_gain":0,"max_hp_loss":0,"event_name":"Masked Bandits","floor":29,"gold_loss":0},{"cards_removed":["Clumsy"],"damage_healed":0,"gold_gain":0,"player_choice":"Removed Curses","damage_taken":0,"max_hp_gain":0,"max_hp_loss":0,"event_name":"Fountain of Cleansing","floor":38,"gold_loss":0},{"damage_healed":0,"gold_gain":0,"player_choice":"Bought 0 Potions","damage_taken":0,"max_hp_gain":0,"max_hp_loss":0,"event_name":"The Woman in Blue","floor":53,"gold_loss":0}],"is_beta":false,"boss_relics":[{"not_picked":["Empty Cage","MoonlightInvasionPlan"],"picked":"BloodWine"},{"not_picked":["Philosopher\u0027s Stone","Snecko Eye"],"picked":"ShadowXiaoBlade"}],"items_purged_floors":[4],"is_endless":false,"potions_floor_spawned":[16,23,24,28,39,46,51],"ascension_level":0}}