{"host":"9awhzt9lm2hp8nlw","time":1608719765,"event":{"mods":["BaseMod","Colored Map","Downfall","Highlight Path","Minty Spire (QoL Compilation)","Quick Restart","StSLib"],"gold_per_floor":[99,116,131,306,322,322,370,11,24,9,70,70,101,112,128,230,230,230,246,246,246,85,110,186,186,186,218,232,232,1,20,37,141,141,141,153,172,191,191,206,206,217,267,297,309,8,21,21,38,38],"floor_reached":51,"playtime":3972,"items_purged":["Guardian:Defend_Guardian","Guardian:Defend_Guardian","Guardian:Strike_Guardian","hexamod:Haunted"],"score":771,"play_id":"e5a5360d-54d7-44da-a7db-7a9f56582eff","local_time":"20201223023605","is_ascension_mode":false,"campfire_choices":[{"floor":1,"key":"RECALL"},{"data":"expansioncontent:StudyTheSpire","floor":18,"key":"SMITH"},{"data":"Slimebound:CheckThePlaybook","floor":26,"key":"SMITH"},{"data":"Guardian:BaubleBeam","floor":29,"key":"SMITH"},{"data":"Guardian:SphericShield","floor":35,"key":"SMITH"}],"circlet_count":0,"master_deck":["Guardian:Strike_Guardian","Guardian:Strike_Guardian","Guardian:Defend_Guardian","Guardian:CurlUp","Guardian:TwinSlam","Guardian:BronzeArmor","Guardian:ExploitGems","Guardian:PiercingHide","expansioncontent:StudyTheSpire+1","Guardian:SentryBeam","Guardian:Clone","Guardian:SentryBeam","Guardian:RevengeProtocol","Guardian:BaubleBeam+1","Guardian:EvasiveProtocol+1","Guardian:TemporalStrike","Guardian:Repulse+1","Clumsy","Slimebound:CheckThePlaybook+1","Guardian:ExploitGems","Guardian:FloatingOrbs+1","Guardian:SphericShield+1","Guardian:WalkerClaw","Guardian:TimeCapacitor+1","Guardian:Planning+1","Guardian:DecasProtection+1","Guardian:Gem_Crimson","Guardian:Gem_White","Guardian:Gem_Fragmented","Guardian:Gem_Cyan","Guardian:Gem_Purple","Parasite","Guardian:Aged"],"relics":["Guardian:ModeShifter","Vajra","TungstenRod","downfall:ShatteredFragment","PreservedInsect","Cursed Key","Question Card","Bottled Flame","StoneCalendar","Guardian:PickAxe","Coffee Dripper","Shuriken","Mango","Guardian:SackOfGems","Pen Nib","Guardian:StasisEgg"],"acts_visited":["Exordium","TheCity","TheBeyond"],"potions_floor_usage":[16,16,22,31,33,42],"damage_taken":[{"damage":0,"enemies":"2 Louse","floor":2,"turns":3},{"damage":2,"enemies":"Jaw Worm","floor":3,"turns":5},{"damage":0,"enemies":"Cultist","floor":5,"turns":4},{"damage":0,"enemies":"downfall:FleeingMerchant","floor":8,"turns":4},{"damage":6,"enemies":"Exordium Wildlife","floor":9,"turns":4},{"damage":0,"enemies":"downfall:FleeingMerchant","floor":10,"turns":4},{"damage":19,"enemies":"Lagavulin Event","floor":11,"turns":8},{"damage":3,"enemies":"3 Sentries","floor":13,"turns":4},{"damage":1,"enemies":"Blue Slaver","floor":14,"turns":3},{"damage":7,"enemies":"3 Louse","floor":15,"turns":2},{"damage":5,"enemies":"downfall:Silent","floor":16,"turns":5},{"damage":0,"enemies":"Spheric Guardian","floor":19,"turns":3},{"damage":0,"enemies":"downfall:FleeingMerchant","floor":22,"turns":4},{"damage":6,"enemies":"Gremlin Leader","floor":23,"turns":4},{"damage":1,"enemies":"Book of Stabbing","floor":27,"turns":3},{"damage":0,"enemies":"3 Byrds","floor":28,"turns":3},{"damage":10,"enemies":"downfall:FleeingMerchant","floor":30,"turns":3},{"damage":11,"enemies":"Centurion and Healer","floor":31,"turns":4},{"damage":0,"enemies":"Snake Plant","floor":32,"turns":3},{"damage":20,"enemies":"downfall:Ironclad","floor":33,"turns":5},{"damage":3,"enemies":"3 Shapes","floor":36,"turns":4},{"damage":1,"enemies":"3 Darklings","floor":37,"turns":4},{"damage":3,"enemies":"Writhing Mass","floor":38,"turns":5},{"damage":14,"enemies":"Spire Growth","floor":40,"turns":5},{"damage":0,"enemies":"3 Darklings","floor":42,"turns":3},{"damage":0,"enemies":"Mind Bloom Boss Battle","floor":43,"turns":5},{"damage":4,"enemies":"Giant Head","floor":44,"turns":5},{"damage":0,"enemies":"Writhing Mass","floor":45,"turns":4},{"damage":2,"enemies":"Transient","floor":47,"turns":5},{"damage":4,"enemies":"4 Shapes","floor":49,"turns":4},{"damage":0,"enemies":"downfall:Watcher","floor":50,"turns":6}],"seed_played":"5692866468197280641","potions_obtained":[{"floor":5,"key":"Explosive Potion"},{"floor":9,"key":"Dexterity Potion"},{"floor":11,"key":"Dexterity Potion"},{"floor":13,"key":"AttackPotion"},{"floor":16,"key":"Fire Potion"},{"floor":23,"key":"sneckomod:MuddlingPotion"},{"floor":31,"key":"AttackPotion"},{"floor":33,"key":"SkillPotion"},{"floor":36,"key":"Swift Potion"},{"floor":42,"key":"Guardian:BlockOnCardUsePotion"},{"floor":44,"key":"sneckomod:MuddlingPotion"}],"is_trial":false,"path_per_floor":["R","M","M","?","M","?","T","$","M","$","?","?","E","M","M","B",null,"R","M","?","?","$","E","T","?","R","E","M","R","$","M","M","B",null,"R","M","M","M","?","M","T","M","?","E","M","$","M","?","M","B",null],"character_chosen":"GUARDIAN","items_purchased":["expansioncontent:StudyTheSpire","Guardian:SentryBeam","Guardian:Gem_Lightblue","Guardian:Gem_Red","StoneCalendar","Guardian:PickAxe","Pen Nib"],"campfire_rested":0,"item_purchase_floors":[8,8,8,22,30,30,46],"current_hp_per_floor":[88,88,86,86,86,86,86,86,80,80,61,38,35,34,27,22,88,88,88,88,88,88,82,82,53,53,52,52,52,42,31,31,11,88,88,85,84,81,81,67,67,67,81,77,77,77,75,75,71,71],"gold":38,"neow_bonus":"TEN_PERCENT_HP_BONUS","is_daily":false,"chose_seed":false,"campfire_upgraded":4,"win_rate":0.0,"timestamp":1608719765,"path_taken":["R","M","M","?","M","?","T","$","?","$","?","?","E","M","M","BOSS","R","M","?","?","$","E","T","?","R","E","M","R","?","?","M","BOSS","R","M","M","M","?","M","T","M","?","E","M","$","M","?","M","BOSS"],"items_purchased_type":["Card","Card","Card","Card","Relic","Relic","Relic"],"build_version":"2020-12-22","purchased_purges":4,"victory":true,"max_hp_per_floor":[88,88,88,88,88,88,88,88,88,88,88,88,88,88,88,88,88,88,88,88,88,88,88,88,88,88,88,88,88,88,88,88,88,88,88,88,88,88,88,88,88,88,102,102,102,102,102,102,102,102],"card_choices":[{"not_picked":["Guardian:PiercingHide","Guardian:Planning"],"picked":"Guardian:BronzeArmor","floor":2},{"not_picked":["Guardian:Planning","Guardian:Gem_Cyan"],"picked":"Guardian:ExploitGems","floor":3},{"not_picked":["Guardian:Incinerate","Guardian:TemporalShield"],"picked":"Guardian:PiercingHide","floor":5},{"not_picked":["Guardian:BronzeOrb","Guardian:Planning"],"picked":"Guardian:Gem_Purple","floor":8},{"not_picked":["Guardian:MultiBeam","Guardian:PrismaticBarrier"],"picked":"Guardian:Clone","floor":9},{"not_picked":["Guardian:PrimingBeam","Guardian:PiercingHide","Guardian:ShieldCharger"],"picked":"SKIP","floor":10},{"not_picked":["Guardian:CrystalBeam","Guardian:Clone"],"picked":"Guardian:SentryBeam","floor":11},{"not_picked":["Guardian:TemporalShield","Guardian:BronzeOrb"],"picked":"Guardian:RevengeProtocol","floor":13},{"not_picked":["Guardian:TemporalShield","Guardian:Incinerate"],"picked":"Guardian:Gem_White","floor":14},{"not_picked":["Guardian:Incinerate","Guardian:SpikerProtocol"],"picked":"Guardian:Gem_Blue","floor":15},{"not_picked":["Guardian:TimeSifter","Guardian:FastForward"],"picked":"Guardian:BaubleBeam","floor":16},{"not_picked":["Guardian:Gem_Fragmented","Guardian:Preprogram"],"picked":"Guardian:EvasiveProtocol+1","floor":19},{"not_picked":["Guardian:ShieldCharger","Guardian:VentSteam","Guardian:ArmoredProtocol"],"picked":"SKIP","floor":22},{"not_picked":["Guardian:TemporalShield","Guardian:ChargeCore"],"picked":"Guardian:Repulse+1","floor":23},{"not_picked":["Guardian:Reroute+1","Guardian:ChargeCore+1","Guardian:TemporalStrike"],"picked":"Guardian:ExploitGems","floor":27},{"not_picked":["Guardian:Repulse+1","Guardian:SentryBeam","Guardian:ArmoredProtocol","Guardian:Suspension"],"picked":"SKIP","floor":28},{"not_picked":["Guardian:Gem_Green","Guardian:Incinerate","Guardian:TimeBomb+1"],"picked":"Guardian:Gem_Crimson","floor":30},{"not_picked":["Guardian:Gem_Cyan","Guardian:VentSteam","Guardian:Gem_Crimson"],"picked":"Guardian:Gem_White","floor":31},{"not_picked":["Guardian:Gem_Red","Guardian:Planning+1","Guardian:TemporalShield"],"picked":"Guardian:FloatingOrbs+1","floor":32},{"not_picked":["Guardian:StasisField","Guardian:RevengeProtocol","Guardian:BaubleBeam"],"picked":"Guardian:SphericShield","floor":33},{"not_picked":["Guardian:Harden","Guardian:PiercingHide+1","Guardian:MultiBeam+1","Guardian:GuardianWhirl"],"picked":"SKIP","floor":36},{"not_picked":["Guardian:TimeBomb","Guardian:Incinerate","Guardian:SentryBeam+1","Guardian:ShieldCharger"],"picked":"SKIP","floor":37},{"not_picked":["Guardian:TimeBomb","Guardian:Incinerate","Guardian:SentryBeam+1","Guardian:ShieldCharger"],"picked":"SKIP","floor":37},{"not_picked":["Guardian:SentryBeam","Guardian:TimeBomb","Guardian:Harden"],"picked":"Guardian:WalkerClaw","floor":38},{"not_picked":["Guardian:RollAttack+1","Guardian:Reroute","Guardian:ChargeUp"],"picked":"Guardian:TimeCapacitor+1","floor":40},{"not_picked":["Guardian:TemporalShield+1","Guardian:Preprogram+1","Guardian:TimeSifter"],"picked":"Guardian:Planning+1","floor":42},{"not_picked":["Guardian:PrismaticBarrier+1","Guardian:BronzeArmor","Guardian:Recover"],"picked":"Guardian:DecasProtection+1","floor":43},{"not_picked":["Guardian:SpikerProtocol+1","Guardian:ChargeCore+1","Guardian:PolyBeam+1","Guardian:Gem_Cyan"],"picked":"SKIP","floor":44},{"not_picked":["Guardian:Gem_Lightblue","Guardian:Gem_Red","Guardian:Recover","Guardian:ArmoredProtocol"],"picked":"SKIP","floor":45},{"not_picked":["Guardian:CrystalBeam+1","Guardian:WalkerClaw+1","Guardian:Gem_Lightblue","Guardian:Gem_Cyan"],"picked":"SKIP","floor":47},{"not_picked":["Guardian:TemporalShield","Guardian:FloatingOrbs+1","Guardian:ChargeCore","Guardian:PrismaticBeam"],"picked":"SKIP","floor":49}],"player_experience":17993,"relics_obtained":[{"floor":7,"key":"Vajra"},{"floor":11,"key":"TungstenRod"},{"floor":13,"key":"PreservedInsect"},{"floor":23,"key":"Question Card"},{"floor":27,"key":"Bottled Flame"},{"floor":41,"key":"Shuriken"},{"floor":43,"key":"Mango"},{"floor":44,"key":"Guardian:SackOfGems"}],"event_choices":[{"cards_removed":["Doubt"],"damage_healed":0,"gold_gain":0,"player_choice":"Purged","damage_taken":0,"max_hp_gain":0,"max_hp_loss":0,"event_name":"Purifier","floor":6,"gold_loss":0},{"damage_healed":0,"gold_gain":0,"player_choice":"Read","damage_taken":0,"max_hp_gain":0,"max_hp_loss":0,"event_name":"The Library","floor":20,"gold_loss":0,"cards_obtained":["Guardian:TemporalStrike"]}],"is_beta":false,"boss_relics":[{"not_picked":["SacredBark","Velvet Choker"],"picked":"Cursed Key"},{"not_picked":["Runic Dome","Guardian:StasisSlotReductionRelic"],"picked":"Coffee Dripper"}],"items_purged_floors":[8,22,30,46],"is_endless":false,"potions_floor_spawned":[5,9,11,13,14,16,23,31,33,36,38,42,44],"ascension_level":0}}