{"host":"ci7ivtocgfxh0ueo","time":1608696100,"event":{"mods":["BaseMod","GifTheSpireLib","Minty Spire (QoL Compilation)","StSLib"],"gold_per_floor":[119,65,85,85,85,85,116,116,116,127,38,52,83,94,94,171,171,183,199,37,37,54,54,54,54],"floor_reached":24,"playtime":706,"items_purged":[],"score":520,"play_id":"2d2e1f45-3d82-4336-a3ec-fcc6328f5a96","local_time":"20201223120140","is_ascension_mode":true,"campfire_choices":[{"data":"Neutralize","floor":6,"key":"SMITH"},{"data":"Bouncing Flask","floor":8,"key":"SMITH"},{"data":"Caltrops","floor":15,"key":"SMITH"},{"data":"Venomology","floor":23,"key":"SMITH"}],"circlet_count":0,"master_deck":["AscendersBane","Survivor","Neutralize+1","Bouncing Flask+1","Riddle With Holes","Catalyst","Caltrops+1","PiercingWail","Deadly Poison","Crippling Poison","Venomology+1","Cloak And Dagger","Dodge and Roll","Heel Hook","Well Laid Plans","Prepared","Eviscerate","Flying Knee","Deflect","Corpse Explosion","Poisoned Stab","Setup","Distraction+1"],"relics":["Ring of the Snake","NeowsBlessing","Question Card","White Beast Statue","Bottled Flame","Blood Vial","Pandora\u0027s Box","Orichalcum"],"acts_visited":["Exordium","TheCity"],"potions_floor_usage":[10,12,13,13,14,16,18,18,22,22,24,24],"damage_taken":[{"damage":0,"enemies":"Cultist","floor":1,"turns":1},{"damage":0,"enemies":"Jaw Worm","floor":3,"turns":1},{"damage":0,"enemies":"3 Sentries","floor":7,"turns":2},{"damage":0,"enemies":"Small Slimes","floor":10,"turns":2},{"damage":0,"enemies":"Blue Slaver","floor":12,"turns":4},{"damage":22,"enemies":"Lagavulin","floor":13,"turns":8},{"damage":0,"enemies":"Large Slime","floor":14,"turns":8},{"damage":0,"enemies":"Hexaghost","floor":16,"turns":7},{"damage":24,"enemies":"Shell Parasite","floor":18,"turns":5},{"damage":0,"enemies":"3 Byrds","floor":19,"turns":1},{"damage":5,"enemies":"Centurion and Healer","floor":22,"turns":5},{"damage":44,"enemies":"Sentry and Sphere","floor":24,"turns":5}],"seed_played":"2598280176290207003","potions_obtained":[{"floor":1,"key":"AttackPotion"},{"floor":10,"key":"SkillPotion"},{"floor":12,"key":"Regen Potion"},{"floor":13,"key":"GhostInAJar"},{"floor":14,"key":"Strength Potion"},{"floor":16,"key":"Weak Potion"},{"floor":18,"key":"FearPotion"},{"floor":19,"key":"AttackPotion"},{"floor":22,"key":"BlessingOfTheForge"}],"is_trial":false,"path_per_floor":["M","$","M","?","T","R","E","R","T","M","$","M","E","M","R","B",null,"M","M","$","?","M","R","M"],"character_chosen":"THE_SILENT","items_purchased":["Explosive Potion","Caltrops","Orichalcum"],"campfire_rested":0,"item_purchase_floors":[2,11,20],"current_hp_per_floor":[59,59,59,59,59,59,59,59,59,59,59,59,52,54,54,56,64,42,44,44,44,41,41,0,0],"gold":54,"neow_bonus":"THREE_ENEMY_KILL","is_daily":false,"chose_seed":false,"campfire_upgraded":4,"win_rate":0.0,"timestamp":1608696100,"path_taken":["M","?","M","?","?","R","E","R","T","M","$","M","E","?","R","BOSS","M","M","$","?","M","R","?"],"items_purchased_type":["Potion","Card","Relic"],"build_version":"2020-12-13","purchased_purges":0,"victory":false,"max_hp_per_floor":[66,66,66,66,66,66,66,66,66,66,66,66,66,66,66,66,66,66,66,66,66,66,66,66,66],"card_choices":[{"not_picked":["Riddle With Holes","Dagger Throw"],"picked":"Bouncing Flask","floor":1},{"not_picked":["Well Laid Plans","Blade Dance","Quick Slash"],"picked":"SKIP","floor":3},{"not_picked":["Cloak And Dagger","Slice","Dodge and Roll"],"picked":"Riddle With Holes","floor":7},{"not_picked":["Outmaneuver","Setup","All Out Attack"],"picked":"Catalyst","floor":10},{"not_picked":["Dagger Throw","Backflip","Flying Knee"],"picked":"PiercingWail","floor":12},{"not_picked":["Endless Agony","Deflect","Masterful Stab"],"picked":"Deadly Poison","floor":13},{"not_picked":["Blade Dance","Slice","Well Laid Plans"],"picked":"Crippling Poison","floor":14},{"not_picked":["Burst","After Image","Adrenaline"],"picked":"Venomology","floor":16},{"not_picked":["Dagger Spray","Deadly Poison","Reflex"],"picked":"Poisoned Stab","floor":18},{"not_picked":["PiercingWail","Sucker Punch","Cloak And Dagger","Underhanded Strike"],"picked":"SKIP","floor":19},{"not_picked":["All Out Attack","Skewer+1","Poisoned Stab"],"picked":"Distraction+1","floor":22}],"player_experience":1280118,"relics_obtained":[{"floor":5,"key":"Question Card"},{"floor":7,"key":"White Beast Statue"},{"floor":9,"key":"Bottled Flame"},{"floor":13,"key":"Blood Vial"}],"event_choices":[{"damage_healed":0,"gold_gain":0,"player_choice":"Ignored","damage_taken":0,"max_hp_gain":0,"max_hp_loss":0,"event_name":"Golden Wing","floor":4,"gold_loss":0},{"damage_healed":0,"gold_gain":0,"cards_transformed":["Dodge and Roll"],"player_choice":"Transformed","damage_taken":0,"max_hp_gain":0,"max_hp_loss":0,"event_name":"Transmorgrifier","floor":21,"gold_loss":0,"cards_obtained":["Setup"]}],"is_beta":false,"boss_relics":[{"not_picked":["Tiny House","Cursed Key"],"picked":"Pandora\u0027s Box"}],"items_purged_floors":[],"is_endless":false,"potions_floor_spawned":[1,3,10,12,13,14,16,18,19,22],"killed_by":"Sentry and Sphere","ascension_level":17}}