{"host":"ds28d883r3sz42zs","time":1608742801,"event":{"mods":["2.2 Compatiblity","AchievementEnabler","Act Like it!","Aspiration","BaseMod","Bestiary","Better Match","Better Sensory Stone","Better Third Choice","Better-Laid Plans","BetterRewards","Block Reminder","Challenge The Spire","Clawfect","Colored Map","Colored Powertips","Conspire","DeckTracker","Defuse TimeMaze Blight","Disable Question Mark Monsters","Displayed Cursed Tome","Emptier Cage","GifTheSpireLib","Gold Saver","Hallownest","Hubris","Infinite Spire","Minty Spire (QoL Compilation)","Permanent Neow","Practice Mode","Quick Restart","Random Character Button","Rare Cards Sparkle","Relic Filter","Relic Sorter","Relic Stats","Replay The Spire","SacredBarkPlus","Shop Mod","StSLib","Stuff the Spire","SuperFastMode","The Bug Knight","The Jungle","Uncapped","Unknown Chances"],"gold_per_floor":[114,126,140,140,151,151,186,14,37,37,70,83,94,122,122,122,122],"floor_reached":16,"playtime":661,"items_purged":["Strike_G"],"score":177,"play_id":"afb5a801-0008-4bc5-ac6e-3fb7249d83c8","local_time":"20201223120001","is_ascension_mode":true,"campfire_choices":[{"data":"Draining Mist","floor":6,"key":"SMITH"},{"data":"ReplayTheSpireMod:Speed Training","floor":10,"key":"SMITH"},{"data":"Neutralize","floor":15,"key":"SMITH"}],"circlet_count":0,"master_deck":["Strike_G","Strike_G","Strike_G","Strike_G","Defend_G+1","Defend_G+1","Defend_G","Defend_G","Defend_G","Survivor","Neutralize+1","Slice","Draining Mist+1","ReplayTheSpireMod:Speed Training+1","Dagger Spray","Blur","ReplayTheSpireMod:Scrap Shanks+1","Slice","Caltrops+1","Deflect","Escape Plan","Envenom+1"],"relics":["Unceasing Top","War Paint","Frozen Egg 2","Lantern","hubris:CuriousFeather","Bag of Marbles"],"acts_visited":["Exordium"],"potions_floor_usage":[11,16,16],"damage_taken":[{"damage":4,"enemies":"Jaw Worm","floor":1,"turns":6},{"damage":0,"enemies":"Cultist","floor":2,"turns":3},{"damage":0,"enemies":"Small Slimes","floor":3,"turns":3},{"damage":6,"enemies":"Red Slaver","floor":5,"turns":6},{"damage":3,"enemies":"Replay:BlueRogue","floor":7,"turns":8},{"damage":6,"enemies":"3 Sentries","floor":11,"turns":7},{"damage":0,"enemies":"Large Slime","floor":12,"turns":5},{"damage":0,"enemies":"Blue Slaver","floor":13,"turns":3},{"damage":13,"enemies":"Gremlin Nob","floor":14,"turns":4},{"damage":53,"enemies":"Fading Forest","floor":16,"turns":11}],"seed_played":"4625899058151780191","potions_obtained":[{"floor":1,"key":"EssenceOfSteel"},{"floor":5,"key":"Elixir"},{"floor":7,"key":"Explosive Potion"},{"floor":12,"key":"PowerPotion"}],"is_trial":true,"path_per_floor":["M","M","M","?","M","R","E","$","T","R","E","M","M","E","R","B"],"character_chosen":"THE_SILENT","items_purchased":["ReplayTheSpireMod:Scrap Shanks+1","Slice"],"campfire_rested":0,"item_purchase_floors":[8,8],"current_hp_per_floor":[59,59,59,59,53,53,50,50,50,50,44,44,44,31,31,0,0],"gold":122,"neow_bonus":"","is_daily":false,"chose_seed":false,"campfire_upgraded":3,"win_rate":0.0,"timestamp":1608742801,"path_taken":["M","M","M","?","M","R","E","$","T","R","E","?","M","E","R","BOSS"],"items_purchased_type":["Card","Card"],"build_version":"2020-12-22","purchased_purges":1,"victory":false,"max_hp_per_floor":[70,70,70,70,70,70,70,70,70,70,70,70,70,70,70,70,70],"relic_stats":{"counters":[10,56],"War Paint":["Defend_G","Defend_G"],"obtain_stats":[{"Lantern":9,"hubris:CuriousFeather":11,"Bag of Marbles":14,"War Paint":4,"Frozen Egg 2":7,"Unceasing Top":0},{"Lantern":5,"hubris:CuriousFeather":6,"Bag of Marbles":9,"War Paint":3,"Frozen Egg 2":5,"Unceasing Top":0},{"Lantern":26,"hubris:CuriousFeather":33,"Bag of Marbles":45,"War Paint":12,"Frozen Egg 2":26,"Unceasing Top":0}],"Unceasing Top":[25]},"card_choices":[{"not_picked":["Deadly Poison","StuffTheSpire:ClusterCrunch"],"picked":"Slice","floor":1},{"not_picked":["StuffTheSpire:BumpUp","Dagger Spray"],"picked":"Draining Mist","floor":2},{"not_picked":["Blade Dance","conspire:DoublingDagger"],"picked":"ReplayTheSpireMod:Speed Training","floor":3},{"not_picked":["Prepared","Poisoned Stab"],"picked":"Dagger Spray","floor":5},{"not_picked":["Wraith Form v2+1","StuffTheSpire:Injection"],"picked":"Blur","floor":7},{"not_picked":["Underhanded Strike","Finisher"],"picked":"Caltrops+1","floor":11},{"not_picked":["Sucker Punch","StuffTheSpire:Incursion"],"picked":"Deflect","floor":12},{"not_picked":["Dodge and Roll","StuffTheSpire:DoubleShiv"],"picked":"Escape Plan","floor":13},{"not_picked":["Underhanded Strike","Blade Dance"],"picked":"Envenom+1","floor":14}],"player_experience":752963,"relics_obtained":[{"floor":7,"key":"Frozen Egg 2"},{"floor":9,"key":"Lantern"},{"floor":11,"key":"hubris:CuriousFeather"},{"floor":14,"key":"Bag of Marbles"}],"event_choices":[{"damage_healed":0,"gold_gain":0,"player_choice":"Gave Potion","damage_taken":0,"relics_obtained":["War Paint"],"max_hp_gain":0,"max_hp_loss":0,"event_name":"WeMeetAgain","floor":4,"gold_loss":0}],"is_beta":false,"boss_relics":[],"items_purged_floors":[8],"is_endless":false,"potions_floor_spawned":[1,5,7,12],"killed_by":"Fading Forest","ascension_level":9}}