{"host":"bq4pt811tk9yrmjl","time":1608741040,"event":{"mods":["AchievementEnabler","BaseMod","Colored Map","Colored Powertips","Defuse TimeMaze Blight","Minty Spire (QoL Compilation)","StSLib","SuperFastMode","UnlockEverythingMod"],"gold_per_floor":[109,109,121,133,158,170,220,253,265,277,333,345,177,30,30,158,158,183,183,199,199,199,199,230,230,255,255,255,268,287,301,301,424,424,437,176,200,200,2,43,143,143,443,456,416,437,450,513,513,513,513],"floor_reached":50,"playtime":1082,"items_purged":[],"score":572,"play_id":"775cc980-7737-4685-bdc1-4c67550e6146","local_time":"20201223143040","is_ascension_mode":true,"campfire_choices":[{"data":"Zap","floor":6.0,"key":"SMITH"},{"data":"Sunder","floor":12.0,"key":"SMITH"},{"data":"Loop","floor":15.0,"key":"SMITH"},{"data":"Self Repair","floor":23,"key":"SMITH"},{"floor":25,"key":"REST"},{"floor":27,"key":"RECALL"},{"data":"Leap","floor":32,"key":"SMITH"},{"data":"Defragment","floor":42,"key":"SMITH"},{"data":"Ball Lightning","floor":49,"key":"SMITH"}],"circlet_count":0,"master_deck":["Strike_B+1","Strike_B+1","Strike_B+1","Strike_B+1","Defend_B+1","Defend_B+1","Defend_B+1","Defend_B+1","Zap+1","Dualcast+1","Self Repair+1","Leap+1","Ball Lightning+1","Sunder+1","Loop+1","Core Surge+1","Steam+1","Stack+1","Ball Lightning+1","Barrage+1","Defragment+1","Recycle+1"],"relics":["Cracked Core","NeowsBlessing","MawBank","Golden Idol","Thread and Needle","Turnip","Pocketwatch","Orichalcum","Membership Card","SlaversCollar","Juzu Bracelet","Oddly Smooth Stone","Omamori","Busted Crown","ClockworkSouvenir","StoneCalendar","Eternal Feather","Sling","Vajra","Old Coin","Bird Faced Urn"],"acts_visited":["Exordium","TheCity","TheBeyond"],"potions_floor_usage":[24,24,33,40,48],"damage_taken":[{"damage":0.0,"enemies":"Jaw Worm","floor":1.0,"turns":1.0},{"damage":0.0,"enemies":"Small Slimes","floor":5.0,"turns":1.0},{"damage":0.0,"enemies":"Gremlin Nob","floor":7.0,"turns":1.0},{"damage":0.0,"enemies":"2 Louse","floor":8.0,"turns":3.0},{"damage":2.0,"enemies":"Lagavulin","floor":11.0,"turns":6.0},{"damage":11.0,"enemies":"The Guardian","floor":16.0,"turns":9.0},{"damage":25,"enemies":"3 Byrds","floor":18,"turns":6},{"damage":0,"enemies":"Chosen","floor":20,"turns":4},{"damage":17,"enemies":"Book of Stabbing","floor":24,"turns":4},{"damage":0,"enemies":"Centurion and Healer","floor":29,"turns":8},{"damage":3,"enemies":"Snecko","floor":30,"turns":4},{"damage":0,"enemies":"3 Cultists","floor":31,"turns":5},{"damage":35,"enemies":"Champ","floor":33,"turns":11},{"damage":0,"enemies":"3 Shapes","floor":35,"turns":5},{"damage":5,"enemies":"Orb Walker","floor":37,"turns":4},{"damage":8,"enemies":"Giant Head","floor":40,"turns":7},{"damage":14,"enemies":"Sphere and 2 Shapes","floor":44,"turns":7},{"damage":0,"enemies":"Spire Growth","floor":46,"turns":4},{"damage":6,"enemies":"3 Darklings","floor":47,"turns":5},{"damage":0,"enemies":"Mind Bloom Boss Battle","floor":48,"turns":7},{"damage":78,"enemies":"Awakened One","floor":50,"turns":14}],"seed_played":"-2827422122397635242","potions_obtained":[{"floor":1.0,"key":"SteroidPotion"},{"floor":8.0,"key":"DistilledChaos"},{"floor":20,"key":"DuplicationPotion"},{"floor":28,"key":"SneckoOil"},{"floor":28,"key":"LiquidBronze"},{"floor":28,"key":"SteroidPotion"},{"floor":30,"key":"FocusPotion"},{"floor":33,"key":"PowerPotion"},{"floor":48,"key":"Fruit Juice"}],"is_trial":false,"path_per_floor":["M","?","?","?","M","R","E","M","T","T","E","R","$","$","R","B",null,"M","?","M","?","T","R","E","R","T","R","?","M","M","M","R","B",null,"M","$","M","?","$","E","?","R","T","M","?","M","M","?","R","B"],"character_chosen":"DEFECT","items_purchased":["Orichalcum","Loop","Membership Card","ClockworkSouvenir","Defragment","StoneCalendar","Eternal Feather","Sling"],"campfire_rested":1,"item_purchase_floors":[13,13,14,36,36,36,39,39],"current_hp_per_floor":[75,68,68,54,61,61,61,68,68,68,69,69,69,69,69,65,69,51,51,58,58,58,58,51,69,69,69,69,69,69,69,69,44,69,69,69,64,64,64,66,66,69,69,65,65,69,69,74,74,0,0],"gold":513,"neow_bonus":"THREE_ENEMY_KILL","is_daily":false,"chose_seed":false,"campfire_upgraded":7,"win_rate":0.0,"timestamp":1608741040,"path_taken":["M","?","?","?","M","R","E","M","T","?","E","R","?","$","R","BOSS","M","?","M","?","?","R","E","R","T","R","?","M","M","M","R","BOSS","M","$","M","?","$","E","?","R","T","M","?","M","M","?","R","BOSS"],"items_purchased_type":["Relic","Card","Relic","Relic","Card","Relic","Relic","Relic"],"build_version":"2020-12-22","purchased_purges":0,"victory":false,"max_hp_per_floor":[75,75,69,69,69,69,69,69,69,69,69,69,69,69,69,69,69,69,69,69,69,69,69,69,69,69,69,69,69,69,69,69,69,69,69,69,69,69,69,69,69,69,69,69,69,69,69,74,74,74,74],"card_choices":[{"not_picked":["Rip and Tear","Stack"],"picked":"Self Repair","floor":1.0},{"not_picked":["Self Repair","Blizzard","Rebound"],"picked":"SKIP","floor":5.0},{"not_picked":["Darkness","Rebound"],"picked":"Leap","floor":7.0},{"not_picked":["Streamline","Cold Snap"],"picked":"Ball Lightning","floor":8.0},{"not_picked":["Consume","Redo"],"picked":"Sunder","floor":11.0},{"not_picked":["Seek","Thunder Strike"],"picked":"Core Surge","floor":16.0},{"not_picked":["Barrage","Coolheaded","Rip and Tear"],"picked":"SKIP","floor":18},{"not_picked":["Scrape","Turbo"],"picked":"Steam+1","floor":20},{"not_picked":["Chaos","Gash+1","Blizzard+1"],"picked":"SKIP","floor":24},{"not_picked":["Lockon","Ball Lightning","Stack+1"],"picked":"SKIP","floor":29},{"not_picked":["Lockon","Ball Lightning"],"picked":"Stack+1","floor":29},{"not_picked":["Redo","Sunder","Hologram"],"picked":"SKIP","floor":30},{"not_picked":["Leap","All For One"],"picked":"Ball Lightning+1","floor":31},{"not_picked":[],"picked":"Barrage+1","floor":35},{"not_picked":["Coolheaded"],"picked":"SKIP","floor":37},{"not_picked":["Core Surge"],"picked":"SKIP","floor":40},{"not_picked":["Turbo"],"picked":"SKIP","floor":44},{"not_picked":["Leap+1"],"picked":"SKIP","floor":46},{"not_picked":[],"picked":"Recycle+1","floor":47}],"player_experience":106625,"relics_obtained":[{"floor":7.0,"key":"Thread and Needle"},{"floor":10.0,"key":"Turnip"},{"floor":11.0,"key":"Pocketwatch"},{"floor":22,"key":"Juzu Bracelet"},{"floor":24,"key":"Oddly Smooth Stone"},{"floor":26,"key":"Omamori"},{"floor":40,"key":"Vajra"},{"floor":43,"key":"Old Coin"},{"floor":48,"key":"Bird Faced Urn"}],"event_choices":[{"damage_healed":0.0,"max_hp_gain":0.0,"max_hp_loss":0.0,"gold_gain":0.0,"event_name":"Scrap Ooze","player_choice":"Success","floor":2.0,"gold_loss":0.0,"damage_taken":7.0,"relics_obtained":["MawBank"]},{"damage_healed":0.0,"max_hp_gain":0.0,"max_hp_loss":6.0,"gold_gain":0.0,"event_name":"Golden Idol","player_choice":"Lose Max HP","floor":3.0,"gold_loss":0.0,"damage_taken":0.0,"relics_obtained":["Golden Idol"]},{"damage_healed":0.0,"max_hp_gain":0.0,"max_hp_loss":0.0,"gold_gain":0.0,"event_name":"Shining Light","player_choice":"Entered Light","floor":4.0,"gold_loss":0.0,"damage_taken":14.0,"cards_upgraded":["Dualcast","Defend_B"]},{"damage_healed":0,"gold_gain":0,"player_choice":"Simplicity","damage_taken":0,"max_hp_gain":0,"max_hp_loss":0,"event_name":"Back to Basics","floor":19,"gold_loss":0,"cards_upgraded":["Strike_B","Strike_B","Strike_B","Strike_B","Defend_B","Defend_B","Defend_B"]},{"damage_healed":0,"gold_gain":0,"player_choice":"Ignored","damage_taken":0,"max_hp_gain":0,"max_hp_loss":0,"event_name":"Vampires","floor":21,"gold_loss":0},{"damage_healed":0,"gold_gain":0,"player_choice":"Got Potions","damage_taken":0,"max_hp_gain":0,"max_hp_loss":0,"event_name":"Lab","floor":28,"gold_loss":0},{"damage_healed":0,"gold_gain":0,"player_choice":"Memory 1","damage_taken":0,"max_hp_gain":0,"max_hp_loss":0,"event_name":"SensoryStone","floor":38,"gold_loss":0},{"damage_healed":0,"gold_gain":100,"player_choice":"Pray","damage_taken":0,"max_hp_gain":0,"max_hp_loss":0,"event_name":"Golden Shrine","floor":41,"gold_loss":0},{"damage_healed":0,"gold_gain":0,"player_choice":"Upgrade","damage_taken":0,"max_hp_gain":0,"max_hp_loss":0,"event_name":"Designer","floor":45,"gold_loss":40,"cards_upgraded":["Core Surge"]},{"damage_healed":0,"gold_gain":0,"player_choice":"Fight","damage_taken":0,"max_hp_gain":0,"max_hp_loss":0,"event_name":"MindBloom","floor":48,"gold_loss":0}],"is_beta":false,"boss_relics":[{"not_picked":["Runic Dome","Cursed Key"],"picked":"SlaversCollar"},{"not_picked":["Inserter","Fusion Hammer"],"picked":"Busted Crown"}],"items_purged_floors":[],"is_endless":false,"potions_floor_spawned":[1,8,20,30,31,33,37,48],"killed_by":"Awakened One","ascension_level":1}}