{"host":"rylkjufw9dlhr07b","time":1608728816,"event":{"mods":["AchievementEnabler","BaseMod","Better Note","BetterRewards","Hubris","Minty Spire (QoL Compilation)","Quick Restart","Replay The Spire","StSLib"],"gold_per_floor":[109,54,54,129,129,129,155,125,125,135,60,60,36,36,36,107,107,123,138,138,63,81,81,213,213,213,233,268,268,268,20,20,98,98,117,117,137,157,157,192,192,225,225,241,296,310,335,61,61,61],"floor_reached":51,"playtime":4798,"items_purged":["Pain"],"score":1594,"play_id":"5f711710-b4fb-46b9-8bdd-220ffde41c87","local_time":"20201223140656","is_ascension_mode":true,"campfire_choices":[{"data":"Inflame","floor":6.0,"key":"SMITH"},{"data":"Armaments","floor":12.0,"key":"SMITH"},{"data":"True Grit","floor":15.0,"key":"SMITH"},{"data":"ReplayTheSpireMod:Muscle Training","floor":23.0,"key":"SMITH"},{"floor":25.0,"key":"REST"},{"data":"Feel No Pain","floor":41.0,"key":"SMITH"},{"floor":49.0,"key":"REST"}],"circlet_count":0,"master_deck":["AscendersBane","Strike_R","Strike_R","Strike_R","Strike_R","Strike_R","Defend_R+1","Defend_R+1","Defend_R+1","Defend_R+1","Iron Wave+1","Inflame+1","Pummel+1","Pummel+1","Headbutt+1","Defy Death+1","Wild Strike+1","Survivor","Neutralize+1","ReplayTheSpireMod:Muscle Training+1","Armaments+1","Iron Wave+1","True Grit+1","Immolate+1","Iron Wave+1","Replay:Undeath\u0027s Touch+1","Feed+1","Iron Wave+1","ReplayTheSpireMod:LeadingStrike+1","Heavy Blade+1","Feel No Pain+1","ReplayTheSpireMod:Limb From Limb+1","hubris:StunningStrike+1","Heavy Blade+1","ReplayTheSpireMod:Strike From Hell+1","Shrug It Off","Madness","Madness","Run Through+1","ReplayTheSpireMod:Strike From Hell+1","Sword Boomerang+1","Evolve","Replay:Undeath\u0027s Touch+1","Sword Boomerang+1","Swift Strike+1","Clothesline+1"],"relics":["Burning Blood","MealTicket","Molten Egg 2","Kunai","Replay:Wax Seal","ClockworkSouvenir","Lee\u0027s Waffle","hubris:Stopwatch","hubris:Icosahedron","Bag of Preparation","Odd Mushroom","Question Card","Replay:Bottled Eggs","Ring of Chaos","WarpedTongs","Durian","Dream Catcher","Meat on the Bone","hubris:Reverence","Unceasing Top","Bag of Marbles","ChewingGum","Art of War","Nunchaku","Bronze Scales","hubris:BundleOfHerbs","hubris:TinFlute","Medical Kit"],"acts_visited":["Exordium","TheCity","TheBeyond"],"potions_floor_usage":[50,50],"damage_taken":[{"damage":12.0,"enemies":"Jaw Worm","floor":1.0,"turns":2.0},{"damage":13.0,"enemies":"Lagavulin","floor":7.0,"turns":5.0},{"damage":1.0,"enemies":"The Mushroom Lair","floor":8.0,"turns":3.0},{"damage":0.0,"enemies":"2 Louse","floor":10.0,"turns":2.0},{"damage":6.0,"enemies":"Slime Boss","floor":16.0,"turns":7.0},{"damage":19.0,"enemies":"Shell Parasite","floor":18.0,"turns":4.0},{"damage":12.0,"enemies":"Spheric Guardian","floor":19.0,"turns":3.0},{"damage":22.0,"enemies":"Shelled Parasite and Fungi","floor":22.0,"turns":4.0},{"damage":55.0,"enemies":"Slavers","floor":24.0,"turns":9.0},{"damage":6.0,"enemies":"Cultist and Chosen","floor":27.0,"turns":7.0},{"damage":0.0,"enemies":"Replay:Snechameleon","floor":28.0,"turns":5.0},{"damage":25.0,"enemies":"hubris:MusketHawk","floor":33.0,"turns":6.0},{"damage":14.0,"enemies":"3 Darklings","floor":35.0,"turns":12.0},{"damage":0.0,"enemies":"Orb Walker","floor":37.0,"turns":3.0},{"damage":18.0,"enemies":"Writhing Mass","floor":38.0,"turns":7.0},{"damage":0.0,"enemies":"Reptomancer","floor":40.0,"turns":6.0},{"damage":1.0,"enemies":"R_Hoarder","floor":42.0,"turns":8.0},{"damage":14.0,"enemies":"Maw","floor":44.0,"turns":5.0},{"damage":6.0,"enemies":"2 Orb Walkers","floor":45.0,"turns":3.0},{"damage":27.0,"enemies":"Jaw Worm Horde","floor":46.0,"turns":4.0},{"damage":28.0,"enemies":"Nemesis","floor":47.0,"turns":5.0},{"damage":33,"enemies":"Replay:Hell Engine","floor":50,"turns":8}],"seed_played":"8491288688019643205","potions_obtained":[{"floor":7.0,"key":"Weak Potion"},{"floor":10.0,"key":"FearPotion"},{"floor":16.0,"key":"BloodPotion"},{"floor":19.0,"key":"PowerPotion"},{"floor":27.0,"key":"AttackPotion"},{"floor":35.0,"key":"Weak Potion"},{"floor":38.0,"key":"Venom Potion"},{"floor":45.0,"key":"PowerPotion"},{"floor":47.0,"key":"Explosive Potion"}],"is_trial":false,"path_per_floor":["M","$","?","?","?","R","E","?","T","M","$","R","$","T","R","B",null,"M","M","?","$","M","R","E","R","T","M","E","?","T","$","R","B",null,"M","?","M","M","?","E","R","E","T","M","?","M","E","$","R","B",null],"character_chosen":"IRONCLAD","items_purchased":["MealTicket","Molten Egg 2","Kunai","Replay:Wax Seal","ClockworkSouvenir","Iron Wave+1","Inflame","Lee\u0027s Waffle","Pummel+1","Headbutt+1","Wild Strike+1","Feed+1","True Grit","Bag of Marbles","Feel No Pain","Medical Kit","Swift Strike+1"],"campfire_rested":2,"item_purchase_floors":[0,0,0,0,0,0,0,0,0,0,2,11,13,31,31,48,48],"current_hp_per_floor":[76,82,82,71,71,71,64,69,69,82,82,82,82,82,82,82,82,69,63,63,78,66,66,22,49,49,57,86,86,86,101,103,84,98,94,117,117,105,84,90,90,95,95,87,87,66,56,71,106,117],"gold":61,"neow_bonus":"","is_daily":false,"chose_seed":false,"campfire_upgraded":5,"win_rate":0.0,"timestamp":1608728816,"path_taken":["M","$","?","?","?","R","E","?","T","M","?","R","?","?","R","BOSS","M","M","?","?","M","R","E","R","T","?","E","?","?","$","R","BOSS","M","?","M","?","?","E","R","E","T","M","?","?","E","$","R","BOSS"],"items_purchased_type":["Relic","Relic","Relic","Relic","Relic","Card","Card","Relic","Card","Card","Card","Card","Card","Relic","Card","Relic","Card"],"build_version":"2020-12-22","purchased_purges":1,"victory":true,"max_hp_per_floor":[82,82,82,82,82,82,82,82,82,82,82,82,82,82,82,82,82,82,82,82,82,86,86,91,91,91,99,103,103,103,103,103,103,103,107,117,117,117,117,117,117,117,117,117,117,117,117,117,117,117],"card_choices":[{"not_picked":["hubris:ReadiedAction","Rage"],"picked":"Defy Death","floor":1.0},{"not_picked":["Exhume","Shockwave"],"picked":"ReplayTheSpireMod:Muscle Training","floor":7.0},{"not_picked":["hubris:ReadiedAction","Run Through+1"],"picked":"Armaments","floor":8.0},{"not_picked":["Perfected Strike+1","ReplayReversal","Clothesline+1"],"picked":"Iron Wave+1","floor":10.0},{"not_picked":["Brutality","Feed+1","Fiend Fire+1"],"picked":"Immolate+1","floor":16.0},{"not_picked":["Perfected Strike+1","Thunderclap+1","Disarm"],"picked":"Iron Wave+1","floor":18.0},{"not_picked":["Havoc","Run Through+1","Burning Pact"],"picked":"Replay:Undeath\u0027s Touch+1","floor":19.0},{"not_picked":["Armaments","Twin Strike+1","Clash+1"],"picked":"Feed+1","floor":22.0},{"not_picked":["Clothesline+1","Shrug It Off","Hemogenesis+1"],"picked":"Iron Wave+1","floor":24.0},{"not_picked":["hubris:ReadiedAction","Cleave+1","Havoc+1"],"picked":"ReplayTheSpireMod:LeadingStrike+1","floor":27.0},{"not_picked":["Headbutt+1","Intimidate","Pummel+1"],"picked":"Heavy Blade+1","floor":28.0},{"not_picked":["Dark Embrace","ReplayTheSpireMod:LeadingStrike+1","Battle Trance"],"picked":"ReplayTheSpireMod:Limb From Limb+1","floor":32.0},{"not_picked":["Impervious","Demon Form","Replay:Many Hands"],"picked":"hubris:StunningStrike+1","floor":33.0},{"not_picked":["Havoc","Thunderclap+1","Body Slam+1"],"picked":"Heavy Blade+1","floor":35.0},{"not_picked":["Flame Barrier","Anger+1","Life Link"],"picked":"ReplayTheSpireMod:Strike From Hell+1","floor":37.0},{"not_picked":["Pommel Strike+1","Flame Barrier","Headbutt+1"],"picked":"Shrug It Off","floor":38.0},{"not_picked":["Infernal Blade","Massacre+1","Second Wind"],"picked":"Run Through+1","floor":40.0},{"not_picked":["ReplayTheSpireMod:Corrosion Curse","Bloodletting","Bludgeon+1"],"picked":"ReplayTheSpireMod:Strike From Hell+1","floor":42.0},{"not_picked":["True Grit","Dropkick+1","Anger+1"],"picked":"Sword Boomerang+1","floor":44.0},{"not_picked":["Defy Death","Headbutt+1","Run Through+1"],"picked":"Evolve","floor":45.0},{"not_picked":["Ghostly Armor","Dark Embrace+1","Shockwave+1"],"picked":"Replay:Undeath\u0027s Touch+1","floor":46.0},{"not_picked":["Combust+1","Twin Strike+1","Uppercut+1"],"picked":"Sword Boomerang+1","floor":47.0},{"not_picked":["Disarm+1","Thunderclap+1","ReplayTheSpireMod:Strike From Hell+1"],"picked":"Clothesline+1","floor":49.0}],"player_experience":503905,"relics_obtained":[{"floor":7.0,"key":"Bag of Preparation"},{"floor":8.0,"key":"Odd Mushroom"},{"floor":9.0,"key":"Question Card"},{"floor":14.0,"key":"Replay:Bottled Eggs"},{"floor":24.0,"key":"Durian"},{"floor":26.0,"key":"Dream Catcher"},{"floor":28.0,"key":"Meat on the Bone"},{"floor":30.0,"key":"Unceasing Top"},{"floor":40.0,"key":"Art of War"},{"floor":42.0,"key":"Nunchaku"},{"floor":43.0,"key":"Bronze Scales"},{"floor":45.0,"key":"hubris:BundleOfHerbs"},{"floor":47.0,"key":"hubris:TinFlute"}],"event_choices":[{"damage_healed":0.0,"max_hp_gain":0.0,"max_hp_loss":0.0,"gold_gain":75.0,"event_name":"World of Goop","player_choice":"Gather Gold","floor":4.0,"gold_loss":0.0,"damage_taken":11.0},{"damage_healed":0.0,"max_hp_gain":0.0,"max_hp_loss":0.0,"gold_gain":0.0,"event_name":"Mushrooms","player_choice":"Fought Mushrooms","floor":8.0,"gold_loss":0.0,"damage_taken":0.0},{"damage_healed":0.0,"max_hp_gain":0.0,"max_hp_loss":0.0,"gold_gain":0.0,"event_name":"Accursed Blacksmith","player_choice":"Rummage","floor":20.0,"gold_loss":0.0,"damage_taken":0.0,"relics_obtained":["WarpedTongs"],"cards_obtained":["Pain"]},{"damage_healed":0.0,"max_hp_gain":0.0,"max_hp_loss":0.0,"gold_gain":0.0,"event_name":"WeMeetAgain","player_choice":"Gave Potion","floor":29.0,"gold_loss":0.0,"damage_taken":0.0,"relics_obtained":["hubris:Reverence"]},{"cards_removed":["Feed"],"damage_healed":13.0,"max_hp_gain":10.0,"max_hp_loss":0.0,"gold_gain":0.0,"event_name":"Bonfire Elementals","player_choice":"Offered Rare","floor":36.0,"gold_loss":0.0,"damage_taken":0.0},{"damage_healed":0.0,"max_hp_gain":0.0,"max_hp_loss":0.0,"gold_gain":0.0,"event_name":"Winding Halls","player_choice":"Embrace Madness","floor":39.0,"gold_loss":0.0,"damage_taken":21.0,"cards_obtained":["Madness","Madness"]},{"damage_healed":0.0,"max_hp_gain":0.0,"max_hp_loss":0.0,"gold_gain":0.0,"event_name":"Mysterious Sphere","player_choice":"Fight","floor":45.0,"gold_loss":0.0,"damage_taken":0.0}],"is_beta":false,"boss_relics":[{"not_picked":["Electric Blood","Runic Cube"],"picked":"Ring of Chaos"},{"not_picked":["ReplayTheSpireMod:Onyx Gauntlets","Replay:Grab Bag"],"picked":"ChewingGum"}],"items_purged_floors":[21],"is_endless":false,"potions_floor_spawned":[7,10,16,19,27,35,38,45,47],"ascension_level":17}}