{"host":"qxeepl7ydvsgmfdb","time":1608719086,"event":{"mods":["AchievementEnabler","BaseMod","Colored Powertips","Minty Spire (QoL Compilation)","Quick Restart","slay the spire mod where everything is the same but ironclad has a cowboy hat"],"gold_per_floor":[210,223,223,236,236,236,112,112,112,112,136,311,386,411,411,530,530,551,226,246,171,187,187,187],"floor_reached":23,"playtime":830,"items_purged":["Strike_G","Doubt"],"score":181,"play_id":"774ff9ab-a4bd-4569-9612-e6b9f2d857b9","local_time":"20201223052446","is_ascension_mode":false,"campfire_choices":[{"data":"PiercingWail","floor":6.0,"key":"SMITH"},{"floor":8.0,"key":"RECALL"},{"data":"Deadly Poison","floor":10.0,"key":"SMITH"},{"floor":15.0,"key":"REST"}],"circlet_count":0,"master_deck":["Strike_G","Strike_G","Strike_G","Defend_G","Defend_G","Defend_G","Defend_G","Defend_G","Survivor","Neutralize","Sucker Punch","PiercingWail+1","Slice","Deadly Poison+1","Cloak And Dagger","Adrenaline","Backflip","Noxious Fumes","Blade Dance"],"relics":["Ring of the Snake","Golden Idol","Boot","Ancient Tea Set","SacredBark","Potion Belt"],"acts_visited":["Exordium","TheCity"],"potions_floor_usage":[22,22,23],"damage_taken":[{"damage":0.0,"enemies":"2 Louse","floor":1.0,"turns":4.0},{"damage":11.0,"enemies":"Jaw Worm","floor":2.0,"turns":7.0},{"damage":2.0,"enemies":"Small Slimes","floor":4.0,"turns":3.0},{"damage":0.0,"enemies":"3 Louse","floor":11.0,"turns":3.0},{"damage":1.0,"enemies":"Blue Slaver","floor":14.0,"turns":3.0},{"damage":36.0,"enemies":"Hexaghost","floor":16.0,"turns":13.0},{"damage":28.0,"enemies":"Shell Parasite","floor":18.0,"turns":8.0},{"damage":12.0,"enemies":"3 Byrds","floor":20.0,"turns":5.0},{"damage":8,"enemies":"Shelled Parasite and Fungi","floor":22,"turns":4},{"damage":9,"enemies":"Gremlin Leader","floor":23,"turns":7}],"seed_played":"-158572325309438839","potions_obtained":[{"floor":1.0,"key":"FearPotion"},{"floor":2.0,"key":"Weak Potion"},{"floor":11.0,"key":"Poison Potion"}],"is_trial":false,"path_per_floor":["M","M","?","M","T","R","$","R","T","R","M","?","?","M","R","B",null,"M","$","M","?","M","E"],"character_chosen":"THE_SILENT","items_purchased":["Deadly Poison","Potion Belt","Noxious Fumes"],"campfire_rested":1,"item_purchase_floors":[7,19,19],"current_hp_per_floor":[70,59,42,40,40,40,40,40,40,40,40,40,29,28,49,13,70,42,42,30,30,22,13,13],"gold":187,"neow_bonus":"HUNDRED_GOLD","is_daily":false,"chose_seed":false,"campfire_upgraded":2,"win_rate":0.0,"timestamp":1608719086,"path_taken":["M","M","?","M","?","R","$","R","T","R","M","?","?","M","R","BOSS","M","$","M","?","M","E"],"items_purchased_type":["Card","Relic","Card"],"build_version":"2020-12-22","purchased_purges":2,"victory":false,"max_hp_per_floor":[70,70,70,70,70,70,70,70,70,70,70,70,70,70,70,70,70,70,70,70,70,70,70,70],"card_choices":[{"not_picked":["Finisher","Quick Slash"],"picked":"Sucker Punch","floor":1.0},{"not_picked":["Prepared","Concentrate"],"picked":"PiercingWail","floor":2.0},{"not_picked":["Backstab","Outmaneuver"],"picked":"Slice","floor":4.0},{"not_picked":["Outmaneuver","Skewer"],"picked":"Cloak And Dagger","floor":11.0},{"not_picked":["Sucker Punch","Setup","Quick Slash"],"picked":"SKIP","floor":14.0},{"not_picked":["Burst","Doppelganger"],"picked":"Adrenaline","floor":16.0},{"not_picked":["Flying Knee","Predator"],"picked":"Backflip","floor":18.0},{"not_picked":["Quick Slash+1","Dodge and Roll"],"picked":"Blade Dance","floor":20.0},{"not_picked":["Prepared","Underhanded Strike","Expertise"],"picked":"SKIP","floor":22}],"player_experience":333932,"relics_obtained":[{"floor":5.0,"key":"Boot"},{"floor":9.0,"key":"Ancient Tea Set"}],"event_choices":[{"damage_healed":0.0,"max_hp_gain":0.0,"max_hp_loss":0.0,"gold_gain":0.0,"event_name":"Golden Idol","player_choice":"Take Damage","floor":3.0,"gold_loss":0.0,"damage_taken":17.0,"relics_obtained":["Golden Idol"]},{"damage_healed":0.0,"max_hp_gain":0.0,"max_hp_loss":0.0,"gold_gain":175.0,"event_name":"Liars Game","player_choice":"AGREE","floor":12.0,"gold_loss":0.0,"damage_taken":0.0,"cards_obtained":["Doubt"]},{"damage_healed":0.0,"max_hp_gain":0.0,"max_hp_loss":0.0,"gold_gain":75.0,"event_name":"World of Goop","player_choice":"Gather Gold","floor":13.0,"gold_loss":0.0,"damage_taken":11.0},{"cards_removed":["Strike_G"],"damage_healed":0.0,"max_hp_gain":0.0,"max_hp_loss":0.0,"gold_gain":0.0,"event_name":"Beggar","player_choice":"Gave Gold","floor":21.0,"gold_loss":75.0,"damage_taken":0.0}],"is_beta":false,"boss_relics":[{"not_picked":["Cursed Key","HoveringKite"],"picked":"SacredBark"}],"items_purged_floors":[7,19],"is_endless":false,"potions_floor_spawned":[1,2,11,14,18],"killed_by":"Gremlin Leader","ascension_level":0}}