{"host":"z9grmtg2w0nmz8n1","time":1608693431,"event":{"mods":["Aspiration","Bard","BaseMod","Beaked The Cultist","Better Altar","Better Match","Better Note","Better Sensory Stone","Better Skull","Better Third Choice","BetterRewards","CCEM","Colored Map","Conspire","Downfall","GifTheSpireLib","Googly Eyes","Halation","Hermit","Highlight Path","Hubris","Hunter ??","Jedi Mod","Jorbs\u0027s Wanderer Trilogy","Mad Scientist","Marisa????????","Minty Spire (QoL Compilation)","Permanent Neow","Replay The Spire","Shade Mod","Shop Mod","Spicy Shops","StSLib","Stuff the Spire","The Bug Knight","The Construct","The Necromancer","The Runesmith","The Witch"],"gold_per_floor":[99,114,129,129,39,24,24,24,54,69,69,84,99,129,144,244,244,94,124,139,154,169,169,169,149,249,249,264,264,294,324,339,339,339],"floor_reached":33,"playtime":2247,"items_purged":["hermit:HighNoon","hermit:OverwhelmingPower"],"score":349,"play_id":"b2ba38b6-c935-477e-a7ac-2b8f0afe0818","local_time":"20201223011711","daily_mods":["Shiny","ControlledChaos","DeadlyEvents"],"is_ascension_mode":false,"campfire_choices":[{"floor":1,"key":"RECALL"},{"data":"hermit:RoundhouseKick","floor":11,"key":"SMITH"},{"data":"hermit:HeroicBravado","floor":18,"key":"SMITH"},{"floor":23,"key":"REST"},{"floor":27,"key":"REST"},{"floor":29,"key":"REST"}],"circlet_count":0,"master_deck":["hermit:Reprieve","hermit:FromBeyond","hermit:Purgatory","hermit:Roughhouse","hermit:Magnum","hermit:Gambit+1","hermit:DeadOrAlive","hermit:FatalDesire+1","hermit:HeroicBravado+1","hermit:EternalForm+1","hermit:Dissolve","hermit:BlackWind+1","hermit:RoundhouseKick+1","hermit:FinalCanter","hermit:Adapt","hermit:Snipe","hermit:BodyArmor","hermit:Horror","hermit:Quickdraw","hermit:Roulette","hermit:Ricochet","hermit:LoneWolf","hermit:HighCaliber","hermit:Magnum","hermit:Desperado+1","hermit:Headshot+1","hermit:Manifest+1","hermit:ShadowCloak+1","hermit:Determination+1"],"relics":["hermit:Momento","Frozen Eye","construct:RocketBooster","construct:BoolHorns","Gremlin Horn","Replay:Bronze Core","downfall:HeartBlessingRed","downfall:HeartBlessingBlue","Strawberry","hubris:BottledRain","downfall:GremlinWheel","MealTicket","aspiration:HiddenCompartment"],"acts_visited":["Exordium","TheCity"],"potions_floor_usage":[10,16,16,16,25,31],"damage_taken":[{"damage":0,"enemies":"2 Louse","floor":2,"turns":2},{"damage":11,"enemies":"Jaw Worm","floor":3,"turns":2},{"damage":0,"enemies":"downfall:FleeingMerchant","floor":5,"turns":5},{"damage":6,"enemies":"downfall:FleeingMerchant","floor":6,"turns":5},{"damage":19,"enemies":"Gremlin Nob","floor":9,"turns":4},{"damage":0,"enemies":"Small Slimes","floor":10,"turns":2},{"damage":0,"enemies":"2 Fungi Beasts","floor":12,"turns":1},{"damage":6,"enemies":"Gremlin Gang","floor":13,"turns":4},{"damage":0,"enemies":"3 Sentries","floor":14,"turns":3},{"damage":9,"enemies":"Red Slaver","floor":15,"turns":2},{"damage":22,"enemies":"downfall:Silent","floor":16,"turns":5},{"damage":20,"enemies":"3 Byrds","floor":19,"turns":1},{"damage":9,"enemies":"Shell Parasite","floor":20,"turns":4},{"damage":48,"enemies":"Shelled Parasite and Fungi","floor":21,"turns":4},{"damage":0,"enemies":"Snake Plant","floor":22,"turns":1},{"damage":47,"enemies":"downfall:FleeingMerchant","floor":25,"turns":4},{"damage":0,"enemies":"downfall:FleeingMerchant","floor":26,"turns":2},{"damage":0,"enemies":"Centurion and Healer","floor":28,"turns":2},{"damage":30,"enemies":"Slavers","floor":30,"turns":4},{"damage":27,"enemies":"Gremlin Leader","floor":31,"turns":5},{"damage":1,"enemies":"Snecko","floor":32,"turns":3},{"damage":5,"enemies":"downfall:Ironclad","floor":33,"turns":4}],"seed_played":"4926568582952100995","potions_obtained":[{"floor":2,"key":"jedi:hoardpotion"},{"floor":3,"key":"Block Potion"},{"floor":10,"key":"Fruit Juice"},{"floor":12,"key":"hermit:Eclipse"},{"floor":15,"key":"Weak Potion"},{"floor":21,"key":"Flashbang"},{"floor":22,"key":"sneckomod:MuddlingPotion"},{"floor":28,"key":"SmokeBomb"},{"floor":31,"key":"sneckomod:MuddlingPotion"}],"is_trial":false,"path_per_floor":["R","M","M","?","$","$","T","T","E","M","R","M","M","E","M","B",null,"R","M","M","M","M","R","T","$","?","R","M","R","E","E","M","B"],"character_chosen":"HERMIT","items_purchased":["hubris:BottledRain"],"campfire_rested":3,"item_purchase_floors":[25],"current_hp_per_floor":[75,75,64,64,64,58,58,58,39,44,44,44,38,38,33,11,80,90,70,61,13,13,40,47,4,4,33,33,62,32,5,4,0,0],"gold":339,"neow_bonus":"","is_daily":true,"chose_seed":false,"campfire_upgraded":2,"win_rate":0.0,"timestamp":1608693431,"path_taken":["R","M","M","?","?","$","T","?","E","M","R","?","M","?","M","BOSS","R","M","M","M","M","R","T","$","?","R","M","R","?","E","M","BOSS"],"items_purchased_type":["Relic"],"build_version":"2020-12-13","purchased_purges":2,"victory":false,"max_hp_per_floor":[75,75,75,75,75,75,75,75,75,80,80,80,80,80,80,80,80,90,90,90,90,90,90,97,97,97,97,97,97,97,97,97,97,97],"card_choices":[{"not_picked":["hermit:FullyLoaded","hermit:Deadeye"],"picked":"hermit:Snipe","floor":2},{"not_picked":["hermit:HighCaliber","hermit:LuckOfTheDraw"],"picked":"hermit:BodyArmor","floor":3},{"not_picked":["hermit:Dive","hermit:FullyLoaded"],"picked":"hermit:Horror","floor":5},{"not_picked":["hermit:FullyLoaded","hermit:Virtue"],"picked":"hermit:Quickdraw","floor":6},{"not_picked":["hermit:FlashPowder","hermit:WideOpen","hermit:TakeCover"],"picked":"SKIP","floor":9},{"not_picked":["hermit:EyeOfTheStorm","hermit:Coalescence"],"picked":"hermit:Roulette","floor":10},{"not_picked":["hermit:Dive","hermit:Feint"],"picked":"hermit:Ricochet","floor":12},{"not_picked":["hermit:BigShot","hermit:LowProfile","hermit:Gestalt"],"picked":"SKIP","floor":13},{"not_picked":["hermit:Desperado","hermit:Virtue"],"picked":"hermit:LoneWolf","floor":14},{"not_picked":["hermit:SprayPray","hermit:Manifest"],"picked":"hermit:HighCaliber","floor":15},{"not_picked":["hermit:DeadOrAlive","hermit:FromBeyond"],"picked":"hermit:Magnum","floor":16},{"not_picked":["hermit:Gestalt","hermit:Roulette"],"picked":"hermit:Desperado+1","floor":19},{"not_picked":["hermit:Misfire","hermit:TrackingShot"],"picked":"hermit:Headshot+1","floor":20},{"not_picked":["hermit:Coalescence","hermit:Feint"],"picked":"hermit:Manifest+1","floor":21},{"not_picked":["hermit:Glare","hermit:Snipe","hermit:Magnum"],"picked":"SKIP","floor":22},{"not_picked":["hermit:GhostlyPresence","hermit:Coalescence"],"picked":"hermit:ShadowCloak","floor":25},{"not_picked":["hermit:BodyArmor","hermit:Dive","hermit:HoleUp"],"picked":"SKIP","floor":28},{"not_picked":["hermit:GoldenBullet","hermit:TakeCover"],"picked":"hermit:Determination","floor":30},{"not_picked":["hermit:Deadeye+1","hermit:SprayPray","hermit:Ricochet"],"picked":"SKIP","floor":31},{"not_picked":["hermit:TakeCover","hermit:Dive+1","hermit:Brawl+1"],"picked":"SKIP","floor":32}],"player_experience":632269,"relics_obtained":[{"floor":8,"key":"construct:RocketBooster"},{"floor":9,"key":"construct:BoolHorns"},{"floor":14,"key":"Gremlin Horn"},{"floor":24,"key":"Strawberry"},{"floor":26,"key":"downfall:GremlinWheel"},{"floor":30,"key":"MealTicket"},{"floor":31,"key":"aspiration:HiddenCompartment"}],"event_choices":[{"damage_healed":0,"gold_gain":0,"player_choice":"Disagree","damage_taken":0,"max_hp_gain":0,"max_hp_loss":0,"event_name":"conspire:LoneGhost","floor":4,"gold_loss":0}],"is_beta":false,"boss_relics":[{"not_picked":["Velvet Choker","hubris:TerracottaHorce"],"picked":"Replay:Bronze Core"}],"items_purged_floors":[5,25],"is_endless":false,"potions_floor_spawned":[2,3,10,12,15,21,22,28,31],"killed_by":"downfall:Ironclad","ascension_level":0}}