{"host":"2461dio7vetlq1z3","time":1608692327,"event":{"mods":["2.2 Compatiblity","AchievementEnabler","BaseMod","Better Third Choice","Hermit","Marisa????????","Minty Spire (QoL Compilation)","Relic Stats","Replay The Spire","Spicy Shops","StSLib","The Runesmith","Waifu the Spire"],"gold_per_floor":[115,115,218,243,0,0,35,35,62,97,4,25,65,84,84,179,179,193,21,21,42,57,57,90,5,5,25,56,56,81,101,101,194,194,210,274,274,21,21,54,54,35,35,73,89,89,107,128,128,128,128,128,128,1,37,37,37],"floor_reached":56,"playtime":4242,"items_purged":["Strike_R","Wild Strike"],"score":2151,"play_id":"8be86d20-d3f5-4090-b519-bbf5c822b613","local_time":"20201223035847","is_ascension_mode":true,"campfire_choices":[{"data":"Bash","floor":6,"key":"SMITH"},{"data":"Inflame","floor":8,"key":"SMITH"},{"data":"ReplayTheSpireMod:LeadingStrike","floor":15,"key":"SMITH"},{"data":"Replay:Many Hands","floor":23,"key":"SMITH"},{"floor":29,"key":"REST"},{"floor":32,"key":"DIG"},{"data":"Brutality","floor":41,"key":"SMITH"},{"floor":46,"key":"RECALL"},{"data":"Feel No Pain","floor":53,"key":"SMITH"}],"circlet_count":0,"master_deck":["AscendersBane","Strike_R","Strike_R","Strike_R","Strike_R","Defend_R","Defend_R","Defend_R","Defend_R","Bash+1","Clothesline","Anger","Inflame+1","ReplayTheSpireMod:Stacked+1","Battle Trance+1","ReplayTheSpireMod:LeadingStrike+1","Pommel Strike","Ghostly Armor","Replay:Many Hands+1","Anger+1","Inflame","Disarm","Exhume+1","Iron Wave","Power Through","Demon Form+1","Metallicize","Second Wind","Brutality+1","Massacre+1","Feel No Pain+1","Dark Embrace","Rupture","True Grit+1","Rage","Shrug It Off","Parasite","Demon Form+1","Evolve"],"relics":["Burning Blood","NeowsBlessing","Golden Idol","Pet Ghost","FossilizedHelix","Replay:WaspNest","Replay:Wax Seal","Kunai","White Beast Statue","Sozu","Membership Card","War Paint","Iron Hammer","ReplayTheSpireMod:Ninjato","Bag of Preparation","Oddly Smooth Stone","Coffee Dripper","CatCart","Shuriken","Replay:Bottled Eggs","Divine Protection","StrikeDummy"],"acts_visited":["Exordium","TheCity","TheBeyond","TheEnding"],"potions_floor_usage":[13,16,24,56],"damage_taken":[{"damage":0,"enemies":"Jaw Worm","floor":1,"turns":1},{"damage":0,"enemies":"Small Slimes","floor":4,"turns":1},{"damage":0,"enemies":"3 Sentries","floor":7,"turns":2},{"damage":28,"enemies":"Gremlin Nob","floor":10,"turns":4},{"damage":0,"enemies":"2 Louse","floor":12,"turns":3},{"damage":7,"enemies":"Lagavulin","floor":13,"turns":5},{"damage":0,"enemies":"Exordium Wildlife","floor":14,"turns":4},{"damage":28,"enemies":"Fading Forest","floor":16,"turns":13},{"damage":0,"enemies":"Spheric Guardian","floor":18,"turns":3},{"damage":4,"enemies":"Shell Parasite","floor":21,"turns":4},{"damage":0,"enemies":"Snecko","floor":22,"turns":4},{"damage":66,"enemies":"Slavers","floor":24,"turns":6},{"damage":14,"enemies":"Snake Plant","floor":27,"turns":4},{"damage":2,"enemies":"Book of Stabbing","floor":28,"turns":6},{"damage":3,"enemies":"Cultist and Chosen","floor":30,"turns":5},{"damage":0,"enemies":"Centurion and Healer","floor":31,"turns":3},{"damage":7,"enemies":"Pondfish","floor":33,"turns":6},{"damage":4,"enemies":"Orb Walker","floor":35,"turns":3},{"damage":28,"enemies":"Orin","floor":36,"turns":9},{"damage":4,"enemies":"R_Hoarder","floor":40,"turns":5},{"damage":8,"enemies":"Giant Head","floor":44,"turns":6},{"damage":1,"enemies":"3 Darklings","floor":45,"turns":4},{"damage":4,"enemies":"Writhing Mass","floor":47,"turns":6},{"damage":2,"enemies":"Jaw Worm Horde","floor":48,"turns":3},{"damage":2,"enemies":"Awakened One","floor":50,"turns":8},{"damage":23,"enemies":"Replay:Hell Engine","floor":51,"turns":8},{"damage":40,"enemies":"Shield and Spear","floor":55,"turns":6},{"damage":112,"enemies":"The Heart","floor":56,"turns":4}],"seed_played":"5042211586020797861","potions_obtained":[{"floor":13,"key":"Adrenaline Potion"},{"floor":14,"key":"Milkshake"},{"floor":16,"key":"Swift Potion"}],"is_trial":false,"path_per_floor":["M","?","?","M","$","R","E","R","T","E","$","M","E","M","R","B",null,"M","$","?","M","M","R","E","?","T","M","E","R","M","M","R","B",null,"M","?","?","$","?","E","R","$","T","E","M","R","M","M","R","B","B",null,"R","$","E","B"],"character_chosen":"IRONCLAD","items_purchased":["FossilizedHelix","Battle Trance","BloodPotion","Membership Card","Shuriken","Dark Embrace","True Grit+1","Demon Form"],"campfire_rested":1,"item_purchase_floors":[5,11,11,19,38,38,42,54],"current_hp_per_floor":[74,48,18,24,24,24,30,30,30,8,8,14,28,34,34,24,62,68,68,68,70,75,75,15,15,15,7,11,33,36,42,42,41,67,69,47,47,47,47,49,49,49,49,47,52,52,54,58,75,75,58,71,71,71,37,0,0],"gold":37,"neow_bonus":"THREE_ENEMY_KILL","is_daily":false,"chose_seed":false,"campfire_upgraded":6,"win_rate":0.0,"timestamp":1608692327,"path_taken":["M","?","?","M","$","R","E","R","T","E","?","M","E","M","R","BOSS","M","?","?","M","M","R","E","?","T","M","E","R","?","M","R","BOSS","M","?","?","?","?","E","R","$","T","E","M","R","?","M","R","BOSS","BOSS","R","$","E","BOSS"],"items_purchased_type":["Relic","Card","Potion","Relic","Relic","Card","Card","Card"],"build_version":"2020-12-13","purchased_purges":2,"victory":false,"max_hp_per_floor":[75,75,75,75,75,75,75,75,75,75,75,75,75,75,75,75,75,75,75,75,75,75,75,75,75,75,75,75,75,75,75,75,75,75,75,75,75,75,75,75,75,75,75,75,75,75,75,75,75,75,75,75,75,75,75,75,75],"relic_stats":{"Sozu":17,"counters":[28,135],"Golden Idol":217,"Shuriken":[34],"Bag of Preparation":[28],"Kunai":[75],"War Paint":["ReplayTheSpireMod:Stacked","Exhume"],"obtain_stats":[{"Divine Protection":44,"ReplayTheSpireMod:Ninjato":26,"NeowsBlessing":0,"Golden Idol":2,"Oddly Smooth Stone":32,"Replay:WaspNest":7,"Bag of Preparation":28,"War Paint":24,"Burning Blood":0,"Pet Ghost":3,"White Beast Statue":13,"Sozu":17,"Shuriken":38,"Iron Hammer":25,"Coffee Dripper":34,"Kunai":10,"Membership Card":19,"Replay:Wax Seal":9,"CatCart":36,"Replay:Bottled Eggs":40,"StrikeDummy":55,"FossilizedHelix":5},{"Divine Protection":21,"ReplayTheSpireMod:Ninjato":12,"NeowsBlessing":0,"Golden Idol":1,"Oddly Smooth Stone":16,"Replay:WaspNest":3,"Bag of Preparation":14,"War Paint":12,"Burning Blood":0,"Pet Ghost":1,"White Beast Statue":6,"Sozu":8,"Shuriken":19,"Iron Hammer":12,"Coffee Dripper":17,"Kunai":4,"Membership Card":9,"Replay:Wax Seal":3,"CatCart":19,"Replay:Bottled Eggs":20,"StrikeDummy":27,"FossilizedHelix":2},{"Divine Protection":97,"ReplayTheSpireMod:Ninjato":50,"NeowsBlessing":0,"Golden Idol":1,"Oddly Smooth Stone":68,"Replay:WaspNest":4,"Bag of Preparation":60,"War Paint":50,"Burning Blood":0,"Pet Ghost":1,"White Beast Statue":16,"Sozu":33,"Shuriken":86,"Iron Hammer":50,"Coffee Dripper":74,"Kunai":8,"Membership Card":36,"Replay:Wax Seal":4,"CatCart":86,"Replay:Bottled Eggs":91,"StrikeDummy":132,"FossilizedHelix":2}],"Burning Blood":157},"card_choices":[{"not_picked":["Iron Wave","Sentinel"],"picked":"Wild Strike","floor":1},{"not_picked":["Sword Boomerang","Warcry"],"picked":"Clothesline","floor":3},{"not_picked":["Flex","Replay:Undeath\u0027s Touch"],"picked":"Anger","floor":3},{"not_picked":["ReplayTheSpireMod:Strike From Hell","Replay:Undeath\u0027s Touch"],"picked":"Shrug It Off","floor":4},{"not_picked":["Second Wind","Pommel Strike"],"picked":"Inflame","floor":7},{"not_picked":["True Grit","Life Link"],"picked":"ReplayTheSpireMod:Stacked","floor":10},{"not_picked":["Shockwave","Entrench"],"picked":"ReplayTheSpireMod:LeadingStrike","floor":12},{"not_picked":["Barricade","Run Through"],"picked":"Pommel Strike","floor":13},{"not_picked":["Clothesline","Flex"],"picked":"Ghostly Armor","floor":14},{"not_picked":["Eclipse","Double Tap"],"picked":"Replay:Many Hands","floor":16},{"not_picked":["Second Wind","Flex"],"picked":"Anger+1","floor":18},{"not_picked":["Searing Blow","Pummel"],"picked":"Disarm","floor":21},{"not_picked":["Thunderclap","Wild Strike"],"picked":"Exhume","floor":22},{"not_picked":["Wild Strike","Rupture"],"picked":"Iron Wave","floor":24},{"not_picked":["Shrug It Off","Headbutt"],"picked":"Power Through","floor":27},{"not_picked":["Metallicize","Clash"],"picked":"Demon Form","floor":28},{"not_picked":["Massacre","Armaments"],"picked":"Metallicize","floor":30},{"not_picked":["Heavy Blade","Armaments"],"picked":"Second Wind","floor":31},{"not_picked":["Offering","Demonic Infusion"],"picked":"Brutality","floor":33},{"not_picked":["Run Through","Flex"],"picked":"Massacre+1","floor":35},{"not_picked":["Massacre","Spot Weakness+1"],"picked":"Feel No Pain","floor":36},{"not_picked":["Thunderclap","Intimidate"],"picked":"Rupture","floor":40},{"not_picked":["Armaments","Fire Breathing"],"picked":"Rage","floor":44},{"not_picked":["ReplayTheSpireMod:Strike From Hell+1","ReplayTheSpireMod:Muscle Training"],"picked":"Shrug It Off","floor":45},{"not_picked":["Thunderclap","Flame Barrier","Hemokinesis"],"picked":"SKIP","floor":47},{"not_picked":["Armaments","Sword Boomerang","Ghostly Armor+1"],"picked":"SKIP","floor":48},{"not_picked":["Berserk","Flex"],"picked":"Evolve","floor":55}],"player_experience":953734,"relics_obtained":[{"floor":3,"key":"Pet Ghost"},{"floor":7,"key":"Replay:WaspNest"},{"floor":9,"key":"Replay:Wax Seal"},{"floor":10,"key":"Kunai"},{"floor":13,"key":"White Beast Statue"},{"floor":24,"key":"War Paint"},{"floor":26,"key":"ReplayTheSpireMod:Ninjato"},{"floor":28,"key":"Bag of Preparation"},{"floor":32,"key":"Oddly Smooth Stone"},{"floor":36,"key":"CatCart"},{"floor":40,"key":"Replay:Bottled Eggs"},{"floor":44,"key":"Divine Protection"},{"floor":55,"key":"StrikeDummy"}],"event_choices":[{"damage_healed":0,"gold_gain":0,"player_choice":"Take Damage","damage_taken":26,"relics_obtained":["Golden Idol"],"max_hp_gain":0,"max_hp_loss":0,"event_name":"Golden Idol","floor":2,"gold_loss":0},{"damage_healed":0,"gold_gain":0,"player_choice":"Read","damage_taken":0,"max_hp_gain":0,"max_hp_loss":0,"event_name":"The Library","floor":20,"gold_loss":0,"cards_obtained":["Inflame"]},{"damage_healed":0,"gold_gain":0,"player_choice":"Obtained Relic","damage_taken":0,"relics_obtained":["Iron Hammer"],"max_hp_gain":0,"max_hp_loss":0,"event_name":"Addict","floor":25,"gold_loss":85},{"damage_healed":0,"gold_gain":0,"player_choice":"Fight","damage_taken":0,"max_hp_gain":0,"max_hp_loss":0,"event_name":"OrinTheCat","floor":36,"gold_loss":0},{"cards_removed":["Shrug It Off"],"damage_healed":0,"gold_gain":0,"player_choice":"Removed Skill","damage_taken":0,"max_hp_gain":0,"max_hp_loss":0,"event_name":"Falling","floor":37,"gold_loss":0},{"damage_healed":0,"gold_gain":0,"player_choice":"Random: Orange","damage_taken":0,"max_hp_gain":0,"max_hp_loss":0,"event_name":"betterThird:BetterPortal","floor":39,"gold_loss":0},{"damage_healed":0,"gold_gain":0,"player_choice":"0 cards matched","damage_taken":0,"max_hp_gain":0,"max_hp_loss":0,"event_name":"Match and Keep!","floor":39,"gold_loss":0,"cards_obtained":[]}],"is_beta":false,"boss_relics":[{"not_picked":["Ooze Armor","Mark of Pain"],"picked":"Sozu"},{"not_picked":["Honey Jar","Snecko Eye"],"picked":"Coffee Dripper"}],"items_purged_floors":[5,38],"is_endless":false,"potions_floor_spawned":[13,14,16,18,21,22,24,27,28,30,31,33,35,36,40,44,45,47,48,55],"killed_by":"The Heart","ascension_level":20}}