{"host":"k653q14gphaoox56","time":1608767186,"event":{"mods":["BaseMod","Colored Map","Conspire","DeckTracker","Hermit","Hubris","Infinite Spire","Minty Spire (QoL Compilation)","Replay The Spire","StSLib","The Construct","The Cursed","The Disciple","The Hierophant","The Necromancer","The Poker Player","The Runesmith","The Servant 0.9.4"],"gold_per_floor":[117,136,136,136,153,178,178,189,241,291,309,323,26,44,44,149,149,164,179,42,52,52,83,101,101,101],"floor_reached":25,"playtime":1895,"items_purged":["Strike_R","Strike_R"],"score":227,"play_id":"5a327ff0-089d-4593-a634-cdf1d8a2b8ba","local_time":"20201223184626","is_ascension_mode":false,"campfire_choices":[{"floor":7,"key":"REST"},{"floor":15,"key":"REST"}],"circlet_count":0,"master_deck":["Strike_R","Defend_R+1","Defend_R","Defend_R","Defend_R","Bash","Cleave","Fire Breathing","Metallicize","Headbutt","Searing Blow","ReplayTheSpireMod:Splinters","Wild Strike","Spot Weakness","Thunderclap","Magnetism","Shrug It Off","Twin Strike","Barricade","Metallicize","Wild Strike","Flex","Flex","Heavy Blade","Entrench","Heavy Blade"],"relics":["Burning Blood","hubris:Towel","infinitespire:ShieldingShard","Pet Ghost","Mark of Pain","PreservedInsect"],"acts_visited":["Exordium","TheCity"],"potions_floor_usage":[12,12,14,16,16,16,16,19,23,24],"damage_taken":[{"damage":3,"enemies":"Jaw Worm","floor":1,"turns":5},{"damage":3,"enemies":"Small Slimes","floor":2,"turns":3},{"damage":0,"enemies":"conspire:RoseBush","floor":5,"turns":3},{"damage":49,"enemies":"Gremlin Nob","floor":6,"turns":6},{"damage":22,"enemies":"Large Slime","floor":8,"turns":8},{"damage":6,"enemies":"Gremlin Gang","floor":11,"turns":5},{"damage":16,"enemies":"Exordium Thugs","floor":12,"turns":4},{"damage":0,"enemies":"2 Fungi Beasts","floor":14,"turns":4},{"damage":50,"enemies":"Hexaghost","floor":16,"turns":10},{"damage":28,"enemies":"Spheric Guardian","floor":18,"turns":6},{"damage":3,"enemies":"Chosen","floor":19,"turns":4},{"damage":22,"enemies":"Snecko","floor":21,"turns":7},{"damage":24,"enemies":"Book of Stabbing","floor":23,"turns":6},{"damage":23,"enemies":"Shelled Parasite and Fungi","floor":24,"turns":6},{"damage":13,"enemies":"Nightmare","floor":25,"turns":3}],"seed_played":"4125688723793215184","potions_obtained":[{"floor":6,"key":"Weak Potion"},{"floor":8,"key":"Languid Potion"},{"floor":10,"key":"SmokeBomb"},{"floor":10,"key":"EntropicBrew"},{"floor":10,"key":"Venom Potion"},{"floor":11,"key":"Flashbang"},{"floor":12,"key":"LiquidMemories"},{"floor":18,"key":"AttackPotion"},{"floor":21,"key":"Weak Potion"},{"floor":23,"key":"Swift Potion"}],"is_trial":false,"path_per_floor":["M","M","?","?","M","E","R","M","T","?","M","M","$","M","R","B",null,"M","M","$","M","?","E","M","NM"],"character_chosen":"IRONCLAD","items_purchased":["Magnetism","Shrug It Off","Flex"],"campfire_rested":2,"item_purchase_floors":[13,13,20],"current_hp_per_floor":[80,80,80,73,79,36,60,44,44,44,44,34,34,40,64,20,80,58,61,61,45,45,27,10,0,0],"gold":101,"neow_bonus":"RANDOM_EVENT","is_daily":false,"chose_seed":false,"campfire_upgraded":0,"win_rate":0.0,"timestamp":1608767186,"path_taken":["M","M","?","?","M","E","R","M","T","?","M","M","$","M","R","BOSS","M","M","$","?","?","E","M","NM"],"items_purchased_type":["Card","Card","Card"],"build_version":"2020-12-22","purchased_purges":2,"victory":false,"max_hp_per_floor":[80,80,80,80,80,80,80,80,80,80,80,80,80,80,80,80,80,80,80,80,80,80,80,80,80,80],"card_choices":[{"not_picked":["Perfected Strike","Reckless Charge"],"picked":"Cleave","floor":1},{"not_picked":["ReplayTheSpireMod:Limb From Limb","Wild Strike"],"picked":"Fire Breathing","floor":2},{"not_picked":["Warcry","Wild Strike"],"picked":"Metallicize","floor":5},{"not_picked":["Run Through","Perfected Strike"],"picked":"Headbutt","floor":6},{"not_picked":["Sword Boomerang","Second Wind"],"picked":"Searing Blow","floor":8},{"not_picked":["Perfected Strike","Clothesline"],"picked":"Wild Strike","floor":10},{"not_picked":["Flame Barrier","Double Tap"],"picked":"Spot Weakness","floor":11},{"not_picked":["Dark Embrace","conspire:Purge"],"picked":"Thunderclap","floor":12},{"not_picked":["Clash","Anger"],"picked":"Twin Strike","floor":14},{"not_picked":["Impervious","Brutality"],"picked":"Barricade","floor":16},{"not_picked":["Replay:Undeath\u0027s Touch","Abandon+1"],"picked":"Metallicize","floor":18},{"not_picked":["Flame Barrier","Flex"],"picked":"Wild Strike","floor":19},{"not_picked":["Havoc+1","Fiend Fire"],"picked":"Heavy Blade","floor":21},{"not_picked":["Warcry","True Grit"],"picked":"Entrench","floor":23},{"not_picked":["ReplayTheSpireMod:Limb From Limb","ReplayTheSpireMod:Muscle Training+1"],"picked":"Heavy Blade","floor":24}],"player_experience":100877,"relics_obtained":[{"floor":6,"key":"infinitespire:ShieldingShard"},{"floor":9,"key":"Pet Ghost"},{"floor":23,"key":"PreservedInsect"}],"event_choices":[{"cards_removed":["Strike_R"],"damage_healed":0,"gold_gain":0,"player_choice":"Card Removal","damage_taken":7,"max_hp_gain":0,"max_hp_loss":0,"event_name":"Golden Wing","floor":4,"gold_loss":0},{"cards_removed":["Strike_R"],"damage_healed":0,"gold_gain":0,"player_choice":"Elegance","damage_taken":0,"max_hp_gain":0,"max_hp_loss":0,"event_name":"Back to Basics","floor":22,"gold_loss":0}],"is_beta":false,"boss_relics":[{"not_picked":["Snecko Eye","Black Star"],"picked":"Mark of Pain"}],"items_purged_floors":[13,20],"is_endless":false,"potions_floor_spawned":[6,8,11,12,18,21,23],"killed_by":"Nightmare","ascension_level":0}}