{"host":"17j25xn3vk5d1e3v","time":1608753419,"event":{"mods":["AchievementEnabler","Act Like it!","BaseMod","GifTheSpireLib","Hermit","HexUI Lib","Hubris","Minty Spire (QoL Compilation)","Replay The Spire","StSLib"],"gold_per_floor":[110,110,110,124,124,151,151,165,165,165,180,180,180],"floor_reached":12,"playtime":211,"items_purged":[],"score":86,"play_id":"a441c39a-be48-44e4-9b91-c2dfd87819c5","local_time":"20201223205659","is_ascension_mode":true,"campfire_choices":[{"data":"Zap","floor":7,"key":"SMITH"}],"circlet_count":0,"master_deck":["Strike_B","Strike_B","Strike_B","Strike_B","Defend_B","Defend_B","Defend_B","Defend_B","Zap+1","Dualcast","Dramatic Entrance","ReplayTheSpireMod:Calculation Training","Cold Snap","Turbo","Consume","Heatsinks"],"relics":["Cracked Core","GremlinMask","Lizard Tail","Replay:Antivirus Software","Eternal Feather","Letter Opener"],"acts_visited":["Exordium"],"potions_floor_usage":[6],"damage_taken":[{"damage":6,"enemies":"2 Louse","floor":1,"turns":3},{"damage":0,"enemies":"Cultist","floor":4,"turns":4},{"damage":21,"enemies":"Lagavulin","floor":6,"turns":7},{"damage":2,"enemies":"Jaw Worm","floor":8,"turns":3},{"damage":24,"enemies":"Gremlin Gang","floor":11,"turns":3},{"damage":0,"enemies":"3 Sentries","floor":12,"turns":1}],"seed_played":"-2252492104044064572","potions_obtained":[{"floor":4,"key":"Ancient Potion"},{"floor":11,"key":"SpeedPotion"}],"is_trial":false,"path_per_floor":["M","?","?","M","T","E","R","M","T","T","M","E"],"character_chosen":"DEFECT","items_purchased":[],"campfire_rested":0,"item_purchase_floors":[],"current_hp_per_floor":[69,69,69,69,69,48,48,46,46,46,22,22,22],"gold":180,"neow_bonus":"RANDOM_COLORLESS","is_daily":false,"chose_seed":false,"campfire_upgraded":1,"win_rate":0.0,"timestamp":1608753419,"path_taken":["M","?","?","?","?","E","R","?","T","?","M","E"],"items_purchased_type":[],"build_version":"2020-12-22","purchased_purges":0,"victory":false,"max_hp_per_floor":[75,75,75,75,75,75,75,75,75,75,75,75,75],"card_choices":[{"not_picked":["Replay:Bootleg Shield Generator","Forethought"],"picked":"Dramatic Entrance","floor":0},{"not_picked":["Cold Snap","Gash"],"picked":"ReplayTheSpireMod:Calculation Training","floor":1},{"not_picked":["Crystallizer","ReplayGash"],"picked":"Cold Snap","floor":4},{"not_picked":["Blizzard","Go for the Eyes"],"picked":"Turbo","floor":6},{"not_picked":["Leap","Recycle"],"picked":"Consume","floor":8},{"not_picked":["Doom and Gloom","Cold Snap"],"picked":"Heatsinks","floor":11}],"player_experience":193765,"relics_obtained":[{"floor":5,"key":"Lizard Tail"},{"floor":6,"key":"Replay:Antivirus Software"},{"floor":9,"key":"Eternal Feather"},{"floor":10,"key":"Letter Opener"}],"event_choices":[{"damage_healed":0,"gold_gain":0,"player_choice":"Ignored","damage_taken":0,"max_hp_gain":0,"max_hp_loss":0,"event_name":"Liars Game","floor":2,"gold_loss":0},{"damage_healed":0,"gold_gain":0,"player_choice":"Trade","damage_taken":0,"relics_obtained":["GremlinMask"],"max_hp_gain":0,"max_hp_loss":0,"event_name":"FaceTrader","floor":3,"gold_loss":0}],"is_beta":false,"boss_relics":[],"items_purged_floors":[],"is_endless":false,"potions_floor_spawned":[4,11],"killed_by":"3 Sentries","ascension_level":2}}