{"host":"q8tqju4nyh10krg5","time":1608754611,"event":{"mods":["Act Like it!","BaseMod","Gensokyo","Minty Spire (QoL Compilation)","Pale of the Ancients","Slay the Relics Exporter","StSLib","The Vixen","thorton"],"gold_per_floor":[147,147,22,48,48,83,183,246,319,376,376,430,430,132,132,277,277,339,339,371,404,404,463,531,604,604,0,75,75,146,243,243,425,425,494,494,494,494,557,557,643,643,643,292,416,451,274,370,370,464,556,658,758,529,529,601,601,420,420,533,533,533],"floor_reached":60,"playtime":3476,"items_purged":["Pain","thethorton:MidnightStrike+1"],"score":1227,"play_id":"16853e3b-fee6-4d69-b187-9b3b7a59b354","local_time":"20201223211651","is_ascension_mode":false,"campfire_choices":[{"data":"thethorton:Heckle","floor":11,"key":"SMITH"},{"data":"thethorton:BookBash","floor":13,"key":"SMITH"},{"data":"thethorton:CreditCard","floor":15,"key":"SMITH"},{"data":"thethorton:CreditCard+2","floor":32,"key":"SMITH"},{"data":"thethorton:CreditCard+3","floor":40,"key":"SMITH"},{"data":"thethorton:CreditCard+4","floor":42,"key":"SMITH"},{"floor":49,"key":"REST"},{"floor":55,"key":"RECALL"},{"data":"thethorton:CreditCard+5","floor":57,"key":"SMITH"}],"circlet_count":0,"master_deck":["thethorton:Heckle+1","thethorton:CreditCard+6","thethorton:WhirlingBriefcase","thethorton:BookBash+1","thethorton:CoinShield+1","thethorton:CoinClash+1","thethorton:GoldBuffer+1","thethorton:Distance+1","thethorton:LongTermPayoff+1","thethorton:BigBreak+1","thethorton:HitAhead+1","thethorton:GoldBuffer+1","thethorton:PowerUp+1","thethorton:FearfulRun+1","thethorton:HitAhead+1","thethorton:CannonShot+1","TheVixenMod:SynergyBurst+1","thethorton:StampSmack+1","thethorton:SnowDay+1","thethorton:SummonProfit+1","thethorton:BusinessCard+1","thethorton:FearfulRun+1","thethorton:FearfulRun+1","thethorton:CallIn+1","thethorton:MidnightStrike+1","thethorton:ToxicGreed+1","thethorton:ThickSkin+1","thethorton:Hexaghostify+1","thethorton:MomentaryBreak+1","Gensokyo:GreaterSplit+1","Doubt","thethorton:DualBap+1","thethorton:BusinessCard+1","Gensokyo:MenInBlack+1","thethorton:FeelNoBrain+1","thethorton:BusinessCard+1","thethorton:PowerUp+1","thethorton:ChartProject+1","thethorton:PowerUp+1","Sadistic Nature+1"],"relics":["thethorton:CouragePotion","NeowsBlessing","Gensokyo:LunaticRedEyes","Gensokyo:NagashiBinaDoll","War Paint","Toxic Egg 2","Frozen Egg 2","Strawberry","ClockworkSouvenir","Oddly Smooth Stone","Runic Pyramid","TheVixenMod:UmbreonRelic","Gensokyo:MosesMiracle","Blood Vial","Molten Egg 2","Sundial","Pandora\u0027s Box","Nunchaku","Sling","Pantograph","Blue Candle","paleoftheancients:Timepiece","paleoftheancients:KeyRelic","Sozu","CultistMask","Toy Ornithopter","Happy Flower","FossilizedHelix"],"acts_visited":["Gensokyo:Gensokyo","Gensokyo:Gensokyoer","Gensokyo:Gensokyoest","paleoftheancients:PaleOfTheAncients"],"potions_floor_usage":[10,16,45,50,60],"damage_taken":[{"damage":0,"enemies":"Gensokyo:3_Fairies","floor":1,"turns":2},{"damage":0,"enemies":"Gensokyo:2_Kodama","floor":4,"turns":1},{"damage":0,"enemies":"Gensokyo:Mamizou","floor":6,"turns":1},{"damage":28,"enemies":"Gensokyo:Cirno","floor":8,"turns":6},{"damage":3,"enemies":"Gensokyo:Aya","floor":10,"turns":5},{"damage":2,"enemies":"Gensokyo:Gryphon","floor":12,"turns":4},{"damage":38,"enemies":"Gensokyo:Reimu","floor":16,"turns":13},{"damage":3,"enemies":"Gensokyo:3_Dogs","floor":18,"turns":6},{"damage":3,"enemies":"Gensokyo:3_Dogs","floor":20,"turns":6},{"damage":0,"enemies":"Gensokyo:AngelMirror","floor":21,"turns":3},{"damage":8,"enemies":"Gensokyo:Tenshi","floor":23,"turns":3},{"damage":0,"enemies":"Gensokyo:Swordslinger","floor":24,"turns":4},{"damage":5,"enemies":"Gensokyo:3_Gloops","floor":25,"turns":7},{"damage":9,"enemies":"Gensokyo:Slime_Group","floor":28,"turns":5},{"damage":0,"enemies":"Gensokyo:Monolith_and_Dog","floor":30,"turns":5},{"damage":8,"enemies":"Gensokyo:Koishi","floor":31,"turns":8},{"damage":28,"enemies":"Gensokyo:Eiki","floor":33,"turns":8},{"damage":9,"enemies":"Gensokyo:3_Bats","floor":35,"turns":4},{"damage":20,"enemies":"Gensokyo:AncientGuardian","floor":39,"turns":5},{"damage":0,"enemies":"Gensokyo:AtlasGolem","floor":41,"turns":6},{"damage":5,"enemies":"Gensokyo:Kasen","floor":45,"turns":7},{"damage":0,"enemies":"Gensokyo:Sharpion","floor":46,"turns":3},{"damage":2,"enemies":"Gensokyo:Rafflesia","floor":48,"turns":8},{"damage":54,"enemies":"Gensokyo:Scarlet_Devils","floor":50,"turns":11},{"damage":15,"enemies":"Gensokyo:Scarlet_Devils","floor":51,"turns":7},{"damage":28,"enemies":"Gensokyo:Scarlet_Devils","floor":52,"turns":9},{"damage":87,"enemies":"Gensokyo:Scarlet_Devils","floor":56,"turns":9},{"damage":88,"enemies":"paleoftheancients:N","floor":60,"turns":17}],"seed_played":"1047805915378667825","potions_obtained":[{"floor":8,"key":"ColorlessPotion"},{"floor":12,"key":"Energy Potion"},{"floor":21,"key":"PowerPotion"},{"floor":24,"key":"SneckoOil"},{"floor":25,"key":"Energy Potion"},{"floor":30,"key":"Dexterity Potion"},{"floor":45,"key":"ColorlessPotion"}],"is_trial":false,"path_per_floor":["M","?","$","M","?","E","?","E","T","E","R","M","R","$","R","B",null,"M","?","?","M","?","E","M","M","T","?","M","?","M","E","R","B",null,"M","?","?","?","M","R","M","R","T","COS","E","M","$","M","R","B","M","M","?","$","R","M","R","$","?","B"],"character_chosen":"THE_THORT","items_purchased":["thethorton:BookBash","ClockworkSouvenir","Oddly Smooth Stone","thethorton:PowerUp+1","thethorton:PowerUp+1","Happy Flower","Sadistic Nature+1"],"campfire_rested":1,"item_purchase_floors":[3,14,14,47,54,54,58],"current_hp_per_floor":[68,68,68,68,68,68,68,40,40,44,44,42,42,42,42,4,75,72,72,69,69,69,61,63,60,60,60,53,53,55,49,49,23,75,66,66,66,66,48,48,50,50,50,50,51,53,53,57,75,75,70,63,63,63,63,75,75,75,75,0,0,0],"gold":533,"neow_bonus":"THREE_ENEMY_KILL","is_daily":false,"chose_seed":false,"campfire_upgraded":7,"win_rate":0.0,"timestamp":1608754611,"path_taken":["M","?","$","M","?","E","?","E","T","E","R","M","R","?","R","BOSS","M","?","?","M","?","E","M","?","T","?","M","?","M","E","R","BOSS","M","?","?","?","M","R","M","R","T","COS","E","M","$","M","R","BOSS","M","M","?","$","R","M","R","$","?","BOSS"],"items_purchased_type":["Card","Relic","Relic","Card","Card","Relic","Card"],"build_version":"2020-12-22","purchased_purges":2,"victory":false,"max_hp_per_floor":[68,68,68,68,68,68,68,68,68,75,75,75,75,75,75,75,75,75,75,75,75,75,75,75,75,75,75,75,75,75,75,75,75,75,75,75,75,75,75,75,75,75,75,75,75,75,75,75,75,75,75,75,75,75,75,75,75,75,75,75,75,75],"card_choices":[{"not_picked":["thethorton:Distance","thethorton:DownPayment"],"picked":"thethorton:WhirlingBriefcase","floor":1},{"not_picked":["thethorton:HitAhead","thethorton:LongTermPayoff"],"picked":"thethorton:CoinShield","floor":4},{"not_picked":["thethorton:ElbowSmash","thethorton:StumblingSlap"],"picked":"thethorton:CoinClash","floor":6},{"not_picked":["thethorton:Hexaghostify+1","thethorton:StumblingSlap"],"picked":"thethorton:GoldBuffer+1","floor":8},{"not_picked":["thethorton:WhirlingBriefcase","thethorton:AngerMoment"],"picked":"thethorton:Distance+1","floor":10},{"not_picked":["thethorton:TakeAccounts","thethorton:LongTermPayoff+1","thethorton:LongDaysWork"],"picked":"SKIP","floor":12},{"not_picked":["thethorton:TakeAccounts","thethorton:LongDaysWork"],"picked":"thethorton:LongTermPayoff+1","floor":12},{"not_picked":["thethorton:Fish+1","thethorton:CrashingStocks"],"picked":"thethorton:BigBreak+1","floor":16},{"not_picked":["thethorton:PocketChange","thethorton:Distance+1"],"picked":"thethorton:HitAhead","floor":18},{"not_picked":["thethorton:BoardroomBlast","thethorton:LongDaysWork"],"picked":"thethorton:GoldBuffer+1","floor":21},{"not_picked":["thethorton:SicklyRun+1","thethorton:CoinShield+1"],"picked":"thethorton:PowerUp+1","floor":23},{"not_picked":["thethorton:BusinessCard+1","thethorton:DoubleRun+1"],"picked":"thethorton:FearfulRun+1","floor":24},{"not_picked":["thethorton:OddChange+1","thethorton:PocketChange"],"picked":"thethorton:HitAhead+1","floor":25},{"not_picked":["thethorton:PowerUp+1","thethorton:FeelNoBrain+1"],"picked":"thethorton:CannonShot+1","floor":28},{"not_picked":["thethorton:CannonShot+1","thethorton:LongTermPayoff+1"],"picked":"thethorton:StampSmack+1","floor":30},{"not_picked":["thethorton:CoffeeBlast+1","thethorton:GemGun+1"],"picked":"thethorton:SnowDay+1","floor":31},{"not_picked":["thethorton:Fortune+1","thethorton:CowardiceForm+1"],"picked":"thethorton:SummonProfit+1","floor":33},{"not_picked":["thethorton:BusinessBurst+1","thethorton:ShoutAndRun+1"],"picked":"thethorton:MomentaryBreak+1","floor":35},{"not_picked":["thethorton:SheetShred+1","thethorton:CallIn+1"],"picked":"thethorton:DualBap+1","floor":39},{"not_picked":["thethorton:SicklyRun+1","thethorton:RunningKick+1"],"picked":"thethorton:BusinessCard+1","floor":41},{"not_picked":["thethorton:CoinClash+1","thethorton:BusinessBoom+1"],"picked":"thethorton:FeelNoBrain+1","floor":45},{"not_picked":["thethorton:RunningKick+1","thethorton:LastDitchEffort+1"],"picked":"thethorton:BusinessCard+1","floor":46},{"not_picked":["thethorton:RichRun+1","thethorton:BookBash+1"],"picked":"thethorton:ChartProject+1","floor":48},{"not_picked":["thethorton:AngerMoment+1","thethorton:SellShort+1","thethorton:WhirlingBriefcase+1"],"picked":"SKIP","floor":51},{"not_picked":["thethorton:BookBash+1","thethorton:BusinessBoom+1","thethorton:CashBash+1"],"picked":"SKIP","floor":52}],"player_experience":553894,"relics_obtained":[{"floor":6,"key":"War Paint"},{"floor":8,"key":"Toxic Egg 2"},{"floor":9,"key":"Frozen Egg 2"},{"floor":10,"key":"Strawberry"},{"floor":23,"key":"Blood Vial"},{"floor":25,"key":"Gensokyo:MosesMiracle"},{"floor":26,"key":"Molten Egg 2"},{"floor":31,"key":"Sundial"},{"floor":43,"key":"Nunchaku"},{"floor":45,"key":"Pantograph"}],"event_choices":[{"damage_healed":0,"gold_gain":0,"player_choice":"Fight the Beast\u0027s assailants","damage_taken":0,"relics_obtained":["TheVixenMod:UmbreonRelic"],"max_hp_gain":0,"max_hp_loss":0,"event_name":"Creature of the Night","floor":20,"gold_loss":0},{"damage_healed":0,"gold_gain":100,"player_choice":"Pray","damage_taken":0,"max_hp_gain":0,"max_hp_loss":0,"event_name":"Golden Shrine","floor":53,"gold_loss":0}],"is_beta":false,"boss_relics":[{"not_picked":["Snecko Eye","Ectoplasm"],"picked":"Runic Pyramid"},{"not_picked":["Coffee Dripper","Calling Bell"],"picked":"Pandora\u0027s Box"}],"items_purged_floors":[3,47],"is_endless":false,"potions_floor_spawned":[8,12,21,24,25,30,31,35,39,45],"killed_by":"paleoftheancients:N","ascension_level":0}}