{"host":"bb5oo3s6gg5uuab7","time":1608710252,"event":{"mods":["Act Like it!","BaseMod","Better Note","Better Skull","Better Third Choice","Displayed Cursed Tome","Downfall","Friendly Minions","GifTheSpireLib","Marisa????????","Minty Spire (QoL Compilation)","Replay The Spire","StSLib","The Disciple","The Marked","The Servant 0.9.4","Trackpad"],"gold_per_floor":[109,121,121,131,142,142,92,17,43,74,85,85,260,64,64,64,64],"floor_reached":16,"playtime":910,"items_purged":["Burn","Doubt"],"score":100,"play_id":"7f6105ce-9e28-4f16-921c-dbbccf7d3561","local_time":"20201223175732","is_ascension_mode":false,"campfire_choices":[{"floor":15,"key":"REST"}],"circlet_count":0,"master_deck":["theMarked:Strike","theMarked:Strike","theMarked:Strike","theMarked:Strike","theMarked:Strike","theMarked:Defend","theMarked:Defend","theMarked:Defend","theMarked:Defend","theMarked:SoldierOfQuellstein","theMarked:EmpowerWeapon","theMarked:TakeOffHeels"],"relics":["theMarked:ArtifactOfAir","NeowsBlessing","Art of War","trackpad:Compendium","Membership Card"],"acts_visited":["Exordium"],"potions_floor_usage":[16],"damage_taken":[{"damage":0,"enemies":"Cultist","floor":1,"turns":1},{"damage":0,"enemies":"Small Slimes","floor":2,"turns":1},{"damage":0,"enemies":"Jaw Worm","floor":4,"turns":1},{"damage":17,"enemies":"Large Slime","floor":5,"turns":6},{"damage":24,"enemies":"3 Sentries","floor":10,"turns":10},{"damage":2,"enemies":"2 Fungi Beasts","floor":11,"turns":3},{"damage":49,"enemies":"Slime Boss","floor":16,"turns":7}],"seed_played":"-277750683818644799","potions_obtained":[{"floor":11,"key":"Elixir"}],"is_trial":false,"path_per_floor":["M","M","?","M","M","?","?","$","T","E","M","$","?","$","R","B"],"character_chosen":"THE_DEFAULT","items_purchased":["Membership Card"],"campfire_rested":1,"item_purchase_floors":[14],"current_hp_per_floor":[70,70,70,70,53,53,53,53,53,29,27,27,27,27,48,0,0],"gold":64,"neow_bonus":"THREE_ENEMY_KILL","is_daily":false,"chose_seed":false,"campfire_upgraded":0,"win_rate":0.0,"timestamp":1608710252,"path_taken":["M","?","?","M","?","?","?","$","T","E","M","?","?","$","R","BOSS"],"items_purchased_type":["Relic"],"build_version":"2020-12-22","purchased_purges":2,"victory":false,"max_hp_per_floor":[70,70,70,70,70,70,70,70,70,70,70,70,70,70,70,70,70],"card_choices":[{"not_picked":["theMarked:RepellingDischarge","theMarked:ChainLightning"],"picked":"theMarked:EmpowerWeapon","floor":1},{"not_picked":["theMarked:EmpowerWeapon","theMarked:HeightenedSenses","theMarked:TunnelVision"],"picked":"SKIP","floor":2},{"not_picked":["theMarked:RepellingDischarge","theMarked:Improvise","theMarked:GodGivenPower"],"picked":"SKIP","floor":4},{"not_picked":["theMarked:ElectricStrings","theMarked:TakeCover","theMarked:SwordAndMagic"],"picked":"SKIP","floor":5},{"not_picked":["theMarked:HeightenedSenses","theMarked:Frustration","theMarked:ResourceFulStrike"],"picked":"SKIP","floor":10},{"not_picked":["theMarked:Convert","theMarked:Static"],"picked":"theMarked:TakeOffHeels","floor":11}],"player_experience":734966,"relics_obtained":[{"floor":9,"key":"Art of War"},{"floor":10,"key":"trackpad:Compendium"}],"event_choices":[{"damage_healed":0,"gold_gain":0,"player_choice":"Cursed","damage_taken":0,"max_hp_gain":0,"max_hp_loss":0,"event_name":"Wheel of Change","floor":3,"gold_loss":0,"cards_obtained":["Decay"]},{"damage_healed":53,"gold_gain":0,"player_choice":"Embrace Burn","damage_taken":0,"max_hp_gain":0,"max_hp_loss":70,"event_name":"betterThird:BetterShining","floor":6,"gold_loss":0},{"cards_removed":["Decay"],"damage_healed":0,"gold_gain":0,"player_choice":"Card Removal","damage_taken":0,"max_hp_gain":0,"max_hp_loss":0,"event_name":"The Cleric","floor":7,"gold_loss":50},{"damage_healed":0,"gold_gain":175,"player_choice":"AGREE","damage_taken":85,"max_hp_gain":0,"max_hp_loss":0,"event_name":"betterThird:BetterSerpent","floor":13,"gold_loss":0}],"is_beta":false,"boss_relics":[],"items_purged_floors":[8,14],"is_endless":false,"potions_floor_spawned":[11],"killed_by":"Slime Boss","ascension_level":0}}