{"host":"wg33yb1rgt3nbe17","time":1608704315,"event":{"mods":["AchievementEnabler","BaseMod","Colored Map","Minty Spire (QoL Compilation)","Permanent Neow","Relic Stats","StSLib"],"gold_per_floor":[211,231,179,195,370,400,400,400,400,411,430,430,6,6,6,101,101,101,101],"floor_reached":18,"playtime":405,"items_purged":[],"score":224,"play_id":"82074331-023e-421a-a774-163dd5117add","local_time":"20201223011835","is_ascension_mode":true,"campfire_choices":[{"floor":7.0,"key":"REST"},{"data":"Deadly Poison","floor":12.0,"key":"SMITH"},{"floor":15.0,"key":"REST"}],"circlet_count":0,"master_deck":["Survivor","Neutralize","Predator","Terror","Blade Dance+1","Acrobatics","Doubt","Footwork","Regret","Deadly Poison+1","Dagger Throw","Venomology+1","Bullet Time+1","Caltrops","Dash","Outmaneuver+1","Dodge and Roll+1","Deflect+1","Catalyst+1","Concentrate+1","Distraction+1","Venomology+1","Dodge and Roll+1"],"relics":["Ring of the Snake","Question Card","Potion Belt","Centennial Puzzle","Toxic Egg 2","Pandora\u0027s Box"],"acts_visited":["Exordium","TheCity"],"potions_floor_usage":[16,16,16],"damage_taken":[{"damage":1.0,"enemies":"Cultist","floor":1.0,"turns":4.0},{"damage":0.0,"enemies":"2 Louse","floor":2.0,"turns":2.0},{"damage":10.0,"enemies":"Small Slimes","floor":4.0,"turns":2.0},{"damage":28.0,"enemies":"Gremlin Nob","floor":6.0,"turns":4.0},{"damage":10.0,"enemies":"Red Slaver","floor":10.0,"turns":4.0},{"damage":11.0,"enemies":"Looter","floor":11.0,"turns":3.0},{"damage":23,"enemies":"Slime Boss","floor":16,"turns":7},{"damage":0,"enemies":"Shell Parasite","floor":18,"turns":1}],"seed_played":"-7490489480184800509","potions_obtained":[{"floor":1.0,"key":"SpeedPotion"},{"floor":4.0,"key":"GamblersBrew"},{"floor":10.0,"key":"DistilledChaos"},{"floor":11.0,"key":"Explosive Potion"}],"is_trial":false,"path_per_floor":["M","M","$","M","?","E","R","?","T","M","M","R","$","?","R","B",null,"M"],"character_chosen":"THE_SILENT","items_purchased":["Blade Dance","Toxic Egg 2","Venomology+1"],"campfire_rested":2,"item_purchase_floors":[3,13,13],"current_hp_per_floor":[62,62,62,52,52,24,45,45,45,35,24,24,24,24,45,22,58,58,58],"gold":101,"neow_bonus":"HUNDRED_GOLD","is_daily":false,"chose_seed":false,"campfire_upgraded":1,"win_rate":0.0,"timestamp":1608704315,"path_taken":["M","M","$","?","?","E","R","?","T","M","M","R","$","?","R","BOSS","M"],"items_purchased_type":["Card","Relic","Card"],"build_version":"2020-12-22","purchased_purges":0,"victory":false,"max_hp_per_floor":[70,70,70,70,70,70,70,70,70,70,70,70,70,70,70,70,70,70,70],"relic_stats":{"Centennial Puzzle":[9],"counters":[8,27],"Pandora\u0027s Box":["Caltrops","Dash","Outmaneuver","Dodge and Roll","Deflect","Catalyst","Concentrate","Distraction","Venomology","Dodge and Roll"],"Question Card":3,"obtain_stats":[{"Potion Belt":8,"Centennial Puzzle":9,"Pandora\u0027s Box":17,"Toxic Egg 2":13,"Question Card":6,"Ring of the Snake":0},{"Potion Belt":4,"Centennial Puzzle":4,"Pandora\u0027s Box":7,"Toxic Egg 2":6,"Question Card":4,"Ring of the Snake":0},{"Potion Belt":12,"Centennial Puzzle":12,"Pandora\u0027s Box":26,"Toxic Egg 2":19,"Question Card":12,"Ring of the Snake":0}],"Ring of the Snake":[16]},"card_choices":[{"not_picked":["Choke","Masterful Stab"],"picked":"Predator","floor":1.0},{"not_picked":["Flying Knee","Underhanded Strike"],"picked":"Terror","floor":2.0},{"not_picked":["Deflect","Skewer"],"picked":"Acrobatics","floor":4.0},{"not_picked":["Backstab","Dagger Spray"],"picked":"Footwork","floor":6.0},{"not_picked":["Underhanded Strike","Terror","Skewer"],"picked":"Deadly Poison","floor":10.0},{"not_picked":["Outmaneuver","Dodge and Roll","Underhanded Strike"],"picked":"Dagger Throw","floor":11.0},{"not_picked":["A Thousand Cuts","Corpse Explosion+1","Wraith Form v2"],"picked":"Bullet Time+1","floor":16}],"player_experience":537238,"relics_obtained":[{"floor":6.0,"key":"Question Card"},{"floor":9.0,"key":"Centennial Puzzle"}],"event_choices":[{"damage_healed":0.0,"max_hp_gain":0.0,"max_hp_loss":0.0,"gold_gain":175.0,"event_name":"Liars Game","player_choice":"AGREE","floor":5.0,"gold_loss":0.0,"damage_taken":0.0,"cards_obtained":["Doubt"]},{"damage_healed":0.0,"max_hp_gain":0.0,"max_hp_loss":0.0,"gold_gain":0.0,"event_name":"Big Fish","player_choice":"Box","floor":8.0,"gold_loss":0.0,"damage_taken":0.0,"relics_obtained":["Potion Belt"],"cards_obtained":["Regret"]},{"damage_healed":0.0,"max_hp_gain":0.0,"max_hp_loss":0.0,"gold_gain":0.0,"event_name":"Accursed Blacksmith","player_choice":"Forge","floor":14.0,"gold_loss":0.0,"damage_taken":0.0,"cards_upgraded":["Blade Dance"]}],"is_beta":false,"boss_relics":[{"not_picked":["Astrolabe","Snecko Eye"],"picked":"Pandora\u0027s Box"}],"items_purged_floors":[],"is_endless":false,"potions_floor_spawned":[1,4,10,11],"killed_by":"Shell Parasite","ascension_level":8}}