{"host":"bq4pt811tk9yrmjl","time":1608735475,"event":{"mods":["AchievementEnabler","BaseMod","Colored Map","Colored Powertips","Defuse TimeMaze Blight","Minty Spire (QoL Compilation)","StSLib","SuperFastMode","UnlockEverythingMod"],"gold_per_floor":[113,113,130,130,140,140,172,191,191,210,210,230,230,253,253,378,378,401,401,401,401,419,462,483,483,483,501,501,501,501,166,166,266,266,282,63,63,0,10,10,40,54,54,65,65,65,65],"floor_reached":46,"playtime":1098,"items_purged":["Impatience"],"score":494,"play_id":"dfb62827-97ea-4e20-8891-3f23ebd550d7","local_time":"20201223125755","is_ascension_mode":true,"campfire_choices":[{"data":"Noxious Fumes","floor":6,"key":"SMITH"},{"floor":15,"key":"REST"},{"floor":25,"key":"REST"},{"floor":28,"key":"REST"},{"data":"Footwork","floor":32,"key":"SMITH"},{"floor":40,"key":"RECALL"}],"circlet_count":0,"master_deck":["Strike_G","Strike_G","Strike_G","Defend_G","Defend_G","Defend_G","Defend_G","Defend_G","Survivor","Neutralize+1","Deflect","Noxious Fumes+1","Blade Dance","PiercingWail","Cloak And Dagger","Escape Plan","Blade Dance","Die Die Die","Bane","Footwork+1","Flying Knee+1","Infinite Blades+1","Backflip+1"],"relics":["Ring of the Snake","NeowsBlessing","Pen Nib","Juzu Bracelet","Bloody Idol","Empty Cage","MutagenicStrength","Ninja Scroll","Letter Opener","Busted Crown","PreservedInsect","Red Mask","Incense Burner","Blood Vial"],"acts_visited":["Exordium","TheCity","TheBeyond"],"potions_floor_usage":[7,12,22,22,23,33,41,46],"damage_taken":[{"damage":0,"enemies":"Jaw Worm","floor":1,"turns":1},{"damage":0,"enemies":"Cultist","floor":3,"turns":1},{"damage":0,"enemies":"2 Louse","floor":5,"turns":1},{"damage":29,"enemies":"Gremlin Nob","floor":7,"turns":5},{"damage":1,"enemies":"Exordium Thugs","floor":8,"turns":5},{"damage":5,"enemies":"2 Fungi Beasts","floor":10,"turns":4},{"damage":0,"enemies":"3 Louse","floor":12,"turns":4},{"damage":16,"enemies":"Exordium Thugs","floor":14,"turns":5},{"damage":29,"enemies":"The Guardian","floor":16,"turns":12},{"damage":2,"enemies":"Chosen","floor":18,"turns":5},{"damage":1,"enemies":"Spheric Guardian","floor":22,"turns":4},{"damage":26,"enemies":"Slavers","floor":23,"turns":5},{"damage":27,"enemies":"Chosen and Byrds","floor":24,"turns":8},{"damage":3,"enemies":"Cultist and Chosen","floor":27,"turns":5},{"damage":34,"enemies":"Collector","floor":33,"turns":13},{"damage":0,"enemies":"3 Darklings","floor":35,"turns":4},{"damage":0,"enemies":"Orb Walker","floor":39,"turns":4},{"damage":33,"enemies":"Nemesis","floor":41,"turns":5},{"damage":6,"enemies":"4 Shapes","floor":42,"turns":6},{"damage":35,"enemies":"Jaw Worm Horde","floor":44,"turns":4},{"damage":13,"enemies":"Writhing Mass","floor":46,"turns":7}],"seed_played":"4058721249380119678","potions_obtained":[{"floor":1,"key":"SneckoOil"},{"floor":5,"key":"Weak Potion"},{"floor":7,"key":"LiquidBronze"},{"floor":16,"key":"ColorlessPotion"},{"floor":18,"key":"ColorlessPotion"},{"floor":22,"key":"Explosive Potion"},{"floor":24,"key":"LiquidMemories"},{"floor":33,"key":"Poison Potion"},{"floor":35,"key":"ColorlessPotion"},{"floor":39,"key":"SpeedPotion"},{"floor":42,"key":"Dexterity Potion"}],"is_trial":false,"path_per_floor":["M","?","M","?","M","R","E","M","T","M","$","M","?","M","R","B",null,"M","?","?","?","M","E","M","R","T","M","R","?","?","$","R","B",null,"M","$","?","?","M","R","E","M","T","M","?","M"],"character_chosen":"THE_SILENT","items_purchased":["Letter Opener","PreservedInsect","Infinite Blades"],"campfire_rested":3,"item_purchase_floors":[31,36,36],"current_hp_per_floor":[70,70,70,70,70,70,41,40,40,35,35,35,35,19,38,9,65,63,63,63,63,62,36,9,28,28,25,44,44,44,44,44,15,65,65,65,65,65,65,65,37,36,36,8,8,0,0],"gold":65,"neow_bonus":"THREE_ENEMY_KILL","is_daily":false,"chose_seed":false,"campfire_upgraded":2,"win_rate":0.0,"timestamp":1608735475,"path_taken":["M","?","?","?","M","R","E","M","T","M","?","M","?","M","R","BOSS","M","?","?","?","M","E","M","R","T","M","R","?","?","?","R","BOSS","M","$","?","?","M","R","E","M","T","M","?","M"],"items_purchased_type":["Relic","Relic","Card"],"build_version":"2020-12-22","purchased_purges":1,"victory":false,"max_hp_per_floor":[70,70,70,70,70,70,70,70,70,70,70,70,65,65,65,65,65,65,65,65,65,65,65,65,65,65,65,65,65,65,65,65,65,65,65,65,65,65,65,65,65,65,65,65,65,65,65],"card_choices":[{"not_picked":["Bane","Tactician"],"picked":"Deflect","floor":1},{"not_picked":["Dodge and Roll","Eviscerate"],"picked":"Noxious Fumes","floor":3},{"not_picked":["Quick Slash","Prepared","Well Laid Plans"],"picked":"SKIP","floor":5},{"not_picked":["Underhanded Strike","Deflect"],"picked":"Blade Dance","floor":7},{"not_picked":["Backflip","Deadly Poison"],"picked":"PiercingWail","floor":8},{"not_picked":["Acrobatics","Prepared"],"picked":"Cloak And Dagger","floor":10},{"not_picked":["Reflex","Expertise"],"picked":"Escape Plan","floor":12},{"not_picked":["Noxious Fumes","Poisoned Stab"],"picked":"Blade Dance","floor":14},{"not_picked":["Night Terror","Phantasmal Killer"],"picked":"Die Die Die","floor":16},{"not_picked":["Flying Knee","Finisher"],"picked":"Bane","floor":18},{"not_picked":["Deflect","Quick Slash","Distraction"],"picked":"SKIP","floor":22},{"not_picked":["Acrobatics","Quick Slash"],"picked":"Footwork","floor":23},{"not_picked":["Dodge and Roll","Predator","Poisoned Stab"],"picked":"SKIP","floor":24},{"not_picked":["Sucker Punch","Dodge and Roll"],"picked":"Flying Knee+1","floor":27},{"not_picked":["Finisher+1"],"picked":"SKIP","floor":35},{"not_picked":["Dagger Throw"],"picked":"SKIP","floor":39},{"not_picked":[],"picked":"Infinite Blades+1","floor":41},{"not_picked":[],"picked":"Backflip+1","floor":42},{"not_picked":["Flechettes"],"picked":"SKIP","floor":44}],"player_experience":104651,"relics_obtained":[{"floor":7,"key":"Pen Nib"},{"floor":9,"key":"Juzu Bracelet"},{"floor":23,"key":"Ninja Scroll"},{"floor":41,"key":"Incense Burner"},{"floor":43,"key":"Blood Vial"}],"event_choices":[{"damage_healed":0,"gold_gain":0,"player_choice":"Forge","damage_taken":0,"max_hp_gain":0,"max_hp_loss":0,"event_name":"Accursed Blacksmith","floor":2,"gold_loss":0,"cards_upgraded":["Neutralize"]},{"damage_healed":0,"gold_gain":0,"player_choice":"1 cards matched","damage_taken":0,"max_hp_gain":0,"max_hp_loss":0,"event_name":"Match and Keep!","floor":4,"gold_loss":0,"cards_obtained":["Impatience"]},{"damage_healed":0,"gold_gain":0,"player_choice":"Lose Max HP","damage_taken":0,"relics_obtained":["Golden Idol"],"max_hp_gain":0,"max_hp_loss":5,"event_name":"Golden Idol","floor":13,"gold_loss":0},{"damage_healed":0,"gold_gain":0,"player_choice":"Ignored","damage_taken":0,"max_hp_gain":0,"max_hp_loss":0,"event_name":"Beggar","floor":19,"gold_loss":0},{"damage_healed":0,"gold_gain":0,"player_choice":"Ignored","damage_taken":0,"max_hp_gain":0,"max_hp_loss":0,"event_name":"Vampires","floor":20,"gold_loss":0},{"damage_healed":0,"gold_gain":0,"player_choice":"Inject Mutagens","damage_taken":0,"relics_obtained":["MutagenicStrength"],"max_hp_gain":0,"max_hp_loss":0,"event_name":"Drug Dealer","floor":21,"gold_loss":0},{"damage_healed":0,"gold_gain":0,"player_choice":"Ignored","damage_taken":0,"max_hp_gain":0,"max_hp_loss":0,"event_name":"Ghosts","floor":29,"gold_loss":0},{"damage_healed":0,"gold_gain":0,"player_choice":"Gave Idol","damage_taken":0,"relics_obtained":["Bloody Idol"],"max_hp_gain":0,"max_hp_loss":0,"event_name":"Forgotten Altar","floor":30,"relics_lost":["Golden Idol"],"gold_loss":0},{"cards_removed":["Infinite Blades"],"damage_healed":0,"gold_gain":0,"player_choice":"Removed Power","damage_taken":0,"max_hp_gain":0,"max_hp_loss":0,"event_name":"Falling","floor":37,"gold_loss":0},{"damage_healed":0,"gold_gain":0,"player_choice":"Paid","damage_taken":0,"relics_obtained":["Red Mask"],"max_hp_gain":0,"max_hp_loss":0,"event_name":"Tomb of Lord Red Mask","floor":38,"gold_loss":63},{"damage_healed":0,"gold_gain":0,"player_choice":"0 cards matched","damage_taken":0,"max_hp_gain":0,"max_hp_loss":0,"event_name":"Match and Keep!","floor":45,"gold_loss":0,"cards_obtained":[]}],"is_beta":false,"boss_relics":[{"not_picked":["Ectoplasm","SacredBark"],"picked":"Empty Cage"},{"not_picked":["HoveringKite","Fusion Hammer"],"picked":"Busted Crown"}],"items_purged_floors":[31],"is_endless":false,"potions_floor_spawned":[1,5,7,16,18,22,24,33,35,39,42],"killed_by":"Writhing Mass","ascension_level":1}}