{"host":"mqhvlr3kpxebko0t","time":1608685891,"event":{"mods":["AchievementEnabler","BaseMod","Colored Map","Colored Powertips","Keyboard Shortcuts","Minty Spire (QoL Compilation)","StSLib","SuperFastMode"],"gold_per_floor":[119,44,62,13,13,42,42,70,70,70,145,145,160,174,174,174,174],"floor_reached":16,"playtime":133,"items_purged":["Strike_B"],"score":233,"play_id":"8cf33a0d-9051-42e8-8ba3-046dc1f42291","local_time":"20201223101131","is_ascension_mode":true,"campfire_choices":[{"data":"Zap","floor":7,"key":"SMITH"},{"data":"Darkness","floor":15,"key":"SMITH"}],"circlet_count":0,"master_deck":["AscendersBane","Strike_B","Strike_B","Defend_B","Defend_B","Defend_B","Defend_B","Zap+1","Dualcast","Cold Snap","Coolheaded","Cold Snap","Darkness+1","Capacitor"],"relics":["Cracked Core","NeowsBlessing","Letter Opener","Juzu Bracelet","Lantern","Golden Idol"],"acts_visited":["Exordium"],"potions_floor_usage":[16],"damage_taken":[{"damage":0,"enemies":"Cultist","floor":1,"turns":1},{"damage":0,"enemies":"Small Slimes","floor":3,"turns":1},{"damage":0,"enemies":"3 Sentries","floor":6,"turns":1},{"damage":35,"enemies":"Gremlin Nob","floor":8,"turns":5},{"damage":0,"enemies":"2 Louse","floor":13,"turns":2},{"damage":4,"enemies":"Looter","floor":14,"turns":3},{"damage":27,"enemies":"Slime Boss","floor":16,"turns":3}],"seed_played":"3373229792256923212","potions_obtained":[{"floor":8,"key":"Regen Potion"}],"is_trial":false,"path_per_floor":["M","$","M","$","?","E","R","E","T","?","?","?","M","M","R","B"],"character_chosen":"DEFECT","items_purchased":["Coolheaded"],"campfire_rested":0,"item_purchase_floors":[4],"current_hp_per_floor":[64,64,64,64,64,64,64,29,29,29,18,18,18,14,14,0,0],"gold":174,"neow_bonus":"THREE_ENEMY_KILL","is_daily":false,"chose_seed":false,"campfire_upgraded":2,"win_rate":0.0,"timestamp":1608685891,"path_taken":["M","$","M","?","?","E","R","E","T","?","?","?","M","M","R","BOSS"],"items_purchased_type":["Card"],"build_version":"2020-12-13","purchased_purges":1,"victory":false,"max_hp_per_floor":[71,71,71,71,71,71,71,71,71,71,71,64,64,64,64,64,64],"card_choices":[{"not_picked":["Redo","Loop","Rebound"],"picked":"SKIP","floor":1},{"not_picked":["Hologram","Ball Lightning"],"picked":"Cold Snap","floor":3},{"not_picked":["Rebound","Gash","Reprogram"],"picked":"SKIP","floor":6},{"not_picked":["Turbo","Auto Shields"],"picked":"Cold Snap","floor":8},{"not_picked":["Lockon","Compile Driver"],"picked":"Darkness","floor":13},{"not_picked":["Fission","Sweeping Beam"],"picked":"Capacitor","floor":14}],"player_experience":678157,"relics_obtained":[{"floor":6,"key":"Letter Opener"},{"floor":8,"key":"Juzu Bracelet"},{"floor":9,"key":"Lantern"}],"event_choices":[{"cards_removed":["Strike_B"],"damage_healed":0,"gold_gain":0,"player_choice":"Purged","damage_taken":0,"max_hp_gain":0,"max_hp_loss":0,"event_name":"Purifier","floor":5,"gold_loss":0},{"damage_healed":0,"gold_gain":0,"player_choice":"Ignored","damage_taken":0,"max_hp_gain":0,"max_hp_loss":0,"event_name":"Liars Game","floor":10,"gold_loss":0},{"damage_healed":0,"gold_gain":75,"player_choice":"Gather Gold","damage_taken":11,"max_hp_gain":0,"max_hp_loss":0,"event_name":"World of Goop","floor":11,"gold_loss":0},{"damage_healed":0,"gold_gain":0,"player_choice":"Lose Max HP","damage_taken":0,"relics_obtained":["Golden Idol"],"max_hp_gain":0,"max_hp_loss":7,"event_name":"Golden Idol","floor":12,"gold_loss":0}],"is_beta":false,"boss_relics":[],"items_purged_floors":[2],"is_endless":false,"potions_floor_spawned":[8],"killed_by":"Slime Boss","ascension_level":15}}