{"host":"hfvpa4llnnjpeawn","time":1608760464,"event":{"mods":["2.2 Compatiblity","AchievementEnabler","Act Like it!","Aspiration","Bard","BaseMod","Beaked The Cultist","Better Sensory Stone","Better Skull","Better Third Choice","BetterRewards","CapriCore","Conspire","Downfall","Elementarium","Energized Spire","Hubris","Infinite Spire","Jorbs\u0027s Wanderer Trilogy","Minty Spire (QoL Compilation)","Replay The Spire","Shade Mod","Spicy Shops","StSLib","The Bladedancer","The Factory","The Gatherer","The Jungle","Waifu the Spire","Wandering Minibosses"],"gold_per_floor":[112,124,138,157,157,192,206,248,271,271,300,324,84,110,110,215,215,241,270,279,288,317,317,10,10,10,19,42,108,45,45,45,158,158,186,186,210,210,45,89,89,98,98,116,116,116,116],"floor_reached":46,"playtime":4458,"items_purged":["Pride"],"score":688,"play_id":"9956bd46-90be-431e-b629-f980e6b73a44","local_time":"20201223165424","is_ascension_mode":true,"campfire_choices":[{"floor":10,"key":"REST"},{"floor":15,"key":"REST"},{"data":"infinitespire:Oblivion","floor":23,"key":"SMITH"},{"floor":25,"key":"REST"},{"floor":32,"key":"RECALL"},{"floor":45,"key":"REST"}],"circlet_count":0,"master_deck":["Strike_B","Strike_B","Strike_B","Strike_B","Defend_B","Defend_B","Defend_B","Defend_B","Zap","Dualcast","Go for the Eyes","Loop","Streamline","Barrage","BootSequence","Doom and Gloom","Sweeping Beam","hubris:PowerSurge","BasicCrystalCard","Barrage+1","Turbo","ReplayTheSpireMod:Calculation Training","infinitespire:Oblivion+1","Capacitor","Multi-Cast","hubris:PowerSurge+1","ReplayTheSpireMod:Calculation Training+1","Rebound","Biased Cognition","FIFO Queue","Buffer","Stack","Heatsinks+1","Writhe","AscendersBane","Consume"],"relics":["Cracked Core","Raider\u0027s Mask","NlothsMask","Replay:Baseball","CeramicFish","Symbiotic Virus","ChewingGum","aspiration:EnhancedActuators","Runic Capacitor","Bag of Preparation","ReplayTheSpireMod:Shallot","energizedSpire:NeverEndingSparkler","Akabeko","aspiration:ChemicalBlood"],"acts_visited":["Exordium","TheCity","TheBeyond"],"potions_floor_usage":[6,6,7,16,19,19,33,33,35,37,46],"damage_taken":[{"damage":11,"enemies":"infinitespire:Voidling","floor":1,"turns":4},{"damage":0,"enemies":"2 Louse","floor":2,"turns":2},{"damage":1,"enemies":"Cultist","floor":3,"turns":3},{"damage":6,"enemies":"2 Fungi Beasts","floor":4,"turns":3},{"damage":21,"enemies":"Lagavulin","floor":6,"turns":4},{"damage":3,"enemies":"Gremlin Gang","floor":7,"turns":3},{"damage":28,"enemies":"3 Sentries","floor":8,"turns":5},{"damage":2,"enemies":"Looter","floor":11,"turns":3},{"damage":6,"enemies":"Lots of Slimes","floor":12,"turns":3},{"damage":0,"enemies":"conspire:2 RoseBushes","floor":14,"turns":2},{"damage":33,"enemies":"Fading Forest","floor":16,"turns":11},{"damage":7,"enemies":"2 Thieves","floor":18,"turns":3},{"damage":0,"enemies":"3 Byrds","floor":19,"turns":3},{"damage":24,"enemies":"Shelled Parasite and Fungi","floor":22,"turns":4},{"damage":0,"enemies":"Snake Plant","floor":28,"turns":2},{"damage":16,"enemies":"hubris:MusketHawk","floor":33,"turns":4},{"damage":6,"enemies":"3 Darklings","floor":35,"turns":3},{"damage":0,"enemies":"Orb Walker","floor":37,"turns":2},{"damage":46,"enemies":"Nemesis","floor":40,"turns":4},{"damage":83,"enemies":"Transient","floor":46,"turns":5}],"seed_played":"5605470225599826115","potions_obtained":[{"floor":3,"key":"Strength Potion"},{"floor":4,"key":"Swift Potion"},{"floor":6,"key":"LiquidMemories"},{"floor":11,"key":"SteroidPotion"},{"floor":14,"key":"SpeedPotion"},{"floor":16,"key":"BlessingOfTheForge"},{"floor":28,"key":"hexamod:EctoCoolerPotion"},{"floor":29,"key":"SteroidPotion"},{"floor":33,"key":"SteroidPotion"},{"floor":35,"key":"sneckomod:MuddlingPotion"}],"is_trial":false,"path_per_floor":["M","M","M","M","?","E","M","E","T","R","M","M","$","M","R","B",null,"M","M","?","AVR","M","R","$","R","T","?","M","?","$","?","R","B",null,"M","?","M","AVR","$","E","?","?","T","?","R","M"],"character_chosen":"DEFECT","items_purchased":["Raider\u0027s Mask","Go for the Eyes","Symbiotic Virus","aspiration:EnhancedActuators","Runic Capacitor","Rebound","Akabeko","Stack"],"campfire_rested":4,"item_purchase_floors":[0,0,13,24,24,30,39,39],"current_hp_per_floor":[65,65,64,58,58,37,34,6,6,28,26,20,20,20,42,19,75,68,68,68,68,44,44,44,66,66,66,66,66,66,66,66,50,75,69,69,69,69,69,23,23,42,42,42,64,0,0],"gold":116,"neow_bonus":"","is_daily":false,"chose_seed":false,"campfire_upgraded":1,"win_rate":0.0,"timestamp":1608760464,"path_taken":["M","M","M","?","?","E","M","E","T","R","?","M","?","M","R","BOSS","M","?","?","AVR","?","R","$","R","T","?","?","?","?","?","R","BOSS","M","?","M","AVR","?","E","?","?","T","?","R","M"],"items_purchased_type":["Relic","Card","Relic","Relic","Relic","Card","Relic","Card"],"build_version":"2020-12-22","purchased_purges":1,"victory":false,"max_hp_per_floor":[75,75,75,75,75,75,75,75,75,75,75,75,75,75,75,75,75,75,75,75,75,75,75,75,75,75,75,75,75,75,75,75,75,75,75,75,75,75,75,75,75,75,75,75,75,75,75],"card_choices":[{"not_picked":["Aggregate","Sunder"],"picked":"Loop","floor":1},{"not_picked":["BasicCrystalCard","Hello World"],"picked":"Streamline","floor":2},{"not_picked":["ReplayTheSpireMod:Reroute Power","Loop"],"picked":"Ball Lightning","floor":3},{"not_picked":["Stack","Rebound"],"picked":"Barrage","floor":4},{"not_picked":["Panic Button","Force Field"],"picked":"BootSequence","floor":6},{"not_picked":["Steam","Turbo","Ball Lightning"],"picked":"SKIP","floor":7},{"not_picked":["Conserve Battery","Sunder"],"picked":"Doom and Gloom","floor":8},{"not_picked":["Panic Button","hubris:SpecializedCircuitry"],"picked":"Sweeping Beam","floor":11},{"not_picked":["Lockon","Melter"],"picked":"hubris:PowerSurge","floor":12},{"not_picked":["Steam","Cold Snap"],"picked":"BasicCrystalCard","floor":14},{"not_picked":["Thunder Strike","ReplayTheSpireMod:Fabricate Wheel"],"picked":"Meteor Strike","floor":16},{"not_picked":["Hologram","Coolheaded"],"picked":"Barrage+1","floor":18},{"not_picked":["Redo+1","Coolheaded"],"picked":"Turbo","floor":19},{"not_picked":["Cold Snap","BasicCrystalCard"],"picked":"Capacitor","floor":22},{"not_picked":["Storm+1","ReplaySort"],"picked":"hubris:PowerSurge+1","floor":28},{"not_picked":["Coolheaded","Streamline+1"],"picked":"ReplayTheSpireMod:Calculation Training+1","floor":29},{"not_picked":["hubris:DoWhile","Fission"],"picked":"Biased Cognition","floor":33},{"not_picked":["Darkness","Turbo+1"],"picked":"FIFO Queue","floor":35},{"not_picked":["Sweeping Beam+1","Go for the Eyes+1"],"picked":"Buffer","floor":37},{"not_picked":["Steam+1","Melter+1"],"picked":"Heatsinks+1","floor":40}],"player_experience":330222,"relics_obtained":[{"floor":6,"key":"Replay:Baseball"},{"floor":8,"key":"CeramicFish"},{"floor":26,"key":"Bag of Preparation"},{"floor":29,"key":"ReplayTheSpireMod:Shallot"},{"floor":40,"key":"aspiration:ChemicalBlood"}],"event_choices":[{"damage_healed":0,"gold_gain":0,"player_choice":"Trade","damage_taken":0,"relics_obtained":["NlothsMask"],"max_hp_gain":0,"max_hp_loss":0,"event_name":"FaceTrader","floor":5,"gold_loss":0},{"damage_healed":0,"gold_gain":0,"player_choice":"1 cards matched","damage_taken":0,"max_hp_gain":0,"max_hp_loss":0,"event_name":"Match and Keep!","floor":20,"gold_loss":0,"cards_obtained":["ReplayTheSpireMod:Calculation Training"]},{"damage_healed":0,"gold_gain":0,"cards_transformed":["Meteor Strike"],"player_choice":"Transformed","damage_taken":0,"max_hp_gain":0,"max_hp_loss":0,"event_name":"Transmorgrifier","floor":27,"gold_loss":0,"cards_obtained":["Multi-Cast"]},{"damage_healed":0,"gold_gain":0,"player_choice":"Leave","damage_taken":0,"max_hp_gain":0,"max_hp_loss":0,"event_name":"conspire:Investor","floor":36,"gold_loss":0},{"cards_removed":["Ball Lightning"],"damage_healed":0,"gold_gain":0,"player_choice":"Removed Attack","damage_taken":0,"max_hp_gain":0,"max_hp_loss":0,"event_name":"Falling","floor":41,"gold_loss":0},{"damage_healed":19,"gold_gain":0,"player_choice":"Writhe","damage_taken":0,"max_hp_gain":0,"max_hp_loss":0,"event_name":"Winding Halls","floor":42,"gold_loss":0,"cards_obtained":["Writhe"]},{"damage_healed":0,"gold_gain":3,"player_choice":"3","damage_taken":0,"max_hp_gain":0,"max_hp_loss":0,"event_name":"betterStone:BetterStone","floor":44,"gold_loss":0,"cards_obtained":["Consume"]}],"is_beta":false,"boss_relics":[{"not_picked":["Runic Pyramid","aspiration:WatcherSkillbook"],"picked":"ChewingGum"},{"not_picked":["energizedSpire:MagnifyingGlass","energizedSpire:SpiderWeb"],"picked":"energizedSpire:NeverEndingSparkler"}],"items_purged_floors":[39],"is_endless":false,"potions_floor_spawned":[3,4,6,11,14,16,28,33,35],"killed_by":"Transient","ascension_level":1}}