{"host":"x4x6fw95e6eqd4n0","time":1608715035,"event":{"mods":["AchievementEnabler","BaseMod","Colored Map","Colored Powertips","DeckTracker","Minty Spire (QoL Compilation)"],"gold_per_floor":[110,110,110,122,141,153,153,153,153,172,199,199,210,210,210,306,306,319,319,44,44,44,70,70,88,114,128,128,144,170,188,188,287,287,301,301,312,329,340,367,367,367,446,461,477,502,502,517,517,517,517],"floor_reached":50,"playtime":2470,"items_purged":[],"score":651,"play_id":"d156f9be-beff-45b7-95cd-9b5e0c19e1b6","local_time":"20201223111715","is_ascension_mode":false,"campfire_choices":[{"data":"Dash","floor":7,"key":"SMITH"},{"data":"Bouncing Flask","floor":12,"key":"SMITH"},{"data":"Skewer","floor":15,"key":"SMITH"},{"floor":24,"key":"REST"},{"floor":28,"key":"REST"},{"floor":32,"key":"REST"},{"floor":41,"key":"REST"},{"floor":47,"key":"REST"},{"floor":49,"key":"REST"}],"circlet_count":0,"master_deck":["Strike_G","Strike_G","Defend_G","Defend_G","Defend_G","Defend_G","Defend_G","Survivor","Neutralize","Dash+1","Skewer+1","Blur","Quick Slash","Footwork","Bouncing Flask+1","Backflip","Storm of Steel","Night Terror","Prepared+1","The Bomb","Leg Sweep","Choke+1","Underhanded Strike+1","Choke+1","Poisoned Stab+1","Noxious Fumes","Dagger Throw+1","Night Terror","Underhanded Strike+1","Underhanded Strike+1","Leg Sweep","Underhanded Strike+1","Infinite Blades","Glass Knife+1","Footwork+1","Bullet Time","Die Die Die+1","Bouncing Flask+1"],"relics":["Snecko Eye","Ninja Scroll","Mercury Hourglass","Fusion Hammer","Molten Egg 2","Lantern","Boot","Omamori","WristBlade","Centennial Puzzle","Regal Pillow","Meat on the Bone","Toy Ornithopter"],"acts_visited":["Exordium","TheCity","TheBeyond"],"potions_floor_usage":[11,16,16,30,33,39,40,46,46,50],"damage_taken":[{"damage":10,"enemies":"Cultist","floor":1,"turns":6},{"damage":0,"enemies":"Small Slimes","floor":4,"turns":3},{"damage":0,"enemies":"2 Louse","floor":5,"turns":3},{"damage":0,"enemies":"Red Slaver","floor":6,"turns":3},{"damage":1,"enemies":"2 Fungi Beasts","floor":10,"turns":3},{"damage":0,"enemies":"Gremlin Nob","floor":11,"turns":3},{"damage":0,"enemies":"3 Louse","floor":13,"turns":2},{"damage":0,"enemies":"The Guardian","floor":16,"turns":9},{"damage":0,"enemies":"Shell Parasite","floor":18,"turns":4},{"damage":0,"enemies":"Spheric Guardian","floor":25,"turns":3},{"damage":0,"enemies":"Snake Plant","floor":27,"turns":2},{"damage":3,"enemies":"Snecko","floor":29,"turns":3},{"damage":10,"enemies":"Slavers","floor":30,"turns":5},{"damage":7,"enemies":"Centurion and Healer","floor":31,"turns":5},{"damage":5,"enemies":"Champ","floor":33,"turns":8},{"damage":0,"enemies":"Orb Walker","floor":35,"turns":2},{"damage":3,"enemies":"3 Shapes","floor":37,"turns":2},{"damage":2,"enemies":"Sphere and 2 Shapes","floor":38,"turns":3},{"damage":7,"enemies":"Transient","floor":39,"turns":5},{"damage":23,"enemies":"Reptomancer","floor":40,"turns":4},{"damage":0,"enemies":"Jaw Worm Horde","floor":44,"turns":2},{"damage":9,"enemies":"4 Shapes","floor":45,"turns":4},{"damage":40,"enemies":"Nemesis","floor":46,"turns":4},{"damage":0,"enemies":"Transient","floor":48,"turns":5},{"damage":84,"enemies":"Awakened One","floor":50,"turns":7}],"seed_played":"76316372395547247","potions_obtained":[{"floor":1,"key":"Swift Potion"},{"floor":8,"key":"AttackPotion"},{"floor":8,"key":"GhostInAJar"},{"floor":11,"key":"ColorlessPotion"},{"floor":29,"key":"GamblersBrew"},{"floor":31,"key":"GamblersBrew"},{"floor":33,"key":"Regen Potion"},{"floor":38,"key":"Strength Potion"},{"floor":40,"key":"GamblersBrew"},{"floor":45,"key":"Strength Potion"},{"floor":48,"key":"Swift Potion"}],"is_trial":false,"path_per_floor":["M","?","?","M","M","M","R","?","T","M","E","R","M","?","R","B",null,"M","T","$","?","?","T","R","M","T","M","R","M","E","M","R","B",null,"M","?","M","M","M","E","R","?","T","M","M","E","R","M","R","B"],"character_chosen":"THE_SILENT","items_purchased":["The Bomb","Leg Sweep"],"campfire_rested":6,"item_purchase_floors":[20,20],"current_hp_per_floor":[60,65,65,65,65,65,65,65,65,64,64,64,64,64,64,64,75,75,75,75,75,75,75,75,75,75,75,75,72,62,55,75,70,75,75,75,72,70,63,40,75,75,75,75,66,38,75,75,75,0,0],"gold":517,"neow_bonus":"BOSS_RELIC","is_daily":false,"chose_seed":false,"campfire_upgraded":3,"win_rate":0.0,"timestamp":1608715035,"path_taken":["M","?","?","M","M","M","R","?","T","M","E","R","?","?","R","BOSS","M","?","$","?","?","?","R","M","T","M","R","M","E","M","R","BOSS","M","?","M","M","?","E","R","?","T","?","M","E","R","M","R","BOSS"],"items_purchased_type":["Card","Card"],"build_version":"2020-12-13","purchased_purges":0,"victory":false,"max_hp_per_floor":[70,75,75,75,75,75,75,75,75,75,75,75,75,75,75,75,75,75,75,75,75,75,75,75,75,75,75,75,75,75,75,75,75,75,75,75,75,75,75,75,75,75,75,75,75,75,75,75,75,75,75],"card_choices":[{"not_picked":["Endless Agony","Flying Knee"],"picked":"Dash","floor":1},{"not_picked":["Well Laid Plans","Dagger Spray"],"picked":"Blur","floor":4},{"not_picked":["Deadly Poison","Flying Knee"],"picked":"Quick Slash","floor":5},{"not_picked":["Deflect","Flechettes"],"picked":"Footwork","floor":6},{"not_picked":["Prepared","Blur"],"picked":"Bouncing Flask","floor":10},{"not_picked":["Sucker Punch","Distraction"],"picked":"Backflip","floor":11},{"not_picked":["Bane","Flying Knee"],"picked":"Storm of Steel","floor":13},{"not_picked":["Malaise","Die Die Die"],"picked":"Night Terror","floor":16},{"not_picked":["Cloak And Dagger","Acrobatics"],"picked":"Prepared+1","floor":18},{"not_picked":["Dodge and Roll","Accuracy"],"picked":"Underhanded Strike+1","floor":25},{"not_picked":["All Out Attack+1","Dagger Throw+1"],"picked":"Choke+1","floor":27},{"not_picked":["Slice+1","Outmaneuver"],"picked":"Poisoned Stab+1","floor":29},{"not_picked":["Well Laid Plans","Sucker Punch+1"],"picked":"Noxious Fumes","floor":30},{"not_picked":["Bane+1","Prepared"],"picked":"Dagger Throw+1","floor":31},{"not_picked":["Venomology","Malaise"],"picked":"Night Terror","floor":33},{"not_picked":["Deadly Poison","Dagger Spray+1"],"picked":"Underhanded Strike+1","floor":35},{"not_picked":["Dodge and Roll+1","Reflex+1"],"picked":"Underhanded Strike+1","floor":37},{"not_picked":["Bane+1","Backflip"],"picked":"Leg Sweep","floor":38},{"not_picked":["Outmaneuver+1","Bane+1"],"picked":"Underhanded Strike+1","floor":39},{"not_picked":["Outmaneuver+1","Deadly Poison+1"],"picked":"Infinite Blades","floor":40},{"not_picked":["Deflect","Deadly Poison+1"],"picked":"Footwork+1","floor":44},{"not_picked":["Quick Slash+1","Well Laid Plans+1"],"picked":"Bullet Time","floor":45},{"not_picked":["Flying Knee+1","Heel Hook+1"],"picked":"Die Die Die+1","floor":46},{"not_picked":["Poisoned Stab+1","Leg Sweep"],"picked":"Bouncing Flask+1","floor":48}],"player_experience":36398,"relics_obtained":[{"floor":9,"key":"Ninja Scroll"},{"floor":11,"key":"Mercury Hourglass"},{"floor":19,"key":"Molten Egg 2"},{"floor":23,"key":"Lantern"},{"floor":26,"key":"Boot"},{"floor":30,"key":"Omamori"},{"floor":40,"key":"Regal Pillow"},{"floor":43,"key":"Meat on the Bone"},{"floor":46,"key":"Toy Ornithopter"}],"event_choices":[{"damage_healed":0,"gold_gain":0,"player_choice":"Donut","damage_taken":0,"max_hp_gain":5,"max_hp_loss":0,"event_name":"Big Fish","floor":2,"gold_loss":0},{"damage_healed":0,"gold_gain":0,"cards_transformed":["Strike_G"],"player_choice":"Change","damage_taken":0,"max_hp_gain":0,"max_hp_loss":0,"event_name":"Living Wall","floor":3,"gold_loss":0,"cards_obtained":["Skewer"]},{"damage_healed":0,"gold_gain":0,"player_choice":"Got Potions","damage_taken":0,"max_hp_gain":0,"max_hp_loss":0,"event_name":"Lab","floor":8,"gold_loss":0},{"damage_healed":0,"gold_gain":0,"player_choice":"Bought 0 Potions","damage_taken":0,"max_hp_gain":0,"max_hp_loss":0,"event_name":"The Woman in Blue","floor":14,"gold_loss":0},{"cards_removed":["Strike_G"],"damage_healed":0,"gold_gain":0,"player_choice":"Elegance","damage_taken":0,"max_hp_gain":0,"max_hp_loss":0,"event_name":"Back to Basics","floor":21,"gold_loss":0},{"damage_healed":0,"gold_gain":0,"player_choice":"Read","damage_taken":0,"max_hp_gain":0,"max_hp_loss":0,"event_name":"The Library","floor":22,"gold_loss":0,"cards_obtained":["Choke"]},{"damage_healed":0,"gold_gain":0,"player_choice":"Gave Potion","damage_taken":0,"relics_obtained":["Centennial Puzzle"],"max_hp_gain":0,"max_hp_loss":0,"event_name":"WeMeetAgain","floor":36,"gold_loss":0},{"damage_healed":0,"gold_gain":0,"cards_transformed":["Strike_G"],"player_choice":"Transformed","damage_taken":0,"max_hp_gain":0,"max_hp_loss":0,"event_name":"Transmorgrifier","floor":42,"gold_loss":0,"cards_obtained":["Glass Knife"]}],"is_beta":false,"boss_relics":[{"not_picked":["Empty Cage","Ectoplasm"],"picked":"Fusion Hammer"},{"not_picked":["Velvet Choker","Runic Dome"],"picked":"WristBlade"}],"items_purged_floors":[],"is_endless":false,"potions_floor_spawned":[1,10,11,13,29,31,33,38,40,45,48],"killed_by":"Awakened One","ascension_level":0}}