{"host":"vc42n08di9czm3e7","time":1608688904,"event":{"mods":["AchievementEnabler","Act Like it!","BaseMod","Colored Powertips","Downfall","Friendly Minions","GifTheSpireLib","Jorbs\u0027s Wanderer Trilogy","Minty Spire (QoL Compilation)","Rare Cards Sparkle","StSLib","The Bug Knight"],"gold_per_floor":[0,16,16,116,130,143,143,143,161,175,275,289,53,70,90,190,190,190,201,217,217,237,237,237,266,266,276,276,39,71,71,71,71],"floor_reached":31,"playtime":2168,"items_purged":["hexamod:Haunted"],"score":269,"play_id":"5bea7755-6793-4c0c-b10e-2c1f46def1e8","local_time":"20201222210144","is_ascension_mode":false,"campfire_choices":[{"data":"Apotheosis","floor":1,"key":"SMITH"},{"data":"Slimebound:ProtectTheBoss","floor":8,"key":"SMITH"},{"data":"Feed","floor":18,"key":"SMITH"},{"data":"Protect","floor":23,"key":"SMITH"},{"data":"Slimebound:Gluttony","floor":26,"key":"SMITH"},{"data":"Slimebound:CorrosiveSpit","floor":28,"key":"SMITH"}],"circlet_count":0,"master_deck":["Slimebound:Strike_Slimebound","Slimebound:Strike_Slimebound","Slimebound:Strike_Slimebound","Slimebound:Tackle","Slimebound:Defend_Slimebound","Slimebound:Defend_Slimebound","Slimebound:Defend_Slimebound","Slimebound:Defend_Slimebound","Slimebound:Split","Slimebound:CorrosiveSpit+1","Apotheosis+1","Slimebound:Schlurp","Slimebound:Nibble","Slimebound:ProtectTheBoss+1","Slimebound:GrowthPunch","Slimebound:FinishingTackle","Slimebound:CheckThePlaybook","Slimebound:RejuvenatingLick","Slimebound:GrowthPunch","Slimebound:Split","Good Instincts","Slimebound:HauntingLick","Slimebound:Gluttony+1","FTL","hexamod:SpectersWail","Feed+1","stsjorbsmod:Commune+1","Protect+1","FollowUp","Pommel Strike+1","Slimebound:FirmFortitude"],"relics":["Slimebound:AbsorbEndCombat","downfall:GremlinSack","PrismaticShard","Black Star","downfall:RedIOU","HornCleat","Slimebound:SlimedTailRelic","Happy Flower","Lantern","Toy Ornithopter","Omamori"],"acts_visited":["Exordium","TheCity"],"potions_floor_usage":[11,16,25],"damage_taken":[{"damage":0,"enemies":"2 Louse","floor":2,"turns":2},{"damage":11,"enemies":"Small Slimes","floor":5,"turns":3},{"damage":0,"enemies":"Cultist","floor":6,"turns":3},{"damage":21,"enemies":"Exordium Wildlife","floor":9,"turns":3},{"damage":12,"enemies":"Blue Slaver","floor":10,"turns":4},{"damage":18,"enemies":"Blue Slaver","floor":11,"turns":4},{"damage":10,"enemies":"Red Slaver","floor":12,"turns":3},{"damage":5,"enemies":"downfall:FleeingMerchant","floor":13,"turns":4},{"damage":19,"enemies":"Large Slime","floor":14,"turns":2},{"damage":5,"enemies":"Exordium Wildlife","floor":15,"turns":3},{"damage":40,"enemies":"downfall:Defect","floor":16,"turns":5},{"damage":8,"enemies":"Chosen","floor":19,"turns":4},{"damage":14,"enemies":"Shell Parasite","floor":20,"turns":4},{"damage":36,"enemies":"Snake Plant","floor":22,"turns":5},{"damage":37,"enemies":"Book of Stabbing","floor":25,"turns":5},{"damage":21,"enemies":"Cultist and Chosen","floor":27,"turns":8},{"damage":8,"enemies":"downfall:FleeingMerchant","floor":29,"turns":4},{"damage":50,"enemies":"Gremlin Leader","floor":30,"turns":5},{"damage":30,"enemies":"Shelled Parasite and Fungi","floor":31,"turns":6}],"seed_played":"-124109194605935616","potions_obtained":[{"floor":6,"key":"SkillPotion"},{"floor":10,"key":"AttackPotion"},{"floor":11,"key":"FearPotion"},{"floor":12,"key":"champ:CounterPotion"},{"floor":20,"key":"Ancient Potion"}],"is_trial":false,"path_per_floor":["R","M","?","?","M","M","T","R","M","M","?","M","$","M","M","B",null,"R","M","M","?","M","R","T","E","R","M","R","$","E","M"],"character_chosen":"SLIMEBOUND","items_purchased":["PrismaticShard","Slimebound:FirmFortitude","Lantern"],"campfire_rested":0,"item_purchase_floors":[13,29,29],"current_hp_per_floor":[60,60,65,65,60,62,62,62,54,52,48,50,57,52,53,37,65,65,65,69,69,49,49,49,42,42,43,43,51,25,9,9,9],"gold":71,"neow_bonus":"RANDOM_COLORLESS_2","is_daily":false,"chose_seed":false,"campfire_upgraded":6,"win_rate":0.0,"timestamp":1608688904,"path_taken":["R","M","?","?","M","M","T","R","M","M","?","M","$","M","M","BOSS","R","M","?","?","M","R","T","E","R","M","R","$","E","M"],"items_purchased_type":["Relic","Card","Relic"],"build_version":"2020-12-13","purchased_purges":1,"victory":false,"max_hp_per_floor":[60,60,65,65,65,65,65,65,65,65,65,65,65,65,65,65,65,65,65,69,69,69,69,69,69,69,69,69,69,69,69,69,69],"card_choices":[{"not_picked":["Violence","The Bomb"],"picked":"Apotheosis","floor":0},{"not_picked":["Slimebound:GrowthPunch","Slimebound:ForwardTackle"],"picked":"Slimebound:Schlurp","floor":2},{"not_picked":["Slimebound:SplitBruiser","Slimebound:RainOfGoop"],"picked":"Slimebound:Nibble","floor":5},{"not_picked":["Slimebound:GrowthPunch","Slimebound:SlimeBarrage"],"picked":"Slimebound:ProtectTheBoss","floor":6},{"not_picked":["Slimebound:SplitAcid","Slimebound:LeechingTouch"],"picked":"Slimebound:GrowthPunch","floor":9},{"not_picked":["Slimebound:GrowthPunch","Slimebound:BestDefense"],"picked":"Slimebound:FinishingTackle","floor":10},{"not_picked":["Slimebound:PressTheAttack","Slimebound:LeechEnergy"],"picked":"Slimebound:HauntingLick","floor":12},{"not_picked":["Slimebound:SlimeSpikes","Slimebound:FinishingTackle"],"picked":"Slimebound:Gluttony","floor":13},{"not_picked":["Guardian:Gem_Lightblue","Riddle With Holes"],"picked":"FTL","floor":14},{"not_picked":["Establishment","CrushJoints"],"picked":"hexamod:SpectersWail","floor":15},{"not_picked":["stsjorbsmod:DrainLife","stsjorbsmod:Withdraw"],"picked":"Feed","floor":16},{"not_picked":["hexamod:FirstSeal","stsjorbsmod:RayOfFrost","HollowMod:VengefulVoid"],"picked":"SKIP","floor":19},{"not_picked":["sneckomod:SoulRoll","Guardian:TimeCapacitor"],"picked":"stsjorbsmod:Commune+1","floor":20},{"not_picked":["HollowMod:InfectionAssault","HollowMod:VengefulSpirit"],"picked":"Protect","floor":22},{"not_picked":["SignatureMove+1","stsjorbsmod:Frustration"],"picked":"FollowUp","floor":25},{"not_picked":["HollowMod:DesolateDive","stsjorbsmod:Pollute","Madness"],"picked":"SKIP","floor":27},{"not_picked":["Slimebound:SlimeBrawl+1","Hemokinesis"],"picked":"Pommel Strike+1","floor":29},{"not_picked":["hexamod:GhostOfSpirePast","Slimebound:OneTwoCombo","hexamod:ShieldOfDarkness"],"picked":"SKIP","floor":30}],"player_experience":157810,"relics_obtained":[{"floor":7,"key":"Pen Nib"},{"floor":11,"key":"downfall:GremlinSack"},{"floor":24,"key":"HornCleat"},{"floor":25,"key":"Slimebound:SlimedTailRelic"},{"floor":25,"key":"Happy Flower"},{"floor":30,"key":"Toy Ornithopter"},{"floor":30,"key":"Omamori"}],"event_choices":[{"damage_healed":0,"gold_gain":0,"player_choice":"Donut","damage_taken":0,"max_hp_gain":5,"max_hp_loss":0,"event_name":"Big Fish","floor":3,"gold_loss":0}],"is_beta":false,"boss_relics":[{"not_picked":["Philosopher\u0027s Stone","Velvet Choker"],"picked":"Black Star"}],"items_purged_floors":[13],"is_endless":false,"potions_floor_spawned":[6,10,11,12,15,20],"killed_by":"Shelled Parasite and Fungi","ascension_level":0}}