{"host":"dlyy4wv9zatha4f7","time":1608747173,"event":{"mods":["BaseMod","Better Third Choice","Colored Map","GifTheSpireLib","Minty Spire (QoL Compilation)","Spicy Shops","StSLib","SuperFastMode","Unceasing Turn Reminder"],"gold_per_floor":[119,119,139,89,112,112,151,151,177,193,193,193],"floor_reached":11,"playtime":399,"items_purged":[],"score":106,"play_id":"b101f73a-b626-474b-9fdd-e77e14ca1512","local_time":"20201223201253","is_ascension_mode":true,"campfire_choices":[{"floor":8,"key":"REST"}],"circlet_count":0,"master_deck":["Strike_G","Strike_G","Strike_G","Strike_G","Defend_G","Defend_G","Defend_G","Defend_G","Survivor","Neutralize","Malaise","Backflip","Dagger Spray","Distraction","Flying Knee","Corpse Explosion"],"relics":["Ring of the Snake","Golden Idol","Art of War","Juzu Bracelet"],"acts_visited":["Exordium"],"potions_floor_usage":[7],"damage_taken":[{"damage":3,"enemies":"Small Slimes","floor":1,"turns":5},{"damage":0,"enemies":"2 Louse","floor":3,"turns":3},{"damage":1,"enemies":"Cultist","floor":5,"turns":4},{"damage":21,"enemies":"3 Sentries","floor":7,"turns":11},{"damage":2,"enemies":"Red Slaver","floor":10,"turns":3},{"damage":32,"enemies":"Gremlin Nob","floor":11,"turns":4}],"seed_played":"-4311320726733804992","potions_obtained":[{"floor":5,"key":"Block Potion"}],"is_trial":false,"path_per_floor":["M","?","M","?","M","?","E","R","T","M","E"],"character_chosen":"THE_SILENT","items_purchased":[],"campfire_rested":1,"item_purchase_floors":[],"current_hp_per_floor":[60,45,45,45,44,37,16,34,34,32,0,0],"gold":193,"neow_bonus":"THREE_RARE_CARDS","is_daily":false,"chose_seed":false,"campfire_upgraded":0,"win_rate":0.0,"timestamp":1608747173,"path_taken":["M","?","M","?","M","?","E","R","T","M","E"],"items_purchased_type":[],"build_version":"2020-12-22","purchased_purges":0,"victory":false,"max_hp_per_floor":[63,63,63,63,63,63,63,63,63,63,63,63],"card_choices":[{"not_picked":["Doppelganger","Storm of Steel"],"picked":"Malaise","floor":0},{"not_picked":["Caltrops","Sucker Punch"],"picked":"Backflip","floor":1},{"not_picked":["Backflip","Blur"],"picked":"Dagger Spray","floor":3},{"not_picked":["Dagger Spray","Sucker Punch"],"picked":"Distraction","floor":5},{"not_picked":["Expertise","Slice"],"picked":"Flying Knee","floor":7},{"not_picked":["Sucker Punch","Finisher"],"picked":"Corpse Explosion","floor":10}],"player_experience":2219440,"relics_obtained":[{"floor":7,"key":"Art of War"},{"floor":9,"key":"Juzu Bracelet"}],"event_choices":[{"damage_healed":0,"gold_gain":0,"player_choice":"Take Damage","damage_taken":15,"relics_obtained":["Golden Idol"],"max_hp_gain":0,"max_hp_loss":0,"event_name":"Golden Idol","floor":2,"gold_loss":0},{"cards_removed":["Strike_G"],"damage_healed":0,"gold_gain":0,"player_choice":"Card Removal","damage_taken":0,"max_hp_gain":0,"max_hp_loss":0,"event_name":"The Cleric","floor":4,"gold_loss":50},{"cards_removed":["Defend_G"],"damage_healed":0,"gold_gain":0,"player_choice":"Card Removal","damage_taken":7,"max_hp_gain":0,"max_hp_loss":0,"event_name":"Golden Wing","floor":6,"gold_loss":0}],"is_beta":false,"boss_relics":[],"items_purged_floors":[],"is_endless":false,"potions_floor_spawned":[5],"killed_by":"Gremlin Nob","ascension_level":9}}