{"host":"yn1175etg9ni8l0q","time":1608699083,"event":{"mods":["AchievementEnabler","BaseMod","Colored Map","Colored Powertips","DeckTracker","Minty Spire (QoL Compilation)","Rare Cards Sparkle","Relic Stats","SuperFastMode","Waifu the Spire","everything is the same but u backflip on backflip"],"gold_per_floor":[111,125,135,146,158,158,168,168,168,168,168,181,181,198,198,300,300,317,332,342,116,31,31,50,50,104,117,128,128,91,91,91,191,191,201,215,232,246,246,246,278,278,278,278,79,129,144,158,158,158],"floor_reached":51,"playtime":1589,"items_purged":["Strike_G","Strike_G"],"score":993,"play_id":"2af0c22c-949e-4364-8258-a00ebfa4fe04","local_time":"20201223135123","is_ascension_mode":true,"campfire_choices":[{"data":"Skewer","floor":6.0,"key":"SMITH"},{"data":"Blade Dance","floor":11.0,"key":"SMITH"},{"data":"Dash","floor":13.0,"key":"SMITH"},{"data":"Venomology","floor":15.0,"key":"SMITH"},{"data":"Cloak And Dagger","floor":23.0,"key":"SMITH"},{"data":"Night Terror","floor":25.0,"key":"SMITH"},{"data":"Acrobatics","floor":29.0,"key":"SMITH"},{"data":"1","floor":32.0,"key":"LIFT"},{"floor":40.0,"key":"REST"},{"floor":42,"key":"REST"},{"data":"Wraith Form v2","floor":44,"key":"SMITH"},{"floor":49,"key":"REST"}],"circlet_count":0,"master_deck":["Defend_G","Defend_G","Defend_G","Survivor","Neutralize","Dash+1","Skewer+1","Backflip","Blade Dance+1","Footwork","Backflip","Terror","Venomology+1","Night Terror+1","Cloak And Dagger+1","Accuracy+1","Acrobatics+1","Malaise","Crippling Poison","Venomology","Sucker Punch+1","Corpse Explosion+1","Sucker Punch+1","Deflect+1","Wraith Form v2+1","Finisher+1","Footwork+1","Cloak And Dagger+1"],"relics":["Philosopher\u0027s Stone","Letter Opener","Tingsha","Empty Cage","Lee\u0027s Waffle","Shuriken","Orichalcum","Girya","Astrolabe","MealTicket","Frozen Egg 2","Lizard Tail"],"acts_visited":["Exordium","TheCity","TheBeyond"],"potions_floor_usage":[41,41,41,41,47,48,48,50,50,50,50,50],"damage_taken":[{"damage":0.0,"enemies":"Cultist","floor":1.0,"turns":4.0},{"damage":2.0,"enemies":"Jaw Worm","floor":2.0,"turns":4.0},{"damage":0.0,"enemies":"Small Slimes","floor":3.0,"turns":3.0},{"damage":2.0,"enemies":"Exordium Wildlife","floor":4.0,"turns":3.0},{"damage":10.0,"enemies":"3 Louse","floor":5.0,"turns":4.0},{"damage":7.0,"enemies":"Blue Slaver","floor":7.0,"turns":2.0},{"damage":0.0,"enemies":"Looter","floor":12.0,"turns":2.0},{"damage":0.0,"enemies":"Red Slaver","floor":14.0,"turns":3.0},{"damage":22.0,"enemies":"Slime Boss","floor":16.0,"turns":10.0},{"damage":15.0,"enemies":"Shell Parasite","floor":18.0,"turns":5.0},{"damage":27.0,"enemies":"3 Byrds","floor":19.0,"turns":5.0},{"damage":6.0,"enemies":"Snake Plant","floor":20.0,"turns":5.0},{"damage":0.0,"enemies":"3 Cultists","floor":24.0,"turns":3.0},{"damage":13.0,"enemies":"Shelled Parasite and Fungi","floor":27.0,"turns":4.0},{"damage":20.0,"enemies":"Centurion and Healer","floor":28.0,"turns":3.0},{"damage":39.0,"enemies":"Automaton","floor":33.0,"turns":9.0},{"damage":19.0,"enemies":"3 Darklings","floor":35.0,"turns":4.0},{"damage":1.0,"enemies":"3 Shapes","floor":36.0,"turns":4.0},{"damage":22.0,"enemies":"3 Darklings","floor":37.0,"turns":4.0},{"damage":0.0,"enemies":"Jaw Worm Horde","floor":38.0,"turns":2.0},{"damage":40,"enemies":"Reptomancer","floor":41,"turns":5},{"damage":0,"enemies":"Mind Bloom Boss Battle","floor":46,"turns":7},{"damage":25,"enemies":"Sphere and 2 Shapes","floor":47,"turns":4},{"damage":8,"enemies":"Maw","floor":48,"turns":7},{"damage":70,"enemies":"Awakened One","floor":50,"turns":9}],"seed_played":"-1291980541035126583","potions_obtained":[{"floor":1.0,"key":"FearPotion"},{"floor":3.0,"key":"CultistPotion"},{"floor":4.0,"key":"SteroidPotion"},{"floor":19.0,"key":"Swift Potion"},{"floor":33.0,"key":"Regen Potion"},{"floor":36.0,"key":"Poison Potion"}],"is_trial":false,"path_per_floor":["M","M","M","M","M","R","M","T","T","?","R","M","R","M","R","B",null,"M","M","M","$","?","R","M","R","T","M","M","R","$","T","R","B",null,"M","M","M","M","?","R","E","R","T","R","$","?","M","M","R","B",null],"character_chosen":"THE_SILENT","items_purchased":["Lee\u0027s Waffle","Crippling Poison","CultistPotion"],"campfire_rested":3,"item_purchase_floors":[21,30,45],"current_hp_per_floor":[63,61,61,59,49,49,42,42,42,42,42,42,42,42,42,20,58,43,16,10,77,77,77,77,77,77,64,44,44,44,44,44,5,59,40,39,31,31,31,54,14,37,37,37,52,52,27,33,56,25],"gold":158,"neow_bonus":"BOSS_RELIC","is_daily":false,"chose_seed":false,"campfire_upgraded":8,"win_rate":0.0,"timestamp":1608699083,"path_taken":["M","M","M","M","?","R","M","?","T","?","R","?","R","?","R","BOSS","M","?","M","$","?","R","M","R","T","M","M","R","$","?","R","BOSS","M","M","M","M","?","R","E","R","T","R","$","?","M","M","R","BOSS"],"items_purchased_type":["Relic","Card","Potion"],"build_version":"2020-12-22","purchased_purges":2,"victory":true,"max_hp_per_floor":[70,70,70,70,70,70,70,70,70,70,70,70,70,70,70,70,70,70,70,70,77,77,77,77,77,77,77,77,77,77,77,77,77,77,77,77,77,77,77,77,77,77,77,77,77,77,77,77,77,77],"relic_stats":{"Lee\u0027s Waffle":67,"Lizard Tail":38,"counters":[25,115],"Shuriken":[38],"Astrolabe":["Sucker Punch","Corpse Explosion","Sucker Punch"],"Tingsha":[87],"MealTicket":15,"Letter Opener":[270],"Orichalcum":[66],"obtain_stats":[{"Girya":31,"Lee\u0027s Waffle":21,"Astrolabe":34,"Tingsha":10,"Letter Opener":8,"Orichalcum":26,"Frozen Egg 2":43,"Empty Cage":17,"Lizard Tail":46,"Shuriken":22,"Philosopher\u0027s Stone":0,"MealTicket":41,"Ring of the Snake":0},{"Girya":15,"Lee\u0027s Waffle":12,"Astrolabe":16,"Tingsha":6,"Letter Opener":6,"Orichalcum":13,"Frozen Egg 2":21,"Empty Cage":9,"Lizard Tail":22,"Shuriken":12,"Philosopher\u0027s Stone":0,"MealTicket":21,"Ring of the Snake":0},{"Girya":60,"Lee\u0027s Waffle":50,"Astrolabe":69,"Tingsha":20,"Letter Opener":20,"Orichalcum":53,"Frozen Egg 2":88,"Empty Cage":35,"Lizard Tail":95,"Shuriken":50,"Philosopher\u0027s Stone":0,"MealTicket":88,"Ring of the Snake":0}]},"card_choices":[{"not_picked":["Flechettes","Acrobatics"],"picked":"Dash","floor":1.0},{"not_picked":["Dagger Spray","Blur"],"picked":"Skewer","floor":2.0},{"not_picked":["Sucker Punch","Quick Slash"],"picked":"Backflip","floor":3.0},{"not_picked":["Deadly Poison","Reflex"],"picked":"Blade Dance","floor":4.0},{"not_picked":["Outmaneuver","Deflect"],"picked":"Footwork","floor":5.0},{"not_picked":["Endless Agony","Quick Slash"],"picked":"Backflip","floor":7.0},{"not_picked":["Prepared","Catalyst"],"picked":"Terror","floor":12.0},{"not_picked":["Calculated Gamble","Backstab"],"picked":"Venomology","floor":14.0},{"not_picked":["Wraith Form v2","Unload"],"picked":"Night Terror","floor":16.0},{"not_picked":["Backflip","Sucker Punch","Dash"],"picked":"SKIP","floor":18.0},{"not_picked":["Flechettes","Footwork"],"picked":"Cloak And Dagger","floor":19.0},{"not_picked":["Flechettes","Quick Slash+1"],"picked":"Accuracy+1","floor":20.0},{"not_picked":["All Out Attack","Prepared","Acrobatics"],"picked":"SKIP","floor":24.0},{"not_picked":["All Out Attack","Prepared"],"picked":"Acrobatics","floor":24.0},{"not_picked":["Dagger Spray","Finisher"],"picked":"Malaise","floor":27.0},{"not_picked":["Slice","Masterful Stab","Deadly Poison"],"picked":"SKIP","floor":28.0},{"not_picked":["Grand Finale","Envenom"],"picked":"Venomology","floor":33.0},{"not_picked":["Heel Hook+1","Dash+1","Outmaneuver"],"picked":"SKIP","floor":35.0},{"not_picked":["Accuracy","Outmaneuver+1"],"picked":"Deflect+1","floor":36.0},{"not_picked":["Bane","Prepared+1"],"picked":"Wraith Form v2","floor":37.0},{"not_picked":["Outmaneuver+1","Bane"],"picked":"Finisher+1","floor":38.0},{"not_picked":["Terror","Outmaneuver"],"picked":"Footwork+1","floor":41},{"not_picked":["Quick Slash+1","Reflex+1"],"picked":"Cloak And Dagger+1","floor":46},{"not_picked":["Quick Slash+1","Flying Knee","Sucker Punch"],"picked":"SKIP","floor":47},{"not_picked":["Flying Knee+1","Poisoned Stab+1","Finisher"],"picked":"SKIP","floor":48}],"player_experience":278616,"relics_obtained":[{"floor":8.0,"key":"Letter Opener"},{"floor":26.0,"key":"Orichalcum"},{"floor":31.0,"key":"Girya"},{"floor":41,"key":"MealTicket"},{"floor":43,"key":"Frozen Egg 2"},{"floor":46,"key":"Lizard Tail"}],"event_choices":[{"damage_healed":0.0,"max_hp_gain":0.0,"max_hp_loss":0.0,"gold_gain":0.0,"event_name":"WeMeetAgain","player_choice":"Gave Potion","floor":10.0,"gold_loss":0.0,"damage_taken":0.0,"relics_obtained":["Tingsha"]},{"damage_healed":0.0,"max_hp_gain":0.0,"max_hp_loss":0.0,"gold_gain":0.0,"event_name":"Addict","player_choice":"Obtained Relic","floor":22.0,"gold_loss":85.0,"damage_taken":0.0,"relics_obtained":["Shuriken"]},{"damage_healed":0.0,"max_hp_gain":0.0,"max_hp_loss":0.0,"gold_gain":0.0,"event_name":"Mysterious Sphere","player_choice":"Ignored","floor":39.0,"gold_loss":0.0,"damage_taken":0.0},{"damage_healed":0,"gold_gain":0,"player_choice":"Fight","damage_taken":0,"max_hp_gain":0,"max_hp_loss":0,"event_name":"MindBloom","floor":46,"gold_loss":0}],"is_beta":false,"boss_relics":[{"not_picked":["Runic Dome","Calling Bell"],"picked":"Empty Cage"},{"not_picked":["HoveringKite","SacredBark"],"picked":"Astrolabe"}],"items_purged_floors":[21,45],"is_endless":false,"potions_floor_spawned":[1,3,4,7,18,19,33,36,46,47],"ascension_level":9}}