{"host":"ty2cix8xj6r3ad26","time":1608716210,"event":{"mods":["AchievementEnabler","BaseMod","BetterRewards","Downfall","Minty Spire (QoL Compilation)","StSLib","SuperFastMode"],"gold_per_floor":[99,154,183,193,193,35,35,35,60,60,60,60,80,80,93,188,188,188,218,218,218,228,246,246,277,293,293,322,322,352,193,205,305,305,305,324,334,1,6,16,87,102,102,120,148,158,158,158,171,171],"floor_reached":51,"playtime":4034,"items_purged":["Slimebound:Defend_Slimebound","Slimebound:Defend_Slimebound"],"score":976,"play_id":"d425ee6d-7ace-4477-bebd-3011f00193ec","local_time":"20201223113650","is_ascension_mode":true,"campfire_choices":[{"data":"Slimebound:CorrosiveSpit","floor":1.0,"key":"SMITH"},{"data":"Slimebound:GrowthPunch","floor":5.0,"key":"SMITH"},{"data":"Slimebound:MassFeed","floor":8.0,"key":"SMITH"},{"data":"Slimebound:Split","floor":10.0,"key":"SMITH"},{"data":"Slimebound:OozeBath","floor":18.0,"key":"SMITH"},{"data":"Slimebound:SpikyOuterGoop","floor":20.0,"key":"SMITH"},{"data":"Slimebound:DuplicatedForm","floor":29,"key":"SMITH"},{"data":"Slimebound:DouseInSlime","floor":35,"key":"SMITH"},{"floor":47,"key":"RECALL"}],"circlet_count":0,"master_deck":["Slimebound:Strike_Slimebound+1","Slimebound:Strike_Slimebound","Slimebound:Tackle","Slimebound:Defend_Slimebound","Slimebound:Split+1","Slimebound:CorrosiveSpit+1","Slimebound:GrowthPunch+1","Slimebound:Dissolve","Slimebound:RejuvenatingLick","Slimebound:ViciousTackle+1","Slimebound:MassFeed+1","Slimebound:SpikyOuterGoop+1","Slimebound:OozeBath+1","CurseOfTheBell","Slimebound:SamplingLick+1","Slimebound:ItLooksTasty+1","Slimebound:DuplicatedForm+1","Slimebound:LivingWall","Slimebound:AcidTongue","Slimebound:Prepare+1","Slimebound:DouseInSlime+1","Slimebound:Darklings","expansioncontent:Chronoboost"],"relics":["Slimebound:AbsorbEndCombat","Oddly Smooth Stone","FossilizedHelix","Vajra","Orichalcum","InkBottle","Toy Ornithopter","Letter Opener","Calling Bell","Happy Flower","Slimebound:MaxSlimesRelic","Torii","TungstenRod","Enchiridion","Incense Burner","Whetstone","Bag of Marbles","White Beast Statue","Girya","Runic Pyramid","Membership Card","Mercury Hourglass","Blue Candle"],"acts_visited":["Exordium","TheCity","TheBeyond"],"potions_floor_usage":[28,31,32,33,33,36,40,42,42,44,50],"damage_taken":[{"damage":31.0,"enemies":"Lagavulin Event","floor":2.0,"turns":6.0},{"damage":26.0,"enemies":"3 Sentries","floor":3.0,"turns":6.0},{"damage":0.0,"enemies":"2 Louse","floor":4.0,"turns":2.0},{"damage":6.0,"enemies":"downfall:FleeingMerchant","floor":6.0,"turns":4.0},{"damage":28.0,"enemies":"Lagavulin","floor":9.0,"turns":5.0},{"damage":4.0,"enemies":"Small Slimes","floor":13.0,"turns":2.0},{"damage":4.0,"enemies":"Jaw Worm","floor":15.0,"turns":1.0},{"damage":44.0,"enemies":"downfall:Ironclad","floor":16.0,"turns":8.0},{"damage":38.0,"enemies":"Book of Stabbing","floor":19.0,"turns":6.0},{"damage":8.0,"enemies":"3 Byrds","floor":22.0,"turns":3.0},{"damage":20.0,"enemies":"3 Cultists","floor":23.0,"turns":3.0},{"damage":20.0,"enemies":"Gremlin Leader","floor":25.0,"turns":4.0},{"damage":6.0,"enemies":"Snecko","floor":26.0,"turns":4.0},{"damage":11,"enemies":"Book of Stabbing","floor":28,"turns":4},{"damage":38,"enemies":"Gremlin Leader","floor":30,"turns":5},{"damage":17,"enemies":"downfall:FleeingMerchant","floor":31,"turns":4},{"damage":14,"enemies":"Snecko","floor":32,"turns":3},{"damage":32,"enemies":"downfall:Silent","floor":33,"turns":6},{"damage":26,"enemies":"3 Darklings","floor":36,"turns":5},{"damage":20,"enemies":"3 Shapes","floor":37,"turns":4},{"damage":14,"enemies":"downfall:FleeingMerchant","floor":39,"turns":3},{"damage":23,"enemies":"Jaw Worm Horde","floor":40,"turns":4},{"damage":0,"enemies":"Writhing Mass","floor":42,"turns":4},{"damage":9,"enemies":"Sphere and 2 Shapes","floor":44,"turns":4},{"damage":70,"enemies":"Nemesis","floor":45,"turns":3},{"damage":36,"enemies":"Transient","floor":46,"turns":5},{"damage":27,"enemies":"Spire Growth","floor":49,"turns":3},{"damage":38,"enemies":"downfall:Defect","floor":50,"turns":5}],"seed_played":"-4928261458719199694","potions_obtained":[{"floor":2.0,"key":"CultistPotion"},{"floor":9.0,"key":"DistilledChaos"},{"floor":13.0,"key":"Explosive Potion"},{"floor":16.0,"key":"champ:CounterPotion"},{"floor":19.0,"key":"Regen Potion"},{"floor":22.0,"key":"Weak Potion"},{"floor":25.0,"key":"FearPotion"},{"floor":28,"key":"hexamod:EctoCoolerPotion"},{"floor":30,"key":"champ:CounterPotion"},{"floor":31,"key":"Strength Potion"},{"floor":32,"key":"AttackPotion"},{"floor":33,"key":"Block Potion"},{"floor":36,"key":"LiquidBronze"},{"floor":37,"key":"Slimebound:SlimedPotion"},{"floor":39,"key":"Fire Potion"},{"floor":40,"key":"Energy Potion"},{"floor":42,"key":"Fruit Juice"},{"floor":44,"key":"Fire Potion"},{"floor":45,"key":"Guardian:BlockOnCardUsePotion"},{"floor":49,"key":"DuplicationPotion"}],"is_trial":false,"path_per_floor":["R","?","E","M","R","$","T","R","E","R","?","?","M","T","M","B",null,"R","E","R","?","M","M","T","E","M","?","E","R","E","$","M","B",null,"R","M","M","?","$","M","T","M","?","M","E","M","R","?","M","B",null],"character_chosen":"SLIMEBOUND","items_purchased":["Vajra","Slimebound:AcidTongue","Membership Card","Mercury Hourglass"],"campfire_rested":0,"item_purchase_floors":[6,31,39,39],"current_hp_per_floor":[60,41,21,31,31,37,37,37,25,25,13,13,23,23,36,24,68,68,48,48,33,45,60,60,68,59,59,66,66,58,69,72,69,72,72,76,76,86,90,83,83,99,99,103,71,101,101,92,96,79],"gold":171,"neow_bonus":"TRANSFORM_CARD","is_daily":false,"chose_seed":false,"campfire_upgraded":8,"win_rate":0.0,"timestamp":1608716210,"path_taken":["R","?","E","M","R","$","T","R","E","R","?","?","M","?","M","BOSS","R","E","R","?","M","M","T","E","M","?","E","R","E","$","M","BOSS","R","M","M","?","$","M","T","M","?","M","E","M","R","?","M","BOSS"],"items_purchased_type":["Relic","Card","Relic","Relic"],"build_version":"2020-12-22","purchased_purges":2,"victory":true,"max_hp_per_floor":[60,60,60,60,60,60,60,60,60,60,60,60,64,64,64,68,68,68,68,68,68,68,68,68,68,68,68,72,72,72,72,72,72,72,72,76,76,86,90,90,90,99,99,103,103,103,103,103,103,103],"card_choices":[{"not_picked":["Slimebound:SlimeBarrage","Slimebound:LeechingTouch"],"picked":"Slimebound:Dissolve","floor":2.0},{"not_picked":["Slimebound:PressTheAttack","Slimebound:GoopSpray"],"picked":"Slimebound:RejuvenatingLick","floor":3.0},{"not_picked":["Slimebound:SamplingLick","Slimebound:SplitAcid"],"picked":"Slimebound:ViciousTackle","floor":4.0},{"not_picked":["Slimebound:TongueLash","Slimebound:Replication"],"picked":"Slimebound:MassFeed","floor":6.0},{"not_picked":["Slimebound:ViciousTackle","Slimebound:SplitAcid","Slimebound:FormOfPuddle"],"picked":"SKIP","floor":9.0},{"not_picked":["Slimebound:LeechEnergy","Slimebound:PressTheAttack","Slimebound:LeechingTouch"],"picked":"SKIP","floor":13.0},{"not_picked":["Slimebound:DisruptingSlam","Slimebound:SplitBruiser"],"picked":"Slimebound:SpikyOuterGoop","floor":15.0},{"not_picked":["Slimebound:WasteNot","Slimebound:MassFeed"],"picked":"Slimebound:OozeBath","floor":16.0},{"not_picked":["Slimebound:Repurpose","Slimebound:SamplingLick","Slimebound:SplitBruiser"],"picked":"SKIP","floor":19.0},{"not_picked":["Slimebound:SlimeSpikes","Slimebound:Schlurp","Slimebound:SlimeBarrage"],"picked":"SKIP","floor":22.0},{"not_picked":["Slimebound:FirmFortitude","Slimebound:GrowthPunch"],"picked":"Slimebound:SamplingLick+1","floor":23.0},{"not_picked":["Slimebound:Nibble","Slimebound:SelfFormingGoo"],"picked":"Slimebound:ItLooksTasty+1","floor":25.0},{"not_picked":["Slimebound:SplitAcid","Slimebound:SlimeSpikes+1"],"picked":"Slimebound:DuplicatedForm","floor":28},{"not_picked":["Slimebound:GoopSpray","Slimebound:Schlurp+1","Slimebound:Chomp"],"picked":"SKIP","floor":30},{"not_picked":["Slimebound:SlimeTap+1","Slimebound:FinishingTackle"],"picked":"Slimebound:LivingWall","floor":31},{"not_picked":["Slimebound:Dissolve","Slimebound:SelfFormingGoo"],"picked":"Slimebound:Prepare+1","floor":32},{"not_picked":["Slimebound:OneTwoCombo","Slimebound:Overexert"],"picked":"Slimebound:DouseInSlime","floor":33},{"not_picked":["Slimebound:ItLooksTasty","Slimebound:TongueLash+1","Slimebound:Dissolve+1"],"picked":"SKIP","floor":36},{"not_picked":["Slimebound:Chomp","Slimebound:SplitLeeching+1","Slimebound:GoopTackle+1"],"picked":"SKIP","floor":37},{"not_picked":["Slimebound:SplitBruiser+1","Slimebound:SlimeSpikes","Slimebound:SlimeTap+1"],"picked":"SKIP","floor":39},{"not_picked":["Slimebound:SplitAcid","Slimebound:GoopSpray+1","Slimebound:SlimeBrawl+1"],"picked":"SKIP","floor":40},{"not_picked":["Slimebound:Schlurp","Slimebound:GoopSpray+1","Slimebound:Nibble"],"picked":"SKIP","floor":42},{"not_picked":["Slimebound:SamplingLick+1","Slimebound:LeechEnergy","Slimebound:ViciousTackle"],"picked":"SKIP","floor":44},{"not_picked":["Slimebound:SplitAcid+1","Slimebound:GrowthPunch","Slimebound:LeechingTouch"],"picked":"SKIP","floor":45},{"not_picked":["Slimebound:OneTwoCombo","Slimebound:SpikyOuterGoop","Slimebound:LivingWall+1"],"picked":"SKIP","floor":46},{"not_picked":["expansioncontent:FaceSlap","expansioncontent:GuardianWhirl"],"picked":"expansioncontent:Chronoboost","floor":48},{"not_picked":["Slimebound:SplitAcid","Slimebound:LeechEnergy","Slimebound:ItLooksTasty"],"picked":"SKIP","floor":49}],"player_experience":412585,"relics_obtained":[{"floor":3.0,"key":"FossilizedHelix"},{"floor":7.0,"key":"Orichalcum"},{"floor":9.0,"key":"InkBottle"},{"floor":14.0,"key":"Letter Opener"},{"floor":17.0,"key":"Happy Flower"},{"floor":17.0,"key":"Slimebound:MaxSlimesRelic"},{"floor":17.0,"key":"Torii"},{"floor":19.0,"key":"TungstenRod"},{"floor":21.0,"key":"Enchiridion"},{"floor":24.0,"key":"Incense Burner"},{"floor":25.0,"key":"Whetstone"},{"floor":28,"key":"White Beast Statue"},{"floor":30,"key":"Girya"},{"floor":45,"key":"Blue Candle"}],"event_choices":[{"damage_healed":0.0,"max_hp_gain":0.0,"max_hp_loss":0.0,"gold_gain":0.0,"event_name":"Scrap Ooze","player_choice":"Success","floor":11.0,"gold_loss":0.0,"damage_taken":12.0,"relics_obtained":["Toy Ornithopter"]},{"damage_healed":0,"gold_gain":0,"player_choice":"Success","damage_taken":12,"relics_obtained":["Bag of Marbles"],"max_hp_gain":0,"max_hp_loss":0,"event_name":"Scrap Ooze","floor":26,"gold_loss":0}],"is_beta":false,"boss_relics":[{"not_picked":["Ectoplasm","Runic Dome"],"picked":"Calling Bell"},{"not_picked":["Fusion Hammer","Busted Crown"],"picked":"Runic Pyramid"}],"items_purged_floors":[31,39],"is_endless":false,"potions_floor_spawned":[2,9,13,16,19,22,25,28,30,31,32,33,36,37,39,40,42,44,45,46,49],"ascension_level":1}}