{"host":"iml8x8es9od4zowg","time":1608731680,"event":{"mods":["BaseMod","Minty Spire (QoL Compilation)","StSLib","The Jungle","¡¼?Úª?ø«¡½REMEMod"],"gold_per_floor":[117,117,130,80,5,32,32,60,84,84,98,116,116,116,116,214,214,233,258,92,109,19,49,49,66,66,66,130,130,130,146,146,248,248,266,266,23,71,71,71,71,71],"floor_reached":41,"playtime":2783,"items_purged":["Strike_G","Unload"],"score":483,"play_id":"54a721a8-6b2a-4443-a593-8e92d64e60de","local_time":"20201223225440","is_ascension_mode":true,"campfire_choices":[{"floor":7,"key":"REST"},{"floor":10,"key":"REST"},{"floor":13,"key":"REST"},{"data":"Barricade","floor":15,"key":"SMITH"},{"data":"Bouncing Flask","floor":24,"key":"SMITH"},{"floor":29,"key":"REST"},{"data":"Noxious Fumes","floor":32,"key":"SMITH"},{"data":"REME_ShadowForm","floor":40,"key":"SMITH"}],"circlet_count":0,"master_deck":["Survivor+1","Neutralize+1","Barricade+1","Backstab","Noxious Fumes+1","Escape Plan","Prepared","REME_SpectralBlade","Noxious Fumes","REME_MawOfCthun","Bouncing Flask+1","Footwork","Deadly Poison+1","Doppelganger+1","Tactician+1","Infinite Blades","REME_ShadowForm+1","Underhanded Strike","Dodge and Roll+1","REME_GrazeFinale","REME_SpectralBlade","Masterful Stab","Acrobatics+1","Burst+1","Backflip+1","REME_WheelOfFate+1","Sadistic Nature","Deep Breath+1"],"relics":["Ring of the Snake","REME_ComplimentaryCards","Turnip","Vajra","Omamori","White Beast Statue","Snake Skull","GremlinMask","Calling Bell","Oddly Smooth Stone","Pear","Ginger","Juzu Bracelet","theJungle:ParSnip","Bag of Marbles","Toxic Egg 2","Ornamental Fan","Ice Cream","theJungle:SneckoAutograph","Pandora\u0027s Box","Matryoshka","Smiling Mask"],"acts_visited":["Exordium","Exordium","TheBeyond"],"potions_floor_usage":[8,16,21,23,25,27,27,28,35,38,41],"damage_taken":[{"damage":0,"enemies":"Small Slimes","floor":1,"turns":3},{"damage":5,"enemies":"Cultist","floor":3,"turns":4},{"damage":32,"enemies":"Gremlin Nob","floor":6,"turns":6},{"damage":13,"enemies":"Lagavulin","floor":8,"turns":8},{"damage":1,"enemies":"Jaw Worm","floor":11,"turns":4},{"damage":2,"enemies":"Looter","floor":12,"turns":3},{"damage":23,"enemies":"The Guardian","floor":16,"turns":8},{"damage":5,"enemies":"theJungle:Flameango_and_Byrd","floor":18,"turns":8},{"damage":6,"enemies":"theJungle:GiantWrat","floor":21,"turns":6},{"damage":0,"enemies":"theJungle:Cassacara","floor":23,"turns":7},{"damage":0,"enemies":"theJungle:Lyon","floor":25,"turns":2},{"damage":27,"enemies":"JungleHuntersEvent","floor":27,"turns":6},{"damage":9,"enemies":"theJungle:2_Phrogs","floor":28,"turns":6},{"damage":0,"enemies":"theJungle:SlimyTreeVines","floor":31,"turns":5},{"damage":17,"enemies":"theJungle:FunGuy","floor":33,"turns":9},{"damage":41,"enemies":"3 Darklings","floor":35,"turns":4},{"damage":11,"enemies":"Orb Walker","floor":38,"turns":4},{"damage":44,"enemies":"2 Orb Walkers","floor":41,"turns":4}],"seed_played":"-8801111621983438763","potions_obtained":[{"floor":6,"key":"Dexterity Potion"},{"floor":11,"key":"SkillPotion"},{"floor":12,"key":"Poison Potion"},{"floor":16,"key":"Swift Potion"},{"floor":18,"key":"ColorlessPotion"},{"floor":21,"key":"Strength Potion"},{"floor":23,"key":"Swift Potion"},{"floor":25,"key":"Dexterity Potion"},{"floor":27,"key":"REME_GoldPotion"},{"floor":28,"key":"Ancient Potion"},{"floor":31,"key":"SteroidPotion"},{"floor":35,"key":"REME_GoldPotion"},{"floor":38,"key":"FearPotion"}],"is_trial":false,"path_per_floor":["M","?","M","?","$","E","R","E","T","R","M","M","R","?","R","B",null,"M","T","$","M","?","E","R","M","T","?","E","R","?","M","R","B",null,"M","?","$","M","?","R","?"],"character_chosen":"THE_SILENT","items_purchased":["REME_MawOfCthun","Burst+1"],"campfire_rested":4,"item_purchase_floors":[20,37],"current_hp_per_floor":[63,63,58,58,58,26,44,31,31,49,48,46,63,63,63,40,73,68,68,68,62,62,62,62,62,62,35,26,47,47,53,53,36,73,32,64,64,53,43,43,0,0],"gold":71,"neow_bonus":"ONE_RARE_RELIC","is_daily":false,"chose_seed":false,"campfire_upgraded":4,"win_rate":0.0,"timestamp":1608731680,"path_taken":["M","?","M","?","$","E","R","E","T","R","M","M","R","?","R","BOSS","M","?","$","M","?","E","R","M","T","?","E","R","?","M","R","BOSS","M","?","$","M","?","R","?"],"items_purchased_type":["Card","Card"],"build_version":"2020-12-22","purchased_purges":2,"victory":false,"max_hp_per_floor":[63,63,63,63,63,63,63,63,63,63,63,63,63,63,63,63,73,73,73,73,73,73,73,73,73,73,73,73,73,73,73,73,73,73,73,64,64,64,64,64,64,64],"card_choices":[{"not_picked":["Quick Slash","Prepared"],"picked":"Backstab","floor":1},{"not_picked":["Bouncing Flask","Sucker Punch"],"picked":"Noxious Fumes","floor":3},{"not_picked":["Cloak And Dagger","Flechettes"],"picked":"Escape Plan","floor":6},{"not_picked":["Eviscerate","Dagger Throw","Slice"],"picked":"SKIP","floor":8},{"not_picked":["Skewer","All Out Attack","REME_ShadowStrike"],"picked":"SKIP","floor":11},{"not_picked":["Endless Agony","Leg Sweep"],"picked":"Prepared","floor":12},{"not_picked":["Storm of Steel","Grand Finale"],"picked":"REME_SpectralBlade","floor":16},{"not_picked":["Slice","Flying Knee"],"picked":"Noxious Fumes","floor":18},{"not_picked":["All Out Attack+1","Dagger Throw+1","Blade Dance"],"picked":"SKIP","floor":21},{"not_picked":["Expertise","Skewer"],"picked":"Bouncing Flask","floor":23},{"not_picked":["REME_GreenPollution+1","Well Laid Plans"],"picked":"Footwork","floor":25},{"not_picked":["Dagger Throw","Terror+1"],"picked":"Deadly Poison+1","floor":28},{"not_picked":["PiercingWail+1","Quick Slash","Skewer"],"picked":"SKIP","floor":31},{"not_picked":["Night Terror+1","Envenom"],"picked":"Doppelganger+1","floor":33},{"not_picked":["Poisoned Stab+1","Dagger Throw+1"],"picked":"Acrobatics+1","floor":35},{"not_picked":["Quick Slash","Deadly Poison+1"],"picked":"Backflip+1","floor":38},{"not_picked":["Dark Shackles+1","Secret Weapon+1"],"picked":"REME_WheelOfFate+1","floor":39},{"not_picked":["REME_FirmDetermination","Mind Blast"],"picked":"Sadistic Nature","floor":39},{"not_picked":["REME_MawOfCthun+1","Blind+1"],"picked":"Deep Breath+1","floor":39}],"player_experience":470991,"relics_obtained":[{"floor":6,"key":"Omamori"},{"floor":8,"key":"White Beast Statue"},{"floor":9,"key":"Snake Skull"},{"floor":17,"key":"Oddly Smooth Stone"},{"floor":17,"key":"Pear"},{"floor":17,"key":"Ginger"},{"floor":19,"key":"Juzu Bracelet"},{"floor":23,"key":"Bag of Marbles"},{"floor":26,"key":"Toxic Egg 2"},{"floor":27,"key":"Ornamental Fan"},{"floor":28,"key":"Ice Cream"}],"event_choices":[{"damage_healed":0,"gold_gain":0,"player_choice":"Box","damage_taken":0,"relics_obtained":["Vajra"],"max_hp_gain":0,"max_hp_loss":0,"event_name":"Big Fish","floor":2,"gold_loss":0,"cards_obtained":["Regret"]},{"cards_removed":["Regret"],"damage_healed":0,"gold_gain":0,"player_choice":"Card Removal","damage_taken":0,"max_hp_gain":0,"max_hp_loss":0,"event_name":"The Cleric","floor":4,"gold_loss":50},{"damage_healed":0,"gold_gain":0,"player_choice":"Trade","damage_taken":0,"relics_obtained":["GremlinMask"],"max_hp_gain":0,"max_hp_loss":0,"event_name":"FaceTrader","floor":14,"gold_loss":0},{"damage_healed":64,"gold_gain":0,"player_choice":"Heal","damage_taken":0,"max_hp_gain":0,"max_hp_loss":9,"event_name":"The Moai Head","floor":36,"gold_loss":0},{"damage_healed":0,"gold_gain":0,"player_choice":"Memory 3","damage_taken":10,"max_hp_gain":0,"max_hp_loss":0,"event_name":"SensoryStone","floor":39,"gold_loss":0},{"damage_healed":0,"gold_gain":0,"player_choice":"Fight","damage_taken":0,"max_hp_gain":0,"max_hp_loss":0,"event_name":"Mysterious Sphere","floor":41,"gold_loss":0}],"is_beta":false,"boss_relics":[{"not_picked":["Ring of the Serpent","Astrolabe"],"picked":"Calling Bell"},{"not_picked":["WristBlade","Sozu"],"picked":"Pandora\u0027s Box"}],"items_purged_floors":[5,37],"is_endless":false,"potions_floor_spawned":[6,11,12,16,18,21,23,25,27,28,31,33,35,38],"killed_by":"2 Orb Walkers","ascension_level":1}}