{"host":"cwd5s03r1oaxs6mx","time":1608737833,"event":{"mods":["Act Like it!","BaseMod","Better Third Choice","BetterRewards","CapriCore","Card Filter","Colored Map","Custom Start","DeckTracker","Friendly Minions","Hubris","Infinite Spire","Minty Spire (QoL Compilation)","Quick Restart","Relic Stats","Shop Mod","Spicy Shops","StSLib","SuperFastMode","The Gatherer"],"gold_per_floor":[119,129,4,22,35,35,66,66,66,94,114,114,114,133,133,207,207,227,243,257,257,275,309,309,341,365,365,365,365,383,394,394,467,467,487,502,2,2,2,31,49,49,49,76,76,105,155,182,182,182,182],"floor_reached":50,"playtime":1457,"items_purged":["Strike_R","Strike_R","Strike_R","Limit Break+1","Defend_R"],"score":1260,"play_id":"f5154631-dc85-4486-8fe8-6a0226367ad4","local_time":"20201224003713","is_ascension_mode":true,"campfire_choices":[{"data":"Uppercut","floor":6,"key":"SMITH"},{"floor":8,"key":"REST"},{"data":"infinitespire:SevenWalls","floor":13,"key":"SMITH"},{"data":"Dropkick","floor":15,"key":"SMITH"},{"floor":24,"key":"REST"},{"data":"Corruption","floor":27,"key":"SMITH"},{"data":"Ghostly","floor":32,"key":"SMITH"},{"data":"Enlightenment","floor":42,"key":"SMITH"},{"data":"Bash","floor":45,"key":"SMITH"},{"floor":49,"key":"RECALL"}],"circlet_count":0,"master_deck":["AscendersBane","Defend_R","Defend_R+1","Bash+1","Uppercut+1","Dropkick+1","Dropkick","infinitespire:SevenWalls+1","Corruption+1","Headbutt+1","Whirlwind+1","Evolve+1","Immolate","Ghostly+1","Ghostly+1","Ghostly+1","Demon Form","Secret Technique","Madness","Enlightenment+1","Metallicize+1"],"relics":["Burning Blood","Bag of Marbles","Bronze Scales","PreservedInsect","Astrolabe","hubris:64BitClover","Pantograph","Vajra","Mark of Pain","Magic Flower","War Paint","Frozen Egg 2","Question Card","Akabeko","Orichalcum","infinitespire:PuzzleCube"],"acts_visited":["Exordium","TheCity","TheBeyond"],"potions_floor_usage":[19,23,46,50],"damage_taken":[{"damage":3,"enemies":"2 Louse","floor":1,"turns":2},{"damage":3,"enemies":"Small Slimes","floor":2,"turns":3},{"damage":0,"enemies":"Cultist","floor":4,"turns":2},{"damage":17,"enemies":"Gremlin Gang","floor":5,"turns":4},{"damage":22,"enemies":"Gremlin Nob","floor":7,"turns":4},{"damage":25,"enemies":"Lagavulin","floor":10,"turns":5},{"damage":0,"enemies":"2 Fungi Beasts","floor":11,"turns":2},{"damage":0,"enemies":"Exordium Wildlife","floor":14,"turns":3},{"damage":20,"enemies":"Hexaghost","floor":16,"turns":8},{"damage":45,"enemies":"Shell Parasite","floor":18,"turns":4},{"damage":3,"enemies":"3 Byrds","floor":19,"turns":3},{"damage":0,"enemies":"Centurion and Healer","floor":20,"turns":7},{"damage":14,"enemies":"3 Cultists","floor":22,"turns":4},{"damage":37,"enemies":"Book of Stabbing","floor":23,"turns":4},{"damage":8,"enemies":"Gremlin Leader","floor":25,"turns":4},{"damage":2,"enemies":"Snecko","floor":30,"turns":3},{"damage":3,"enemies":"Cultist and Chosen","floor":31,"turns":5},{"damage":4,"enemies":"Champ","floor":33,"turns":16},{"damage":0,"enemies":"3 Shapes","floor":35,"turns":5},{"damage":2,"enemies":"Orb Walker","floor":36,"turns":3},{"damage":0,"enemies":"Nemesis","floor":40,"turns":7},{"damage":25,"enemies":"Sphere and 2 Shapes","floor":41,"turns":5},{"damage":37,"enemies":"Nightmare","floor":46,"turns":6},{"damage":0,"enemies":"Giant Head","floor":48,"turns":6},{"damage":40,"enemies":"Awakened One","floor":50,"turns":2}],"seed_played":"-3515255658947560185","potions_obtained":[{"floor":1,"key":"ColorlessPotion"},{"floor":5,"key":"BlessingOfTheForge"},{"floor":18,"key":"Regen Potion"},{"floor":19,"key":"SkillPotion"},{"floor":23,"key":"Regen Potion"},{"floor":48,"key":"BlessingOfTheForge"}],"is_trial":false,"path_per_floor":["M","M","$","M","M","R","E","R","T","E","M","?","R","M","R","B",null,"M","M","M","AVR","M","E","R","E","T","R","?","?","M","M","R","B",null,"M","M","$","?","AVR","E","M","R","T","T","R","NM","?","E","R","B"],"character_chosen":"IRONCLAD","items_purchased":["Uppercut","Dropkick","Bag of Marbles","Dropkick","Magic Flower","War Paint"],"campfire_rested":2,"item_purchase_floors":[0,0,0,0,37,37],"current_hp_per_floor":[71,74,74,75,64,64,48,70,70,51,57,39,39,45,45,31,64,25,40,46,46,38,7,29,27,27,27,27,27,31,34,34,37,37,37,37,37,27,27,36,20,20,20,20,20,14,14,23,23,0,0],"gold":182,"neow_bonus":"","is_daily":false,"chose_seed":false,"campfire_upgraded":7,"win_rate":0.0,"timestamp":1608737833,"path_taken":["M","M","$","M","M","R","E","R","T","E","M","?","R","M","R","BOSS","M","M","M","AVR","M","E","R","E","T","R","?","?","?","M","R","BOSS","M","?","$","?","AVR","E","M","R","T","?","R","NM","?","E","R","BOSS"],"items_purchased_type":["Card","Card","Relic","Card","Relic","Relic"],"build_version":"2020-12-22","purchased_purges":5,"victory":false,"max_hp_per_floor":[75,75,75,75,75,75,75,75,75,75,75,75,75,75,75,75,75,75,75,75,75,75,75,75,75,75,75,37,37,37,37,37,37,37,37,37,37,37,37,37,37,37,37,37,37,37,37,37,37,37,37],"relic_stats":{"counters":[95,364],"Bronze Scales":[245],"Astrolabe":["Headbutt","Limit Break","Whirlwind"],"Pantograph":17,"Magic Flower":[20],"PreservedInsect":356,"War Paint":["Defend_R","Ghostly"],"Orichalcum":[24],"Question Card":4,"obtain_stats":[{"infinitespire:BottledMercury":0,"Calipers":45,"hubris:CrystalStatue":10,"Vajra":26,"Sling":36,"Boot":55,"Philosopher\u0027s Stone":0,"hubris:DeckOfHolding":22,"Necronomicon":0,"MerchantsRug":0,"Pear":26,"Happy Flower":0,"Dead Branch":0,"Astrolabe":17,"Velvet Choker":0,"Oddly Smooth Stone":22,"Pen Nib":0,"infinitespire:Beetle Shell":41,"War Paint":37,"Question Card":43,"Akabeko":44,"hubris:Zylophone":0,"SlaversCollar":0,"Runic Dome":17,"hubris:BottledHeart":21,"Shuriken":36,"Bronze Scales":46,"Mark of Pain":34,"StrikeDummy":0,"infinitespire:PuzzleCube":11,"Pocketwatch":24,"Darkstone Periapt":0,"Regal Pillow":26,"Lantern":13,"Singing Bowl":12,"Magic Flower":37,"Mango":54,"Juzu Bracelet":13,"Bag of Preparation":9,"Empty Cage":0,"Ancient Tea Set":24,"Burning Blood":0,"ClockworkSouvenir":14,"hubris:BlackHole":17,"Dream Catcher":2,"hubris:Backtick":17,"hubris:Icosahedron":44,"Mummified Hand":31,"Pantograph":14,"Toolbox":54,"Tiny Chest":0,"Chemical X":0,"hubris:ChampionShield":0,"InkBottle":7,"Potion Belt":23,"infinitespire:CursedDice":7,"hubris:64BitClover":23,"hubris:MedicalManual":0,"PreservedInsect":10,"hubris:Towel":8,"Frozen Egg 2":40,"Orichalcum":46,"Medical Kit":22,"Anchor":0,"infinitespire:Satchel":27,"Art of War":27,"Bag of Marbles":0,"Membership Card":22,"hubris:CrackedHourglass":17,"hubris:OldNail":9,"hubris:Potato":17,"infinitespire:Midas Blood":7},{"infinitespire:BottledMercury":49,"Calipers":43,"hubris:CrystalStatue":57,"Vajra":85,"Sling":40,"Boot":48,"Philosopher\u0027s Stone":25,"hubris:DeckOfHolding":35,"Necronomicon":25,"MerchantsRug":25,"Pear":36,"Happy Flower":52,"Dead Branch":25,"Astrolabe":79,"Velvet Choker":25,"Oddly Smooth Stone":35,"Pen Nib":25,"infinitespire:Beetle Shell":42,"War Paint":90,"Question Card":92,"Akabeko":92,"hubris:Zylophone":25,"SlaversCollar":25,"Runic Dome":60,"hubris:BottledHeart":35,"Shuriken":40,"Bronze Scales":43,"Mark of Pain":88,"StrikeDummy":0,"infinitespire:PuzzleCube":4,"Pocketwatch":9,"Darkstone Periapt":25,"Regal Pillow":10,"Lantern":58,"Singing Bowl":31,"Magic Flower":90,"Mango":47,"Juzu Bracelet":5,"Bag of Preparation":30,"Empty Cage":25,"Ancient Tea Set":36,"Burning Blood":0,"ClockworkSouvenir":5,"hubris:BlackHole":24,"Dream Catcher":26,"hubris:Backtick":6,"hubris:Icosahedron":42,"Mummified Hand":38,"Pantograph":31,"Toolbox":47,"Tiny Chest":25,"Chemical X":15,"hubris:ChampionShield":25,"InkBottle":3,"Potion Belt":64,"infinitespire:CursedDice":20,"hubris:64BitClover":84,"hubris:MedicalManual":0,"PreservedInsect":76,"hubris:Towel":3,"Frozen Egg 2":91,"Orichalcum":93,"Medical Kit":35,"Anchor":25,"infinitespire:Satchel":37,"Art of War":11,"Bag of Marbles":70,"Membership Card":8,"hubris:CrackedHourglass":32,"hubris:OldNail":3,"hubris:Potato":6,"infinitespire:Midas Blood":30},{"infinitespire:BottledMercury":163,"Calipers":154,"hubris:CrystalStatue":191,"Vajra":306,"Sling":151,"Boot":159,"Philosopher\u0027s Stone":109,"hubris:DeckOfHolding":136,"Necronomicon":109,"MerchantsRug":109,"Pear":139,"Happy Flower":181,"Dead Branch":109,"Astrolabe":280,"Velvet Choker":109,"Oddly Smooth Stone":136,"Pen Nib":109,"infinitespire:Beetle Shell":153,"War Paint":338,"Question Card":350,"Akabeko":350,"hubris:Zylophone":109,"SlaversCollar":109,"Runic Dome":202,"hubris:BottledHeart":136,"Shuriken":151,"Bronze Scales":154,"Mark of Pain":330,"StrikeDummy":0,"infinitespire:PuzzleCube":12,"Pocketwatch":35,"Darkstone Periapt":109,"Regal Pillow":38,"Lantern":194,"Singing Bowl":124,"Magic Flower":338,"Mango":158,"Juzu Bracelet":19,"Bag of Preparation":121,"Empty Cage":109,"Ancient Tea Set":139,"Burning Blood":0,"ClockworkSouvenir":19,"hubris:BlackHole":106,"Dream Catcher":111,"hubris:Backtick":27,"hubris:Icosahedron":153,"Mummified Hand":146,"Pantograph":124,"Toolbox":158,"Tiny Chest":109,"Chemical X":59,"hubris:ChampionShield":109,"InkBottle":10,"Potion Belt":216,"infinitespire:CursedDice":85,"hubris:64BitClover":302,"hubris:MedicalManual":0,"PreservedInsect":267,"hubris:Towel":10,"Frozen Egg 2":345,"Orichalcum":356,"Medical Kit":136,"Anchor":109,"infinitespire:Satchel":143,"Art of War":44,"Bag of Marbles":247,"Membership Card":32,"hubris:CrackedHourglass":128,"hubris:OldNail":10,"hubris:Potato":27,"infinitespire:Midas Blood":121}],"Burning Blood":402},"card_choices":[{"not_picked":["Anger","Shrug It Off","Bloodletting"],"picked":"SKIP","floor":1},{"not_picked":["Searing Blow","Cleave","Iron Wave"],"picked":"SKIP","floor":2},{"not_picked":["Rage","Spot Weakness","Infernal Blade"],"picked":"SKIP","floor":4},{"not_picked":["Second Wind","Iron Wave","Clash"],"picked":"SKIP","floor":5},{"not_picked":["Intimidate","True Grit","Warcry"],"picked":"SKIP","floor":7},{"not_picked":["True Grit","Brutality","Exhume"],"picked":"SKIP","floor":10},{"not_picked":["Armaments","Twin Strike","Sentinel"],"picked":"SKIP","floor":11},{"not_picked":["infinitespire:Oblivion","infinitespire:DeathsTouch"],"picked":"infinitespire:SevenWalls","floor":12},{"not_picked":["Anger","Inflame","Dark Embrace"],"picked":"SKIP","floor":14},{"not_picked":["Barricade","Impervious"],"picked":"Corruption","floor":16},{"not_picked":["Warcry","Rage","infinitespire:OneForAll"],"picked":"SKIP","floor":18},{"not_picked":["Anger","True Grit","Sword Boomerang"],"picked":"SKIP","floor":19},{"not_picked":["Anger","Feel No Pain"],"picked":"Evolve+1","floor":20},{"not_picked":["Wild Strike","Perfected Strike","Sword Boomerang"],"picked":"SKIP","floor":22},{"not_picked":["Clothesline+1","Shockwave"],"picked":"Immolate","floor":23},{"not_picked":["Inflame+1","Warcry","Thunderclap"],"picked":"SKIP","floor":25},{"not_picked":["Shockwave","Sword Boomerang","Cleave"],"picked":"SKIP","floor":30},{"not_picked":["Flex","Reaper","Hemokinesis"],"picked":"SKIP","floor":31},{"not_picked":["Double Tap","Brutality"],"picked":"Demon Form","floor":33},{"not_picked":["Headbutt","Shrug It Off","Flex"],"picked":"SKIP","floor":35},{"not_picked":["Armaments","Anger","Heavy Blade"],"picked":"SKIP","floor":36},{"not_picked":["Swift Strike","Transmutation"],"picked":"Secret Technique","floor":38},{"not_picked":["Violence","Mind Blast"],"picked":"Madness","floor":38},{"not_picked":["Good Instincts","PanicButton"],"picked":"Enlightenment","floor":38},{"not_picked":["Warcry","Corruption+1","Thunderclap"],"picked":"SKIP","floor":40},{"not_picked":["Headbutt+1","Warcry+1","Clash"],"picked":"SKIP","floor":41},{"not_picked":["Pommel Strike","Shockwave","Wild Strike","Cleave"],"picked":"SKIP","floor":46},{"not_picked":["Thunderclap","Shrug It Off+1","Ghostly Armor"],"picked":"Metallicize+1","floor":48}],"player_experience":950118,"relics_obtained":[{"floor":7,"key":"Bronze Scales"},{"floor":10,"key":"PreservedInsect"},{"floor":23,"key":"hubris:64BitClover"},{"floor":25,"key":"Pantograph"},{"floor":26,"key":"Vajra"},{"floor":40,"key":"Frozen Egg 2"},{"floor":43,"key":"Question Card"},{"floor":44,"key":"Akabeko"},{"floor":46,"key":"Orichalcum"},{"floor":48,"key":"infinitespire:PuzzleCube"}],"event_choices":[{"damage_healed":0,"gold_gain":0,"player_choice":"Became a Ghost","damage_taken":0,"max_hp_gain":0,"max_hp_loss":38,"event_name":"Ghosts","floor":28,"gold_loss":0,"cards_obtained":["Ghostly","Ghostly","Ghostly"]},{"damage_healed":0,"gold_gain":0,"player_choice":"Forge","damage_taken":0,"max_hp_gain":0,"max_hp_loss":0,"event_name":"Accursed Blacksmith","floor":29,"gold_loss":0,"cards_upgraded":["Ghostly"]},{"damage_healed":0,"gold_gain":0,"player_choice":"Memory 3","damage_taken":10,"max_hp_gain":0,"max_hp_loss":0,"event_name":"SensoryStone","floor":38,"gold_loss":0},{"damage_healed":0,"gold_gain":50,"player_choice":"Pray","damage_taken":0,"max_hp_gain":0,"max_hp_loss":0,"event_name":"Golden Shrine","floor":47,"gold_loss":0}],"is_beta":false,"boss_relics":[{"not_picked":["hubris:CrackedHourglass","Cursed Key"],"picked":"Astrolabe"},{"not_picked":["Busted Crown","infinitespire:Cupcake"],"picked":"Mark of Pain"}],"items_purged_floors":[0,0,3,21,39],"is_endless":false,"potions_floor_spawned":[1,5,7,10,18,19,23,30,35,40,48],"killed_by":"Awakened One","ascension_level":20}}