{"host":"sdl5b0uiznq00owb","time":1608764869,"event":{"mods":["BaseMod","Minty Spire (QoL Compilation)","Permanent Neow","Relic Stats"],"gold_per_floor":[133,133,83,121,157,195,195,235,235,235,284,320,8,87,87,206,206,245,284,284,284,284,284,284,284,284,301,360,114,157,191,191,313,313,331,426,117,117,128,151,184,201,225,259,259,272,299,312,312,312,312,312,10,36,36],"floor_reached":56,"playtime":4869,"items_purged":["Strike_R","Strike_R","Bash"],"score":1824,"play_id":"937c5603-096c-4130-8b66-e445aa46c6b7","local_time":"20201223170749","is_ascension_mode":true,"campfire_choices":[{"floor":7.0,"key":"REST"},{"floor":10.0,"key":"REST"},{"data":"Disarm","floor":15.0,"key":"SMITH"},{"data":"Rampage","floor":23.0,"key":"SMITH"},{"data":"True Grit","floor":25.0,"key":"SMITH"},{"data":"Fiend Fire","floor":32.0,"key":"SMITH"},{"floor":49.0,"key":"RECALL"},{"data":"Feel No Pain","floor":52.0,"key":"SMITH"}],"circlet_count":0,"master_deck":["AscendersBane","Defend_R","Defend_R","Defend_R","Defend_R","HandOfGreed+1","Cleave+1","Flame Barrier","Rampage+1","Shrug It Off","Spot Weakness","Flame Barrier","Disarm+1","Fiend Fire+1","Power Through+1","True Grit+1","Dark Embrace+1","Shockwave","Shrug It Off","Impervious","Corruption","Shrug It Off+1","Metallicize","Battle Trance+1","Juggernaut","Dual Wield+1","Reaper","Thinking Ahead","Feel No Pain+1","Barricade","Shrug It Off"],"relics":["Black Blood","Bloody Idol","Mercury Hourglass","Whetstone","Question Card","MealTicket","Medical Kit","Coffee Dripper","Red Mask","Orichalcum","Shovel","PreservedInsect","Oddly Smooth Stone","Orrery","Boot","Regal Pillow","Letter Opener","Calipers","CaptainsWheel"],"acts_visited":["Exordium","TheCity","TheBeyond","TheEnding"],"potions_floor_usage":[55,55],"damage_taken":[{"damage":4.0,"enemies":"Small Slimes","floor":1.0,"turns":4.0},{"damage":12.0,"enemies":"Jaw Worm","floor":4.0,"turns":5.0},{"damage":2.0,"enemies":"2 Louse","floor":5.0,"turns":2.0},{"damage":32.0,"enemies":"Gremlin Nob","floor":6.0,"turns":5.0},{"damage":40.0,"enemies":"Lagavulin","floor":8.0,"turns":6.0},{"damage":0.0,"enemies":"2 Fungi Beasts","floor":11.0,"turns":3.0},{"damage":37.0,"enemies":"Gremlin Nob","floor":12.0,"turns":5.0},{"damage":8.0,"enemies":"The Guardian","floor":16.0,"turns":10.0},{"damage":14.0,"enemies":"2 Thieves","floor":18.0,"turns":3.0},{"damage":23.0,"enemies":"Masked Bandits","floor":19.0,"turns":5.0},{"damage":0.0,"enemies":"3 Byrds","floor":27.0,"turns":2.0},{"damage":10.0,"enemies":"Book of Stabbing","floor":28.0,"turns":7.0},{"damage":6.0,"enemies":"Snake Plant","floor":30.0,"turns":4.0},{"damage":31.0,"enemies":"Gremlin Leader","floor":31.0,"turns":7.0},{"damage":52.0,"enemies":"Automaton","floor":33.0,"turns":13.0},{"damage":19.0,"enemies":"3 Darklings","floor":35.0,"turns":5.0},{"damage":0.0,"enemies":"3 Shapes","floor":36.0,"turns":7.0},{"damage":21.0,"enemies":"3 Darklings","floor":39.0,"turns":5.0},{"damage":2.0,"enemies":"Giant Head","floor":41.0,"turns":8.0},{"damage":9.0,"enemies":"Writhing Mass","floor":42.0,"turns":6.0},{"damage":0.0,"enemies":"Nemesis","floor":44.0,"turns":5.0},{"damage":7.0,"enemies":"Sphere and 2 Shapes","floor":46.0,"turns":5.0},{"damage":28.0,"enemies":"Reptomancer","floor":47.0,"turns":4.0},{"damage":2.0,"enemies":"3 Darklings","floor":48.0,"turns":6.0},{"damage":58.0,"enemies":"Donu and Deca","floor":50.0,"turns":9.0},{"damage":28,"enemies":"Shield and Spear","floor":54,"turns":8},{"damage":28,"enemies":"The Heart","floor":55,"turns":11}],"seed_played":"-6534795842236737222","potions_obtained":[{"floor":5.0,"key":"Dexterity Potion"},{"floor":6.0,"key":"BlessingOfTheForge"},{"floor":12.0,"key":"Fire Potion"},{"floor":16.0,"key":"Strength Potion"},{"floor":18.0,"key":"BloodPotion"},{"floor":27.0,"key":"LiquidBronze"},{"floor":48.0,"key":"PowerPotion"},{"floor":54,"key":"Energy Potion"}],"is_trial":false,"path_per_floor":["M","?","?","M","M","E","R","E","T","R","M","E","$","?","R","B",null,"M","?","?","?","?","R","?","R","T","M","E","$","M","E","R","B",null,"M","M","$","?","M","T","E","M","T","E","?","M","E","M","R","B",null,"R","$","E","B",null],"character_chosen":"IRONCLAD","items_purchased":["Disarm","Medical Kit","PreservedInsect","Metallicize","Orrery","CultistPotion","Barricade","HeartOfIron"],"campfire_rested":2,"item_purchase_floors":[13,13,29,37,37,37,53,53],"current_hp_per_floor":[53,53,53,47,51,25,47,13,13,35,41,10,25,25,25,23,61,53,36,36,36,36,36,36,36,36,47,53,68,74,54,54,18,60,58,74,74,74,70,74,74,74,74,74,64,74,65,74,74,48,68,68,74,73,67],"gold":36,"neow_bonus":"RANDOM_COLORLESS_2","is_daily":false,"chose_seed":false,"campfire_upgraded":5,"win_rate":0.0,"timestamp":1608764869,"path_taken":["M","?","?","M","M","E","R","E","T","R","M","E","$","?","R","BOSS","M","?","?","?","?","R","?","R","T","M","E","$","M","E","R","BOSS","M","M","$","?","?","?","E","M","T","E","?","M","E","M","R","BOSS","R","$","E","BOSS"],"items_purchased_type":["Card","Relic","Relic","Card","Relic","Potion","Card","Potion"],"build_version":"2020-12-22","purchased_purges":3,"victory":true,"max_hp_per_floor":[80,74,74,74,74,74,74,74,74,74,74,74,74,74,74,74,74,74,74,74,74,74,74,74,74,74,74,74,74,74,74,74,74,74,74,74,74,74,74,74,74,74,74,74,74,74,74,74,74,74,74,74,74,74,74],"relic_stats":{"Regal Pillow":0,"counters":[27,158],"Black Blood":197,"PreservedInsect":366,"Whetstone":["Cleave","HandOfGreed"],"Letter Opener":[176],"Orichalcum":[78],"Question Card":28,"Medical Kit":[74],"Boot":[14],"Mercury Hourglass":[583],"Shovel":0,"Bloody Idol":80,"MealTicket":36,"obtain_stats":[{"Regal Pillow":43,"Calipers":47,"Golden Idol":2,"Oddly Smooth Stone":31,"Black Blood":34,"PreservedInsect":29,"Whetstone":8,"Letter Opener":44,"Orichalcum":26,"Question Card":9,"Medical Kit":13,"Boot":41,"Burning Blood":0,"Mercury Hourglass":6,"CaptainsWheel":54,"Shovel":28,"Bloody Idol":22,"Orrery":37,"MealTicket":12,"Coffee Dripper":17,"Red Mask":19},{"Regal Pillow":20,"Calipers":23,"Golden Idol":1,"Oddly Smooth Stone":14,"Black Blood":15,"PreservedInsect":12,"Whetstone":5,"Letter Opener":21,"Orichalcum":10,"Question Card":5,"Medical Kit":7,"Boot":19,"Burning Blood":0,"Mercury Hourglass":4,"CaptainsWheel":26,"Shovel":12,"Bloody Idol":10,"Orrery":17,"MealTicket":7,"Coffee Dripper":8,"Red Mask":10},{"Regal Pillow":111,"Calipers":124,"Golden Idol":4,"Oddly Smooth Stone":67,"Black Blood":80,"PreservedInsect":56,"Whetstone":22,"Letter Opener":116,"Orichalcum":47,"Question Card":22,"Medical Kit":29,"Boot":105,"Burning Blood":0,"Mercury Hourglass":16,"CaptainsWheel":147,"Shovel":56,"Bloody Idol":47,"Orrery":92,"MealTicket":29,"Coffee Dripper":39,"Red Mask":47}]},"card_choices":[{"not_picked":["Magnetism","Mayhem"],"picked":"HandOfGreed","floor":0.0},{"not_picked":["Burning Pact","Infernal Blade"],"picked":"Cleave","floor":1.0},{"not_picked":["Flex","Warcry"],"picked":"Flame Barrier","floor":4.0},{"not_picked":["Searing Blow","Sword Boomerang"],"picked":"Rampage","floor":5.0},{"not_picked":["Clash","Second Wind","Entrench"],"picked":"SKIP","floor":6.0},{"not_picked":["Blood for Blood","Armaments"],"picked":"Shrug It Off","floor":8.0},{"not_picked":["Clash","Clothesline","True Grit"],"picked":"Spot Weakness","floor":11.0},{"not_picked":["Searing Blow","Brutality","Flex"],"picked":"Flame Barrier","floor":12.0},{"not_picked":["Double Tap","Offering","Limit Break"],"picked":"Fiend Fire","floor":16.0},{"not_picked":["Perfected Strike","Cleave","Sentinel"],"picked":"Power Through+1","floor":18.0},{"not_picked":["Dark Embrace","Second Wind","Perfected Strike"],"picked":"True Grit","floor":19.0},{"not_picked":["Sword Boomerang","Headbutt+1","Searing Blow"],"picked":"Dark Embrace+1","floor":27.0},{"not_picked":["Clash+1","Brutality","Iron Wave"],"picked":"Shockwave","floor":28.0},{"not_picked":["Iron Wave+1","Infernal Blade","Flex"],"picked":"Shrug It Off","floor":30.0},{"not_picked":["Iron Wave","Intimidate","Body Slam"],"picked":"Impervious","floor":31.0},{"not_picked":["Brutality","Reaper","Exhume"],"picked":"Corruption","floor":33.0},{"not_picked":["Anger","Evolve","Ghostly Armor+1"],"picked":"Shrug It Off+1","floor":35.0},{"not_picked":["Spot Weakness+1","Rampage+1","Shrug It Off","Dual Wield+1"],"picked":"SKIP","floor":36.0},{"not_picked":["Bludgeon","Infernal Blade","Metallicize+1"],"picked":"Battle Trance","floor":37.0},{"not_picked":["Body Slam","Anger+1","Pommel Strike+1"],"picked":"Juggernaut","floor":37.0},{"not_picked":["Perfected Strike","Warcry","Thunderclap+1","Headbutt"],"picked":"SKIP","floor":39.0},{"not_picked":["Disarm","Combust","Spot Weakness"],"picked":"Dual Wield+1","floor":41.0},{"not_picked":["Flex+1","Iron Wave+1","Thunderclap"],"picked":"Reaper","floor":42.0},{"not_picked":["Anger","Feed","Wild Strike","Carnage"],"picked":"SKIP","floor":44.0},{"not_picked":["Dark Shackles","Jack Of All Trades","Deep Breath"],"picked":"Thinking Ahead","floor":45.0},{"not_picked":["Searing Blow","Headbutt+1","Body Slam+1","Ghostly Armor+1"],"picked":"SKIP","floor":46.0},{"not_picked":["Cleave+1","Sword Boomerang+1","Anger"],"picked":"Feel No Pain","floor":47.0},{"not_picked":["Twin Strike+1","Iron Wave","Headbutt+1","Dark Embrace"],"picked":"SKIP","floor":48.0},{"not_picked":["Limit Break","Entrench","Pummel"],"picked":"Shrug It Off","floor":54}],"player_experience":678172,"relics_obtained":[{"floor":6.0,"key":"Mercury Hourglass"},{"floor":8.0,"key":"Whetstone"},{"floor":9.0,"key":"Question Card"},{"floor":12.0,"key":"MealTicket"},{"floor":19.0,"key":"Red Mask"},{"floor":26.0,"key":"Orichalcum"},{"floor":28.0,"key":"Shovel"},{"floor":31.0,"key":"Oddly Smooth Stone"},{"floor":41.0,"key":"Boot"},{"floor":43.0,"key":"Regal Pillow"},{"floor":44.0,"key":"Letter Opener"},{"floor":47.0,"key":"Calipers"},{"floor":54,"key":"CaptainsWheel"}],"event_choices":[{"damage_healed":0.0,"max_hp_gain":0.0,"max_hp_loss":6.0,"gold_gain":0.0,"event_name":"Golden Idol","player_choice":"Lose Max HP","floor":2.0,"gold_loss":0.0,"damage_taken":0.0,"relics_obtained":["Golden Idol"]},{"cards_removed":["Strike_R"],"damage_healed":0.0,"max_hp_gain":0.0,"max_hp_loss":0.0,"gold_gain":0.0,"event_name":"The Cleric","player_choice":"Card Removal","floor":3.0,"gold_loss":50.0,"damage_taken":0.0},{"damage_healed":0.0,"max_hp_gain":0.0,"max_hp_loss":0.0,"gold_gain":79.0,"event_name":"Golden Wing","player_choice":"Gained Gold","floor":14.0,"gold_loss":0.0,"damage_taken":0.0},{"damage_healed":0.0,"max_hp_gain":0.0,"max_hp_loss":0.0,"gold_gain":0.0,"event_name":"Masked Bandits","player_choice":"Fought Bandits","floor":19.0,"gold_loss":0.0,"damage_taken":0.0},{"cards_removed":["Strike_R"],"damage_healed":0.0,"max_hp_gain":0.0,"max_hp_loss":0.0,"gold_gain":0.0,"event_name":"Back to Basics","player_choice":"Elegance","floor":20.0,"gold_loss":0.0,"damage_taken":0.0},{"damage_healed":0.0,"max_hp_gain":0.0,"max_hp_loss":0.0,"gold_gain":0.0,"event_name":"Ghosts","player_choice":"Ignored","floor":21.0,"gold_loss":0.0,"damage_taken":0.0},{"damage_healed":0.0,"max_hp_gain":0.0,"max_hp_loss":0.0,"gold_gain":0.0,"event_name":"Forgotten Altar","player_choice":"Gave Idol","floor":22.0,"relics_lost":["Golden Idol"],"gold_loss":0.0,"damage_taken":0.0,"relics_obtained":["Bloody Idol"]},{"cards_removed":["Strike_R"],"damage_healed":0.0,"max_hp_gain":0.0,"max_hp_loss":0.0,"gold_gain":0.0,"event_name":"Purifier","player_choice":"Purged","floor":24.0,"gold_loss":0.0,"damage_taken":0.0},{"damage_healed":0.0,"max_hp_gain":0.0,"max_hp_loss":0.0,"gold_gain":0.0,"event_name":"Accursed Blacksmith","player_choice":"Forge","floor":38.0,"gold_loss":0.0,"damage_taken":0.0,"cards_upgraded":["Battle Trance"]},{"damage_healed":0.0,"max_hp_gain":0.0,"max_hp_loss":0.0,"gold_gain":0.0,"event_name":"SensoryStone","player_choice":"Memory 3","floor":45.0,"gold_loss":0.0,"damage_taken":10.0}],"is_beta":false,"boss_relics":[{"not_picked":["Calling Bell","Ectoplasm"],"picked":"Coffee Dripper"},{"not_picked":["Busted Crown","Runic Cube"],"picked":"Black Blood"}],"items_purged_floors":[13,29,53],"is_endless":false,"potions_floor_spawned":[5,6,12,16,18,27,33,39,42,44,47,48,54],"ascension_level":10}}