{"host":"a271difpu8igxb07","time":1608742705,"event":{"mods":["AchievementEnabler","Act Like it!","Ascension Reborn","Aspiration","BaseMod","Better Note","Challenge The Spire","Colored Map","Colored Powertips","Conspire","Custom Start","Downfall","Energized Spire","Halation","Hermit","Hubris","Infinite Spire","Minty Spire (QoL Compilation)","Quick Restart","READ ME - Guardian Mod","Replay The Spire","Retaliation","StSLib","The Construct","vexMod"],"gold_per_floor":[118,393,412,412,387,387,387,387,438,256,282,282,300,300,300,407,407,428,450,185,202,202,202,223,223,250,262,262,288,310,310,310,421,421,456,456,479,479,516,516,87,87,87,111,111,111,111,132,132,184],"floor_reached":51,"playtime":2579,"items_purged":[],"score":720,"play_id":"a6f1daa6-926b-46b5-9e99-99689552c5d3","local_time":"20201223235825","is_ascension_mode":true,"campfire_choices":[{"data":"Zap","floor":6.0,"key":"SMITH"},{"data":"Barrage","floor":8.0,"key":"SMITH"},{"floor":15.0,"key":"REST"},{"floor":23.0,"key":"REST"},{"floor":28.0,"key":"REST"},{"floor":40,"key":"REST"},{"floor":42,"key":"REST"},{"data":"infinitespire:Starlight","floor":45,"key":"SMITH"},{"data":"hubris:PowerSurge","floor":47,"key":"SMITH"},{"floor":49,"key":"REST"}],"circlet_count":0,"master_deck":["Strike_B","Strike_B","Strike_B","Strike_B","Defend_B","Defend_B","Defend_B","Zap+1","Dualcast","Barrage+1","Regret","Genetic Algorithm","Chaos+1","Turbo+1","Doom and Gloom","Chill","Electrodynamics+1","Undo+1","Cold Snap","Capacitor","Consume","Sweeping Beam+1","expansioncontent:Hexaburn","hubris:Insight","BasicCrystalCard+1","Consume","Stack+1","Darkness+1","Glacier","infinitespire:UltimateForm","ReplayRNGCard+1","Panic Button","Conserve Battery+1","infinitespire:Starlight+1","Reprogram+1","hubris:PowerSurge+1","Conserve Battery","White Noise","Beam Cell","Sickly","Aggregate+1","Crystallizer+1"],"relics":["Cracked Core","halation:BottledLove","infinitespire:Satchel","Runic Capacitor","infinitespire:Lucky Rock","hubris:Reverence","halation:IllGainedPizza","energizedSpire:MagnifyingGlass","Chemical X","Vajra","Membership Card","energizedSpire:RedRose","Cursed Key","Lantern","halation:Thesaurus","Replay:Frozen Program","Bottled Lightning","Bottled Tornado","hubris:Icosahedron"],"acts_visited":["Exordium","TheCity","TheBeyond"],"potions_floor_usage":[50],"damage_taken":[{"damage":6.0,"enemies":"2 Louse","floor":1.0,"turns":2.0},{"damage":2.0,"enemies":"Cultist","floor":3.0,"turns":3.0},{"damage":18.0,"enemies":"Replay:BlueRogue","floor":11.0,"turns":5.0},{"damage":0.0,"enemies":"conspire:RoseBush","floor":13.0,"turns":2.0},{"damage":49.0,"enemies":"Slime Boss","floor":16.0,"turns":8.0},{"damage":18.0,"enemies":"Shell Parasite","floor":18.0,"turns":4.0},{"damage":5.0,"enemies":"Chosen","floor":19.0,"turns":4.0},{"damage":5.0,"enemies":"Centurion and Healer","floor":21.0,"turns":5.0},{"damage":10.0,"enemies":"Shelled Parasite and Fungi","floor":24.0,"turns":5.0},{"damage":3.0,"enemies":"conspire:HollyBat","floor":27.0,"turns":5.0},{"damage":19.0,"enemies":"Cultist and Chosen","floor":29.0,"turns":7.0},{"damage":20.0,"enemies":"Snake Plant","floor":30.0,"turns":3.0},{"damage":4.0,"enemies":"Champ","floor":33.0,"turns":11.0},{"damage":39.0,"enemies":"3 Darklings","floor":35.0,"turns":5.0},{"damage":17,"enemies":"3 Shapes","floor":37,"turns":5},{"damage":12,"enemies":"Spire Growth","floor":39,"turns":5},{"damage":27,"enemies":"4 Shapes","floor":44,"turns":3},{"damage":3,"enemies":"3 Darklings","floor":48,"turns":3},{"damage":45,"enemies":"infinitespire:MassOfShapes","floor":50,"turns":9}],"seed_played":"7497996442874788328","potions_obtained":[{"floor":11.0,"key":"DuplicationPotion"},{"floor":13.0,"key":"Dexterity Potion"},{"floor":18.0,"key":"Reflective Coating"},{"floor":19.0,"key":"Block Potion"},{"floor":21.0,"key":"Strength Potion"},{"floor":24.0,"key":"Weak Potion"},{"floor":32.0,"key":"Milkshake"},{"floor":32.0,"key":"CultistPotion"},{"floor":35.0,"key":"AttackPotion"},{"floor":37,"key":"GamblersBrew"}],"is_trial":true,"path_per_floor":["M","?","M","?","?","R","?","R","T","$","E","T","M","?","R","B",null,"M","M","$","M","?","R","M","?","T","M","R","M","M","AVR","R_BF","B",null,"M","?","M","AVR","M","R","$","R","T","M","R","?","R","M","R","B",null],"character_chosen":"DEFECT","items_purchased":["Runic Capacitor","Turbo+1","Capacitor","Chemical X","Consume","Lantern","hubris:PowerSurge","Conserve Battery","White Noise","halation:Thesaurus","Bottled Lightning","Regen Potion","Beam Cell"],"campfire_rested":6,"item_purchase_floors":[10,10,20,20,20,41,41,41,41,41,41,41,41],"current_hp_per_floor":[69,69,67,67,67,67,67,67,67,67,49,49,49,42,64,15,75,57,52,52,47,28,50,40,40,40,37,59,40,20,20,20,16,75,36,36,19,19,17,39,39,61,61,44,44,44,44,56,75,50],"gold":184,"neow_bonus":"","is_daily":false,"chose_seed":false,"campfire_upgraded":4,"win_rate":0.0,"timestamp":1608742705,"path_taken":["M","?","?","?","?","R","?","R","T","$","E","?","?","?","R","BOSS","M","M","$","M","?","R","M","?","T","?","R","M","M","AVR","R_BF","BOSS","M","?","?","AVR","M","R","$","R","T","M","R","?","R","M","R","BOSS"],"items_purchased_type":["Relic","Card","Card","Relic","Card","Relic","Card","Card","Card","Relic","Relic","Potion","Card"],"build_version":"2020-12-22","purchased_purges":0,"victory":true,"max_hp_per_floor":[75,75,75,75,75,75,75,75,75,75,75,75,75,75,75,75,75,75,75,75,75,75,75,75,75,75,75,75,75,75,75,75,75,75,75,75,75,75,75,75,75,75,75,75,75,75,75,75,75,75],"card_choices":[{"not_picked":["ReplaySort","Rebound"],"picked":"Barrage","floor":1.0},{"not_picked":["Leap","Sweeping Beam"],"picked":"Genetic Algorithm","floor":3.0},{"not_picked":["Gash","ReplayGash"],"picked":"Doom and Gloom","floor":11.0},{"not_picked":["Turbo","Leap"],"picked":"Chill","floor":13.0},{"not_picked":["Meteor Strike","Mirror Shield"],"picked":"Electrodynamics","floor":16.0},{"not_picked":["Streamline","Sunder+1"],"picked":"Undo+1","floor":18.0},{"not_picked":["FTL","Darkness"],"picked":"Cold Snap","floor":19.0},{"not_picked":["Sunder+1","Rebound"],"picked":"Sweeping Beam+1","floor":21.0},{"not_picked":["Reinforced Body","Heatsinks"],"picked":"BasicCrystalCard+1","floor":24.0},{"not_picked":["Rebound","ReplayGash"],"picked":"Stack+1","floor":27.0},{"not_picked":["Skim","Beam Cell+1"],"picked":"Darkness+1","floor":29.0},{"not_picked":["Auto Shields","Panic Button"],"picked":"Glacier","floor":30.0},{"not_picked":["hubris:SpecializedCircuitry","Reboot"],"picked":"ReplayRNGCard","floor":33.0},{"not_picked":["BasicCrystalCard+1","Beam Cell"],"picked":"Panic Button","floor":35.0},{"not_picked":["Cold Snap","Panic Button+1"],"picked":"Conserve Battery+1","floor":37},{"not_picked":["ReplayGash","Gash+1"],"picked":"Reprogram+1","floor":39},{"not_picked":["Beam Cell+1","Compile Driver"],"picked":"Aggregate+1","floor":44},{"not_picked":["Hologram","Rebound"],"picked":"Crystallizer+1","floor":48}],"player_experience":93506,"relics_obtained":[{"floor":4.0,"key":"halation:BottledLove"},{"floor":9.0,"key":"infinitespire:Satchel"},{"floor":11.0,"key":"infinitespire:Lucky Rock"},{"floor":12.0,"key":"hubris:Reverence"},{"floor":26.0,"key":"Vajra"},{"floor":43,"key":"Bottled Tornado"}],"event_choices":[{"damage_healed":0.0,"max_hp_gain":0.0,"max_hp_loss":0.0,"gold_gain":275.0,"event_name":"Golden Shrine","player_choice":"Desecrate","floor":2.0,"gold_loss":0.0,"damage_taken":0.0,"cards_obtained":["Regret"]},{"damage_healed":0.0,"max_hp_gain":0.0,"max_hp_loss":0.0,"gold_gain":0.0,"event_name":"Scrap Ooze","player_choice":"Success","floor":14.0,"gold_loss":0.0,"damage_taken":7.0,"relics_obtained":["halation:IllGainedPizza"]},{"damage_healed":0.0,"max_hp_gain":0.0,"max_hp_loss":0.0,"gold_gain":0.0,"event_name":"Knowing Skull","player_choice":"CARD CARD ","floor":22.0,"potions_obtained":[],"gold_loss":0.0,"damage_taken":19.0,"cards_obtained":["expansioncontent:Hexaburn","hubris:Insight"]},{"damage_healed":0.0,"max_hp_gain":0.0,"max_hp_loss":0.0,"gold_gain":0.0,"event_name":"Duplicator","player_choice":"Copied","floor":25.0,"gold_loss":0.0,"damage_taken":0.0,"cards_obtained":["Consume"]},{"damage_healed":0.0,"max_hp_gain":0.0,"max_hp_loss":0.0,"gold_gain":0.0,"event_name":"SecretPortal","player_choice":"Ignored","floor":36.0,"gold_loss":0.0,"damage_taken":0.0}],"is_beta":false,"boss_relics":[{"not_picked":["Runic Dome","ReplayTheSpireMod:SealedPack"],"picked":"energizedSpire:MagnifyingGlass"},{"not_picked":["hubris:VirtuousBlindfold","aspiration:SilentSkillbook"],"picked":"energizedSpire:RedRose"}],"items_purged_floors":[],"is_endless":false,"potions_floor_spawned":[11,13,18,19,21,24,35,37],"ascension_level":0}}