{"host":"yd9r7zy2pq4z3cad","time":1608734988,"event":{"mods":["AchievementEnabler","Act Like it!","Astrologer","BaseMod","Beaked The Cultist","Better Third Choice","BetterRewards","Colored Map","Colored Powertips","Conspire","Curses Come First","Displayed Cursed Tome","Downfall","Elementarium","GifTheSpireLib","Halation","Hallownest","Hermit","Highlight Path","Hubris","Infinite Spire","Jorbs\u0027s Wanderer Trilogy","Menagerie","Minty Spire (QoL Compilation)","Pale of the Ancients","Permanent Neow","Rare Cards Sparkle","Relic Sorter","Relic Stats","Replay The Spire","Shade Mod","StSLib","Stuff the Spire","The Alterego","The Blackbeard","The Bladedancer","The Bug Knight","The Cursed","The Dragon Tamer","The Exalted","The Factory","The Forsaken","The Gatherer","The Hierophant","The Jungle","The Mystic","The Necromancer","The Problem Sleuth","The Runesmith","The Servant 0.9.4","The Spell Scribe","vexMod"],"gold_per_floor":[114,114,131,131,131,166,179,179,252,277,290,290,290,306,306,411,411,423,423,4,19,19,47,47,60,60,60,60,60,72,86,86,86,86],"floor_reached":33,"playtime":2610,"items_purged":["Strike_R","Strike_R","Strike_R"],"score":275,"play_id":"6eb36745-eb97-4716-82e3-e09cb9aed8b2","local_time":"20201223194948","is_ascension_mode":false,"campfire_choices":[{"data":"Metallicize","floor":8,"key":"SMITH"},{"data":"Run Through","floor":12,"key":"SMITH"},{"data":"hubris:ReadiedAction","floor":15,"key":"SMITH"},{"floor":24,"key":"REST"},{"floor":28,"key":"REST"},{"floor":32,"key":"REST"}],"circlet_count":1,"master_deck":["Strike_R","Strike_R","Defend_R","Defend_R+1","Defend_R+1","Defend_R","Bash","ReplayTheSpireMod:Stacked","Iron Wave","Rampage","Metallicize+1","Flex","Run Through+1","hubris:ReadiedAction+1","Twin Strike","Thunderclap+1","Armaments","Cleave","Flex","Run Through","hubris:SharpeningStone+1"],"relics":["Burning Blood","Replay:Kaleidoscope","Thread and Needle","hubris:Zylophone","Hallownest:DreamNailRelic","Bromod:ArcaneTempo","Letter Opener","infinitespire:Bottled Soul","Circlet","Black Star","infinitespire:Golems Mask","Orichalcum","ReplayFunnel","Gremlin Food","InkBottle","theForsaken:Lifeblossom"],"acts_visited":["Hallownest:Greenpath","TheCity"],"potions_floor_usage":[6,16,18,23,25],"damage_taken":[{"damage":0,"enemies":"2_ Uuma","floor":1,"turns":5},{"damage":0,"enemies":"Hallownest:2_Baldur","floor":3,"turns":7},{"damage":14,"enemies":"Hallownest:eliteMossKnight","floor":6,"turns":13},{"damage":5,"enemies":"Hallownest:2_MossCreeps","floor":7,"turns":12},{"damage":4,"enemies":"Hallownest:eliteCrystalGuardian","floor":10,"turns":7},{"damage":7,"enemies":"Hallownest:1_Baldur_1_Crawlid_1_Warrior","floor":11,"turns":6},{"damage":1,"enemies":"Hallownest:Guard_and_Warrior","floor":14,"turns":7},{"damage":11,"enemies":"Hallownest:BossFalseKnight","floor":16,"turns":10},{"damage":25,"enemies":"3 Byrds","floor":18,"turns":8},{"damage":15,"enemies":"2 Thieves","floor":21,"turns":4},{"damage":69,"enemies":"Gremlin Leader","floor":23,"turns":7},{"damage":2,"enemies":"Centurion and Healer","floor":25,"turns":7},{"damage":31,"enemies":"Snake Plant","floor":30,"turns":5},{"damage":4,"enemies":"Snecko","floor":31,"turns":6},{"damage":87,"enemies":"hubris:MusketHawk","floor":33,"turns":11}],"seed_played":"-6531920354750640219","potions_obtained":[{"floor":3,"key":"FairyPotion"},{"floor":5,"key":"EssenceOfSteel"},{"floor":11,"key":"sneckomod:MuddlingPotion"},{"floor":14,"key":"LifebloodPotion"},{"floor":16,"key":"Adrenaline Potion"},{"floor":18,"key":"PowerPotion"},{"floor":25,"key":"SteroidPotion"}],"is_trial":false,"path_per_floor":["M","?","M","?","?","E","M","R","T","E","M","R","?","M","R","B",null,"M","?","$","M","?","E","R","M","T","?","R","$","M","M","R_BF","B"],"character_chosen":"IRONCLAD","items_purchased":["Replay:Kaleidoscope","ReplayTheSpireMod:Stacked","infinitespire:Golems Mask","Thunderclap","theForsaken:Lifeblossom"],"campfire_rested":3,"item_purchase_floors":[0,0,20,20,29],"current_hp_per_floor":[70,70,76,76,76,68,69,69,69,71,70,70,70,75,75,70,80,61,61,61,52,52,18,42,46,46,37,61,46,27,35,59,0,0],"gold":86,"neow_bonus":"","is_daily":false,"chose_seed":false,"campfire_upgraded":3,"win_rate":0.0,"timestamp":1608734988,"path_taken":["M","?","M","?","?","E","M","R","T","E","?","R","?","?","R","BOSS","M","?","?","M","?","E","R","M","T","?","R","?","?","M","R_BF","BOSS"],"items_purchased_type":["Relic","Card","Relic","Card","Relic"],"build_version":"2020-12-22","purchased_purges":3,"victory":false,"max_hp_per_floor":[80,80,80,80,80,80,80,80,80,80,80,80,80,80,80,80,80,80,80,80,80,80,80,80,80,80,80,80,80,80,80,80,80,80],"relic_stats":{"counters":[15,115],"Black Star":1,"Letter Opener":[71],"Orichalcum":[48],"obtain_stats":[{"ReplayFunnel":23,"Gremlin Food":23,"Circlet":13,"Thread and Needle":0,"theForsaken:Lifeblossom":29,"Hallownest:DreamNailRelic":4,"Replay:Kaleidoscope":0,"Letter Opener":9,"Orichalcum":22,"Burning Blood":0,"hubris:Zylophone":2,"infinitespire:Bottled Soul":10,"Bromod:ArcaneTempo":6,"infinitespire:Golems Mask":20,"Black Star":17,"InkBottle":26},{"ReplayFunnel":11,"Gremlin Food":11,"Circlet":6,"Thread and Needle":0,"theForsaken:Lifeblossom":12,"Hallownest:DreamNailRelic":2,"Replay:Kaleidoscope":0,"Letter Opener":4,"Orichalcum":10,"Burning Blood":0,"hubris:Zylophone":1,"infinitespire:Bottled Soul":5,"Bromod:ArcaneTempo":3,"infinitespire:Golems Mask":9,"Black Star":8,"InkBottle":12},{"ReplayFunnel":86,"Gremlin Food":86,"Circlet":50,"Thread and Needle":0,"theForsaken:Lifeblossom":93,"Hallownest:DreamNailRelic":12,"Replay:Kaleidoscope":0,"Letter Opener":37,"Orichalcum":79,"Burning Blood":0,"hubris:Zylophone":5,"infinitespire:Bottled Soul":44,"Bromod:ArcaneTempo":25,"infinitespire:Golems Mask":75,"Black Star":67,"InkBottle":93}],"Burning Blood":84,"InkBottle":[7]},"card_choices":[{"not_picked":["Cleave","StuffTheSpire:RockThrow"],"picked":"Iron Wave","floor":1},{"not_picked":["StuffTheSpire:RockThrow","Abandon"],"picked":"Rampage","floor":3},{"not_picked":["conspire:HitWhereItHurts","Sever Soul"],"picked":"Metallicize","floor":6},{"not_picked":["Iron Wave","Armaments"],"picked":"Flex","floor":7},{"not_picked":["Pommel Strike","Flex"],"picked":"Run Through","floor":10},{"not_picked":["Intimidate","StuffTheSpire:RockThrow"],"picked":"hubris:ReadiedAction","floor":11},{"not_picked":["Flex","Reckless Charge"],"picked":"Twin Strike","floor":14},{"not_picked":["Headbutt","StuffTheSpire:Incineration","Power Through+1"],"picked":"SKIP","floor":18},{"not_picked":["Sword Boomerang","Combust"],"picked":"Armaments","floor":21},{"not_picked":["Iron Wave","Bludgeon"],"picked":"Cleave","floor":23},{"not_picked":["StuffTheSpire:Slingshot","Heavy Blade"],"picked":"Flex","floor":25},{"not_picked":["infinitespire:OneForAll","True Grit"],"picked":"Run Through","floor":30},{"not_picked":["Run Through","Flex+1"],"picked":"hubris:SharpeningStone+1","floor":31}],"player_experience":141005,"relics_obtained":[{"floor":6,"key":"Bromod:ArcaneTempo"},{"floor":9,"key":"Letter Opener"},{"floor":10,"key":"infinitespire:Bottled Soul"},{"floor":23,"key":"ReplayFunnel"},{"floor":23,"key":"Gremlin Food"},{"floor":26,"key":"InkBottle"}],"event_choices":[{"cards_removed":["StuffTheSpire:CuriosityCurse"],"damage_healed":0,"gold_gain":0,"player_choice":"Purged","damage_taken":0,"max_hp_gain":0,"max_hp_loss":0,"event_name":"Purifier","floor":19,"gold_loss":0},{"damage_healed":0,"gold_gain":0,"player_choice":"Stopped","damage_taken":9,"max_hp_gain":0,"max_hp_loss":0,"event_name":"Cursed Tome","floor":27,"gold_loss":0}],"is_beta":false,"boss_relics":[{"not_picked":["vexMod:ImprovementManual","conspire:SlowCooker"],"picked":"Black Star"}],"items_purged_floors":[0,20,29],"is_endless":false,"potions_floor_spawned":[3,11,14,16,18,25],"killed_by":"hubris:MusketHawk","ascension_level":0}}