{"host":"nnxvcju6x1qybncj","time":1608744718,"event":{"mods":["BaseMod","Displayed Cursed Tome","Downfall","Jorbs\u0027s Wanderer Trilogy","Minty Spire (QoL Compilation)","Quick Restart","StSLib","The Construct","The Cursed","The Disciple","The Hierophant","The Judge","The Necromancer","The Spell Scribe","TheFirefly"],"gold_per_floor":[99,118,131,131,131,166,193,193,206,218,168,179,279,109,124,221,221,171,221,326,150,200,10,10,67,123,24,128,178,128,182,232,372,372,322,422,477,527,542,592,592,651,601,657,711,771,250,351,406,406],"floor_reached":51,"playtime":2255,"items_purged":["Slimebound:Strike_Slimebound","Slimebound:Strike_Slimebound","Slimebound:LeechingTouch"],"score":805,"play_id":"9703cf41-0e7f-4816-9b8b-85f0d9a07db6","local_time":"20201223183158","is_ascension_mode":false,"campfire_choices":[{"data":"Slimebound:CorrosiveSpit","floor":1.0,"key":"SMITH"},{"data":"Slimebound:LevelUp","floor":11,"key":"SMITH"},{"data":"Slimebound:MinionMaster","floor":18,"key":"SMITH"},{"data":"Slimebound:LeadByExample","floor":30,"key":"SMITH"},{"data":"Slimebound:LeadByExample","floor":35,"key":"SMITH"},{"data":"Slimebound:RallyTheTroops","floor":43,"key":"SMITH"}],"circlet_count":0,"master_deck":["Slimebound:Defend_Slimebound","Slimebound:Defend_Slimebound","Slimebound:Defend_Slimebound","Slimebound:Defend_Slimebound","Slimebound:Split","Slimebound:CorrosiveSpit+1","Slimebound:OneTwoCombo","Slimebound:LevelUp+1","Slimebound:SplitAcid","Slimebound:SplitBruiser","Slimebound:SplitMire","Slimebound:SplitBruiser","Slimebound:GoopSpray","Slimebound:SplitLeeching","Slimebound:MinionMaster+1","Slimebound:LeadByExample","Slimebound:LeadByExample+1","Slimebound:OneTwoCombo","Slimebound:LivingWall","Slimebound:LivingWall+1","Panache","expansioncontent:AwakenDeath","Slimebound:SlimeTap","Slimebound:FirmFortitude+1","Slimebound:LeadByExample","Slimebound:LeadByExample+1","Slimebound:SlimeSpikes","Slimebound:RejuvenatingLick","Slimebound:RallyTheTroops+1","Slimebound:SplitMire+1","Slimebound:SplitAcid+1","Slimebound:LevelUp+1","Slimebound:Overexert","Slimebound:RallyTheTroops","expansioncontent:StudyTheSpire","Slimebound:LivingWall","Slimebound:SplitAcid+1"],"relics":["Slimebound:AbsorbEndCombat","Slimebound:GreedOozeRelic","Vajra","Bag of Preparation","downfall:CloakOfManyFaces","CultistMask","FaceOfCleric","NlothsMask","GremlinMask","SsserpentHead","construct:ClawGrip","downfall:KnowingSkull","Mummified Hand","MutagenicStrength","Membership Card","Lee\u0027s Waffle","construct:WeddingRing","StoneCalendar","Pear","Bag of Marbles","Pantograph"],"acts_visited":["Exordium","TheCity","TheBeyond"],"potions_floor_usage":[12,16,21,33],"damage_taken":[{"damage":4.0,"enemies":"2 Louse","floor":2.0,"turns":3.0},{"damage":9.0,"enemies":"Jaw Worm","floor":3.0,"turns":3.0},{"damage":19.0,"enemies":"3 Sentries","floor":6.0,"turns":3.0},{"damage":0.0,"enemies":"Cultist","floor":8.0,"turns":1.0},{"damage":12,"enemies":"Red Slaver","floor":9,"turns":1},{"damage":12,"enemies":"2 Fungi Beasts","floor":10,"turns":1},{"damage":8,"enemies":"Exordium Thugs","floor":12,"turns":1},{"damage":21,"enemies":"downfall:FaceTrader","floor":13,"turns":3},{"damage":23,"enemies":"downfall:FleeingMerchant","floor":14,"turns":4},{"damage":14,"enemies":"Red Slaver","floor":15,"turns":2},{"damage":36,"enemies":"downfall:Ironclad","floor":16,"turns":3},{"damage":17,"enemies":"Shell Parasite","floor":20,"turns":2},{"damage":21,"enemies":"downfall:FleeingMerchant","floor":21,"turns":3},{"damage":16,"enemies":"Chosen","floor":25,"turns":2},{"damage":3,"enemies":"Centurion and Healer","floor":26,"turns":2},{"damage":19,"enemies":"Cultist and Chosen","floor":28,"turns":2},{"damage":0,"enemies":"3 Cultists","floor":31,"turns":2},{"damage":0,"enemies":"Snecko","floor":32,"turns":3},{"damage":18,"enemies":"downfall:Watcher","floor":33,"turns":4},{"damage":4,"enemies":"Mind Bloom Boss Battle","floor":36,"turns":1},{"damage":4,"enemies":"3 Darklings","floor":37,"turns":3},{"damage":0,"enemies":"Orb Walker","floor":39,"turns":2},{"damage":3,"enemies":"4 Shapes","floor":42,"turns":2},{"damage":3,"enemies":"Jaw Worm Horde","floor":44,"turns":2},{"damage":7,"enemies":"Sphere and 2 Shapes","floor":45,"turns":2},{"damage":11,"enemies":"Maw","floor":46,"turns":2},{"damage":18,"enemies":"Transient","floor":48,"turns":5},{"damage":3,"enemies":"3 Darklings","floor":49,"turns":2},{"damage":30,"enemies":"downfall:Silent","floor":50,"turns":3}],"seed_played":"7401130750269349037","potions_obtained":[{"floor":6.0,"key":"Energy Potion"},{"floor":9,"key":"construct:ShiftPotion"},{"floor":15,"key":"Energy Potion"},{"floor":16,"key":"AttackPotion"},{"floor":25,"key":"Block Potion"},{"floor":26,"key":"PowerPotion"},{"floor":28,"key":"champ:CounterPotion"},{"floor":33,"key":"EssenceOfSteel"},{"floor":37,"key":"AttackPotion"},{"floor":49,"key":"Block Potion"}],"is_trial":false,"path_per_floor":["R","M","M","?","?","E","T","M","M","M","R","M","?","$","M","B",null,"R","?","M","$","?","$","T","M","M","$","M","?","R","M","M","B",null,"R","?","M","?","M","?","T","M","R","M","M","M","$","M","M","B",null],"character_chosen":"SLIMEBOUND","items_purchased":["Slimebound:LeadByExample","Panache","expansioncontent:AwakenDeath","Mummified Hand","Membership Card","Regen Potion","Lee\u0027s Waffle","Slimebound:LeadByExample","Slimebound:Overexert","Slimebound:RallyTheTroops","Bag of Marbles","Pantograph","expansioncontent:StudyTheSpire","Slimebound:LivingWall"],"campfire_rested":0,"item_purchase_floors":[14,21,21,21,23,23,27,27,47,47,47,47,47,47],"current_hp_per_floor":[60,56,55,55,55,44,44,44,46,48,48,52,49,53,48,27,63,63,57,51,45,45,45,45,40,42,74,70,70,70,76,77,70,78,78,79,80,80,81,81,91,89,89,93,94,95,95,94,97,90],"gold":406,"neow_bonus":"TRANSFORM_CARD","is_daily":false,"chose_seed":false,"campfire_upgraded":6,"win_rate":0.0,"timestamp":1608744718,"path_taken":["R","M","M","?","?","E","T","M","M","M","R","M","?","$","M","BOSS","R","?","?","$","?","$","T","M","M","?","?","?","R","M","M","BOSS","R","?","M","?","M","?","T","M","R","M","M","M","$","?","M","BOSS"],"items_purchased_type":["Card","Card","Card","Relic","Relic","Potion","Relic","Card","Card","Card","Relic","Relic","Card","Card"],"build_version":"2020-12-22","purchased_purges":3,"victory":true,"max_hp_per_floor":[60,60,60,60,60,60,60,60,60,60,60,60,60,61,62,63,63,63,63,64,65,65,65,65,66,67,74,75,75,75,76,77,78,78,78,79,80,80,81,81,91,92,92,93,94,95,95,96,97,98],"card_choices":[{"not_picked":["Slimebound:GoopSpray","Slimebound:LeechingTouch"],"picked":"Slimebound:LevelUp","floor":2.0},{"not_picked":["Slimebound:FinishingTackle","Slimebound:PressTheAttack"],"picked":"Slimebound:SplitAcid","floor":3.0},{"not_picked":["Slimebound:MassFeed","Slimebound:GrowthPunch"],"picked":"Slimebound:SplitBruiser","floor":6.0},{"not_picked":["Slimebound:RollThrough","Slimebound:Gluttony"],"picked":"Slimebound:SplitMire","floor":8},{"not_picked":["Slimebound:Gluttony","Slimebound:GrowthPunch"],"picked":"Slimebound:SplitBruiser","floor":9},{"not_picked":["Slimebound:Equalize","Slimebound:SamplingLick"],"picked":"Slimebound:GoopSpray","floor":10},{"not_picked":["Slimebound:SamplingLick","Slimebound:ItLooksTasty"],"picked":"Slimebound:SplitLeeching","floor":12},{"not_picked":["Slimebound:TongueLash","Slimebound:SlimeSpikes"],"picked":"Slimebound:LeechingTouch","floor":13},{"not_picked":["Slimebound:SamplingLick","Slimebound:Gluttony"],"picked":"Slimebound:MinionMaster","floor":14},{"not_picked":["Slimebound:FinishingTackle","Slimebound:MegaLick"],"picked":"Slimebound:LeadByExample","floor":15},{"not_picked":["Slimebound:Overexert","Slimebound:LeechLife"],"picked":"Slimebound:OneTwoCombo","floor":16},{"not_picked":["Slimebound:FirmFortitude","Slimebound:SplitAcid+1"],"picked":"Slimebound:LivingWall","floor":20},{"not_picked":["Slimebound:Grow+1","Slimebound:PressTheAttack"],"picked":"Slimebound:LivingWall+1","floor":21},{"not_picked":["Slimebound:ComboTackle+1","Slimebound:GrowthPunch"],"picked":"Slimebound:SlimeTap","floor":25},{"not_picked":["Slimebound:Schlurp","Slimebound:FinishingTackle"],"picked":"Slimebound:FirmFortitude+1","floor":26},{"not_picked":["Slimebound:ComboTackle","Slimebound:FinishingTackle"],"picked":"Slimebound:LeadByExample","floor":28},{"not_picked":["Slimebound:ViciousTackle","Slimebound:MegaLick"],"picked":"Slimebound:SlimeSpikes","floor":31},{"not_picked":["Slimebound:GrowthPunch","Slimebound:BestDefense"],"picked":"Slimebound:RejuvenatingLick","floor":32},{"not_picked":["Slimebound:DuplicatedForm","Slimebound:DouseInSlime"],"picked":"Slimebound:RallyTheTroops","floor":33},{"not_picked":["Slimebound:Dissolve","Slimebound:SplitBruiser"],"picked":"Slimebound:SplitMire+1","floor":36},{"not_picked":["Slimebound:LeechingTouch","Slimebound:Chomp","Slimebound:ForwardTackle"],"picked":"SKIP","floor":37},{"not_picked":["Slimebound:SlimeSpikes+1","Slimebound:RainOfGoop+1"],"picked":"Slimebound:SplitAcid+1","floor":39},{"not_picked":["Slimebound:PressTheAttack+1","Slimebound:Nibble+1","Slimebound:SplitAcid"],"picked":"SKIP","floor":42},{"not_picked":["Slimebound:ViciousTackle","Slimebound:Dissolve+1","Slimebound:SamplingLick"],"picked":"SKIP","floor":44},{"not_picked":["Slimebound:GrowthPunch+1","Slimebound:Grow+1","Slimebound:PressTheAttack"],"picked":"SKIP","floor":45},{"not_picked":["Slimebound:PressTheAttack","Slimebound:ViciousTackle"],"picked":"Slimebound:LevelUp+1","floor":46},{"not_picked":["Slimebound:SplitLeeching","Slimebound:LeechingTouch","Slimebound:SlimeSpikes+1"],"picked":"SKIP","floor":48},{"not_picked":["Slimebound:HauntingLick","Slimebound:Prepare"],"picked":"Slimebound:SplitAcid+1","floor":49}],"player_experience":719987,"relics_obtained":[{"floor":6.0,"key":"Vajra"},{"floor":7.0,"key":"Bag of Preparation"},{"floor":13,"key":"downfall:CloakOfManyFaces"},{"floor":36,"key":"StoneCalendar"},{"floor":41,"key":"Pear"}],"event_choices":[{"damage_healed":0,"gold_gain":0,"player_choice":"Inject Mutagens","damage_taken":0,"relics_obtained":["MutagenicStrength"],"max_hp_gain":0,"max_hp_loss":0,"event_name":"Drug Dealer","floor":22,"gold_loss":0},{"cards_removed":["Slimebound:Tackle"],"damage_healed":0,"gold_gain":0,"player_choice":"Purged","damage_taken":0,"max_hp_gain":0,"max_hp_loss":0,"event_name":"Purifier","floor":40,"gold_loss":0}],"is_beta":false,"boss_relics":[{"not_picked":["Philosopher\u0027s Stone","Snecko Eye"],"picked":"construct:ClawGrip"},{"not_picked":["Astrolabe","Runic Dome"],"picked":"construct:WeddingRing"}],"items_purged_floors":[14,27,47],"is_endless":false,"potions_floor_spawned":[6,9,15,16,25,26,28,33,37,46,48,49],"ascension_level":0}}