{"host":"yd9r7zy2pq4z3cad","time":1608732305,"event":{"mods":["AchievementEnabler","Act Like it!","Astrologer","BaseMod","Beaked The Cultist","Better Third Choice","BetterRewards","Colored Map","Colored Powertips","Conspire","Curses Come First","Displayed Cursed Tome","Downfall","Elementarium","GifTheSpireLib","Halation","Hallownest","Hermit","Highlight Path","Hubris","Infinite Spire","Jorbs\u0027s Wanderer Trilogy","Menagerie","Minty Spire (QoL Compilation)","Pale of the Ancients","Permanent Neow","Rare Cards Sparkle","Relic Sorter","Relic Stats","Replay The Spire","Shade Mod","StSLib","Stuff the Spire","The Alterego","The Blackbeard","The Bladedancer","The Bug Knight","The Cursed","The Dragon Tamer","The Exalted","The Factory","The Forsaken","The Gatherer","The Hierophant","The Jungle","The Mystic","The Necromancer","The Problem Sleuth","The Runesmith","The Servant 0.9.4","The Spell Scribe","vexMod"],"gold_per_floor":[115,83,103,120,0,0,18,18,18,18,28,63,63,79,79,182,182,198,198,198,215,215,246,246,272,272,232,232,232],"floor_reached":28,"playtime":1970,"items_purged":["Strike_G","theForsaken:PlagueCurse"],"score":256,"play_id":"2128cdad-ed16-4342-9213-16465c260a7d","local_time":"20201223190505","is_ascension_mode":false,"campfire_choices":[{"floor":6,"key":"REST"},{"data":"StuffTheSpire:DoubleShiv","floor":8,"key":"SMITH"},{"floor":13,"key":"REST"},{"data":"StuffTheSpire:Shiver","floor":15,"key":"SMITH"}],"circlet_count":0,"master_deck":["Strike_G","Strike_G","Strike_G","Strike_G","Defend_G","Defend_G","Defend_G","Defend_G","Defend_G","Survivor","Neutralize","Well Laid Plans+1","StuffTheSpire:Shiver+1","Deflect","Deadly Poison","Enlightenment","StuffTheSpire:DoubleShiv+1","Underhanded Strike","infinitespire:Neurotoxin","Sucker Punch+1","StuffTheSpire:ReptileScales","theSleuth:MortholDryax","Riddle With Holes","Glass Knife"],"relics":["Ring of the Snake","Gremlin Horn","Tough Bandages","hubris:AstralHammer","betterThird:SlimedRelic","Bromod:ArcaneConsequence","GremlinMask","Pen Nib","theForsaken:PlagueMask","StuffTheSpire:BottledEssence","conspire:BottledYoYo","vexMod:BerryBomb","Replay:Blank Codex","Meat on the Bone","Replay:WaspNest"],"acts_visited":["Exordium","TheCity"],"potions_floor_usage":[16,18,25,25],"damage_taken":[{"damage":0,"enemies":"Small Slimes","floor":1,"turns":5},{"damage":4,"enemies":"conspire:RoseBush","floor":3,"turns":3},{"damage":4,"enemies":"Jaw Worm","floor":4,"turns":6},{"damage":0,"enemies":"Blue Slaver","floor":7,"turns":5},{"damage":2,"enemies":"Red Slaver","floor":11,"turns":4},{"damage":5,"enemies":"3 Sentries","floor":12,"turns":11},{"damage":2,"enemies":"2 Fungi Beasts","floor":14,"turns":3},{"damage":35,"enemies":"The Guardian","floor":16,"turns":12},{"damage":3,"enemies":"conspire:FuzzyDice","floor":18,"turns":9},{"damage":1,"enemies":"3 Byrds","floor":21,"turns":6},{"damage":25,"enemies":"Nightmare","floor":23,"turns":9},{"damage":16,"enemies":"Gremlin Leader","floor":25,"turns":8},{"damage":24,"enemies":"3 Cultists","floor":28,"turns":4}],"seed_played":"4578496605546786461","potions_obtained":[{"floor":11,"key":"Block Potion"},{"floor":14,"key":"champ:CounterPotion"},{"floor":16,"key":"Swift Potion"},{"floor":18,"key":"Elixir"}],"is_trial":false,"path_per_floor":["M","?","M","M","?","R","M","R","T","?","M","E","R","M","R","B",null,"M","?","AVR","M","?","NM","?","E","T","?","M"],"character_chosen":"THE_SILENT","items_purchased":["Gremlin Horn","Well Laid Plans"],"campfire_rested":2,"item_purchase_floors":[0,0],"current_hp_per_floor":[56,45,41,37,43,65,65,65,65,65,63,58,76,74,74,39,76,73,73,73,72,72,53,37,21,21,21,0,0],"gold":232,"neow_bonus":"","is_daily":false,"chose_seed":false,"campfire_upgraded":2,"win_rate":0.0,"timestamp":1608732305,"path_taken":["M","?","M","M","?","R","?","R","T","?","M","E","R","M","R","BOSS","M","?","AVR","M","?","NM","?","E","T","?","M"],"items_purchased_type":["Relic","Card"],"build_version":"2020-12-22","purchased_purges":2,"victory":false,"max_hp_per_floor":[70,70,70,70,76,76,76,76,76,76,76,76,76,76,76,76,76,76,76,76,76,76,82,82,82,82,82,82,82],"relic_stats":{"Tough Bandages":[225],"Gremlin Horn":[13,13],"counters":[48,223],"Pen Nib":[11],"obtain_stats":[{"ReplayFunnel":37,"Gremlin Horn":0,"SacredBark":17,"GremlinMask":10,"Snake Skull":62,"StuffTheSpire:BottledEssence":20,"Boot":27,"theForsaken:PlagueMask":19,"Pet Ghost":40,"Replay:Bandana":45,"Tough Bandages":51,"hubris:Icosahedron":12,"infinitespire:ShieldingShard":14,"hubris:AstralHammer":0,"Strawberry":26,"Philosopher\u0027s Stone":34,"Iron Hammer":9,"WingedGreaves":63,"HandDrill":37,"HollowMod:PaleOreRelic":37,"Replay:Wax Seal":60,"Replay:Blank Codex":24,"Ring of the Snake":0,"Golden Idol":3,"vexMod:BerryBomb":23,"conspire:SlowCooker":53,"Pen Nib":12,"Replay:WaspNest":26,"Orichalcum":48,"Bromod:ArcaneConsequence":9,"Bronze Scales":36,"betterThird:SlimedRelic":2,"ReplayTheSpireMod:TigerMarble":30,"Snack Pack":65,"conspire:BottledYoYo":22,"conspire:DeflatedDodgeball":11,"Toy Ornithopter":19,"infinitespire:PuzzleCube":23,"Meat on the Bone":25},{"ReplayFunnel":20,"Gremlin Horn":35,"SacredBark":9,"GremlinMask":39,"Snake Skull":30,"StuffTheSpire:BottledEssence":44,"Boot":15,"theForsaken:PlagueMask":44,"Pet Ghost":22,"Replay:Bandana":23,"Tough Bandages":26,"hubris:Icosahedron":6,"infinitespire:ShieldingShard":8,"hubris:AstralHammer":35,"Strawberry":14,"Philosopher\u0027s Stone":19,"Iron Hammer":4,"WingedGreaves":31,"HandDrill":20,"HollowMod:PaleOreRelic":20,"Replay:Wax Seal":29,"Replay:Blank Codex":46,"Ring of the Snake":0,"Golden Idol":2,"vexMod:BerryBomb":46,"conspire:SlowCooker":27,"Pen Nib":41,"Replay:WaspNest":47,"Orichalcum":25,"Bromod:ArcaneConsequence":39,"Bronze Scales":20,"betterThird:SlimedRelic":36,"ReplayTheSpireMod:TigerMarble":17,"Snack Pack":32,"conspire:BottledYoYo":45,"conspire:DeflatedDodgeball":6,"Toy Ornithopter":10,"infinitespire:PuzzleCube":13,"Meat on the Bone":47},{"ReplayFunnel":72,"Gremlin Horn":138,"SacredBark":34,"GremlinMask":157,"Snake Skull":123,"StuffTheSpire:BottledEssence":196,"Boot":55,"theForsaken:PlagueMask":196,"Pet Ghost":84,"Replay:Bandana":90,"Tough Bandages":106,"hubris:Icosahedron":20,"infinitespire:ShieldingShard":27,"hubris:AstralHammer":138,"Strawberry":51,"Philosopher\u0027s Stone":69,"Iron Hammer":11,"WingedGreaves":128,"HandDrill":72,"HollowMod:PaleOreRelic":72,"Replay:Wax Seal":120,"Replay:Blank Codex":211,"Ring of the Snake":0,"Golden Idol":4,"vexMod:BerryBomb":211,"conspire:SlowCooker":116,"Pen Nib":172,"Replay:WaspNest":219,"Orichalcum":101,"Bromod:ArcaneConsequence":157,"Bronze Scales":72,"betterThird:SlimedRelic":143,"ReplayTheSpireMod:TigerMarble":60,"Snack Pack":131,"conspire:BottledYoYo":202,"conspire:DeflatedDodgeball":20,"Toy Ornithopter":37,"infinitespire:PuzzleCube":47,"Meat on the Bone":219}],"Ring of the Snake":[96],"Meat on the Bone":0},"card_choices":[{"not_picked":["Masterful Stab","Poisoned Stab"],"picked":"StuffTheSpire:Shiver","floor":1},{"not_picked":["Dagger Throw","Blade Dance"],"picked":"Deflect","floor":3},{"not_picked":["Acrobatics","Wraith Form v2"],"picked":"Deadly Poison","floor":4},{"not_picked":["Terror","Acrobatics"],"picked":"StuffTheSpire:DoubleShiv","floor":7},{"not_picked":["Draining Mist","Poisoned Stab"],"picked":"Underhanded Strike","floor":11},{"not_picked":["Backflip","Bane"],"picked":"infinitespire:Neurotoxin","floor":12},{"not_picked":["Prepared","ReplayTheSpireMod:Speed Training"],"picked":"Sucker Punch","floor":14},{"not_picked":["StuffTheSpire:Sprint","Well Laid Plans"],"picked":"StuffTheSpire:ReptileScales","floor":18},{"not_picked":["Expertise","Dodge and Roll","Sucker Punch"],"picked":"SKIP","floor":21},{"not_picked":["infinitespire:Neurotoxin","Hidden Blade"],"picked":"Riddle With Holes","floor":23},{"not_picked":["Bane","StuffTheSpire:Fury"],"picked":"Glass Knife","floor":25}],"player_experience":139027,"relics_obtained":[{"floor":9,"key":"Bromod:ArcaneConsequence"},{"floor":12,"key":"Pen Nib"},{"floor":23,"key":"vexMod:BerryBomb"},{"floor":25,"key":"Meat on the Bone"},{"floor":26,"key":"Replay:WaspNest"}],"event_choices":[{"damage_healed":0,"gold_gain":0,"player_choice":"Slimed","damage_taken":11,"max_hp_gain":0,"max_hp_loss":0,"event_name":"betterThird:BetterGoop","floor":2,"gold_loss":32},{"damage_healed":0,"gold_gain":0,"player_choice":"RENOUNCE","damage_taken":120,"max_hp_gain":0,"max_hp_loss":0,"event_name":"betterThird:BetterSerpent","floor":5,"gold_loss":120,"cards_obtained":["Enlightenment"]},{"damage_healed":0,"gold_gain":0,"player_choice":"Trade","damage_taken":0,"relics_obtained":["GremlinMask"],"max_hp_gain":0,"max_hp_loss":0,"event_name":"FaceTrader","floor":10,"gold_loss":0},{"damage_healed":0,"gold_gain":0,"player_choice":"Obtain Plague Curse","damage_taken":0,"max_hp_gain":0,"max_hp_loss":0,"event_name":"Plague Doctor","floor":19,"gold_loss":0,"cards_obtained":["theForsaken:PlagueCurse"]},{"damage_healed":0,"gold_gain":0,"player_choice":"Obtained Book","damage_taken":16,"max_hp_gain":0,"max_hp_loss":0,"event_name":"Cursed Tome","floor":24,"gold_loss":0},{"damage_healed":0,"gold_gain":0,"player_choice":"Upgraded Two","damage_taken":0,"max_hp_gain":0,"max_hp_loss":0,"event_name":"Designer","floor":27,"gold_loss":40,"cards_upgraded":["Sucker Punch","Well Laid Plans"]}],"is_beta":false,"boss_relics":[{"not_picked":["vexMod:FluxCapacitor","StuffTheSpire:ModemDavis","Runic Dome"]}],"items_purged_floors":[0,20],"is_endless":true,"potions_floor_spawned":[11,14,16,18],"killed_by":"3 Cultists","ascension_level":0}}