{"host":"irqpc5dtltfquxh7","time":1608713870,"event":{"mods":["2.2 Compatiblity","AchievementEnabler","Act Like it!","Ascension Reborn","Aspiration","BaseMod","Better Third Choice","BetterRewards","CapriCore","Colored Map","Colored Powertips","Conspire","Friendly Minions","Halation","Highlight Path","Hubris","Infinite Spire","Jedi Mod","Minty Spire (QoL Compilation)","MostiFishMod","Permanent Neow","Replay The Spire","RumiaBox-????????","Shop Mod","Spicy Shops","Spikes Relics","StSLib","Strawberry Spire","The Poker Player","Unknown Chances","Waifu the Spire","vexMod","???????????mod"],"gold_per_floor":[119,133,133,147,164,196,206,206,206,233,233,265,265,276,276,276,276,276],"floor_reached":16,"playtime":1175,"items_purged":[],"score":122,"play_id":"4901b733-03b4-4854-bb51-b0ef665aa194","local_time":"20201223145750","is_ascension_mode":true,"metric_token":2130,"campfire_choices":[{"floor":8,"key":"REST"},{"floor":15,"key":"REST"}],"circlet_count":0,"master_deck":["PokerPlayerMod:Diamond1","PokerPlayerMod:Diamond2","PokerPlayerMod:Diamond3","PokerPlayerMod:Diamond4","PokerPlayerMod:Diamond5","PokerPlayerMod:Spade2","PokerPlayerMod:Spade2","PokerPlayerMod:Spade3","PokerPlayerMod:Spade7","PokerPlayerMod:Club1","PokerPlayerMod:Club3","PokerPlayerMod:Heart2","PokerPlayerMod:TrumpStrike","PokerPlayerMod:BadJoker+1","PokerPlayerMod:Mulligan+1","Sharp Hide+1","PokerPlayerMod:Diamond1","PokerPlayerMod:CardPrinter","PokerPlayerMod:Club10+","PokerPlayerMod:Diamond4","PokerPlayerMod:TheDieIsCast+1","PokerPlayerMod:CardPrinter","PokerPlayerMod:Diamond4","PokerPlayerMod:Club4"],"relics":["PokerPlayerMod:DeckCase","DaveBox","DSteel32","infinitespire:Lucky Rock","jedi:purplefairy","GiantMaggot"],"acts_visited":["Exordium"],"potions_floor_usage":[6,12,16],"damage_taken":[{"damage":7,"enemies":"Jaw Worm","floor":1,"turns":4},{"damage":0,"enemies":"Cultist","floor":2,"turns":3},{"damage":7,"enemies":"2 Louse","floor":4,"turns":3},{"damage":9,"enemies":"Lots of Slimes","floor":5,"turns":2},{"damage":10,"enemies":"strawberrySpire:EnergyPylons","floor":6,"turns":4},{"damage":16,"enemies":"Large Slime","floor":7,"turns":4},{"damage":12,"enemies":"3 Sentries","floor":10,"turns":6},{"damage":13,"enemies":"Gremlin Nob","floor":12,"turns":3},{"damage":7,"enemies":"3 Louse","floor":14,"turns":3},{"damage":35,"enemies":"The Guardian","floor":16,"turns":6}],"seed_played":"4786917595741154892","potions_obtained":[{"floor":1,"key":"Adrenaline Potion"},{"floor":10,"key":"SkillPotion"},{"floor":14,"key":"SpeedPotion"}],"is_trial":false,"path_per_floor":["M","M","?","M","M","E","M","R","T","E","?","E","$","M","R","B"],"character_chosen":"THE_POKER_PLAYER","items_purchased":[],"campfire_rested":2,"item_purchase_floors":[],"current_hp_per_floor":[45,51,51,44,37,32,16,31,31,25,25,12,12,8,23,0,0,0],"gold":276,"neow_bonus":"RANDOM_COLORLESS","is_daily":false,"chose_seed":false,"campfire_upgraded":0,"win_rate":0.0,"timestamp":1608713870,"path_taken":["M","M","?","M","?","E","M","R","T","E","?","E","$","M","R","BOSS"],"items_purchased_type":[],"build_version":"2020-12-22","purchased_purges":0,"victory":false,"max_hp_per_floor":[52,52,52,52,52,52,52,52,52,52,52,52,52,52,52,52,52,52],"card_choices":[{"not_picked":["Purity","ReplayTheSpireMod:Uncanny Aura"],"picked":"Sharp Hide","floor":0},{"not_picked":["PokerPlayerMod:CloakAndDiamond","PokerPlayerMod:Configure"],"picked":"PokerPlayerMod:Diamond1","floor":1},{"not_picked":["PokerPlayerMod:Club5","PokerPlayerMod:Spade4"],"picked":"PokerPlayerMod:CardPrinter","floor":2},{"not_picked":["PokerPlayerMod:Heart1","PokerPlayerMod:HiddenCard"],"picked":"PokerPlayerMod:Club9","floor":4},{"not_picked":["PokerPlayerMod:Diamond2","PokerPlayerMod:Diamond3"],"picked":"PokerPlayerMod:Diamond4","floor":5},{"not_picked":["PokerPlayerMod:Manipulation","PokerPlayerMod:JackOfSpades","PokerPlayerMod:Trickery"],"picked":"SKIP","floor":6},{"not_picked":["PokerPlayerMod:Spade1","PokerPlayerMod:Spade2"],"picked":"PokerPlayerMod:TheDieIsCast","floor":7},{"not_picked":["PokerPlayerMod:Diamond4","PokerPlayerMod:DiamondStrike"],"picked":"PokerPlayerMod:CardPrinter","floor":10},{"not_picked":["PokerPlayerMod:ClubDance","PokerPlayerMod:Manipulation"],"picked":"PokerPlayerMod:Diamond4","floor":12},{"not_picked":["PokerPlayerMod:Diamond3","PokerPlayerMod:CardBurn"],"picked":"PokerPlayerMod:Club4","floor":14}],"player_experience":405396,"relics_obtained":[{"floor":6,"key":"infinitespire:Lucky Rock"},{"floor":10,"key":"jedi:purplefairy"},{"floor":12,"key":"GiantMaggot"}],"event_choices":[{"damage_healed":0,"gold_gain":0,"player_choice":"Ignored","damage_taken":0,"max_hp_gain":0,"max_hp_loss":0,"event_name":"Purifier","floor":3,"gold_loss":0},{"damage_healed":0,"gold_gain":0,"player_choice":"Forge","damage_taken":0,"max_hp_gain":0,"max_hp_loss":0,"event_name":"Accursed Blacksmith","floor":11,"gold_loss":0,"cards_upgraded":["PokerPlayerMod:TheDieIsCast"]}],"is_beta":false,"boss_relics":[],"items_purged_floors":[],"is_endless":false,"potions_floor_spawned":[1,10,14],"killed_by":"The Guardian","ascension_level":0}}