{"host":"2461dio7vetlq1z3","time":1608700760,"event":{"mods":["2.2 Compatiblity","AchievementEnabler","BaseMod","Better Third Choice","Hermit","Marisa????????","Minty Spire (QoL Compilation)","Relic Stats","Replay The Spire","Spicy Shops","StSLib","The Runesmith","Waifu the Spire"],"gold_per_floor":[110,130,130,145,165,165,165,200,226,238,268,309,331,378,390,480,592,623,655,667,679,679],"floor_reached":21,"playtime":710,"items_purged":[],"score":406,"play_id":"101c8133-d313-48c4-a448-7a83d1fe00cd","local_time":"20201223061920","is_ascension_mode":true,"campfire_choices":[{"data":"Fire Breathing","floor":6.0,"key":"SMITH"},{"floor":10.0,"key":"REST"},{"data":"Searing Blow","floor":15.0,"key":"SMITH"}],"circlet_count":0,"master_deck":["AscendersBane","Strike_R","Strike_R","Strike_R","Strike_R","Strike_R","Defend_R","Defend_R","Defend_R","Defend_R","Bash","Fire Breathing+1","Perfected Strike","Power Through","Wild Strike","Searing Blow+1","Blood for Blood","True Grit","Metallicize","Fiend Fire","Heavy Blade+1","ReplayTheSpireMod:Strike From Hell"],"relics":["ChewingGum","Centennial Puzzle","ReplayTheSpireMod:Spearhead","MawBank","Shuriken","Sundial","Replay:Wanted Poster"],"acts_visited":["Exordium","TheCity"],"potions_floor_usage":[20,21],"damage_taken":[{"damage":5.0,"enemies":"2 Louse","floor":1.0,"turns":2.0},{"damage":7.0,"enemies":"Cultist","floor":2.0,"turns":4.0},{"damage":0.0,"enemies":"Small Slimes","floor":4.0,"turns":3.0},{"damage":4.0,"enemies":"Red Slaver","floor":5.0,"turns":5.0},{"damage":10.0,"enemies":"Lagavulin","floor":8.0,"turns":5.0},{"damage":6.0,"enemies":"Looter","floor":11.0,"turns":2.0},{"damage":8.0,"enemies":"Gremlin Nob","floor":12.0,"turns":3.0},{"damage":0.0,"enemies":"Blue Slaver","floor":13.0,"turns":3.0},{"damage":30.0,"enemies":"Lagavulin","floor":14.0,"turns":6.0},{"damage":10.0,"enemies":"Slime Boss","floor":16.0,"turns":6.0},{"damage":7,"enemies":"2 Thieves","floor":18,"turns":4},{"damage":24,"enemies":"Shell Parasite","floor":19,"turns":4},{"damage":0,"enemies":"Snake Plant","floor":20,"turns":1},{"damage":29,"enemies":"Masked Bandits","floor":21,"turns":2}],"seed_played":"-8623239843994276450","potions_obtained":[{"floor":1.0,"key":"Strength Potion"},{"floor":2.0,"key":"Fire Potion"},{"floor":11.0,"key":"GamblersBrew"},{"floor":14.0,"key":"PowerPotion"},{"floor":16.0,"key":"SmokeBomb"}],"is_trial":false,"path_per_floor":["M","M","?","M","M","R","?","E","T","R","M","E","M","E","R","B",null,"M","M","M","?"],"character_chosen":"IRONCLAD","items_purchased":[],"campfire_rested":1,"item_purchase_floors":[],"current_hp_per_floor":[63,56,52,52,48,48,48,38,38,60,54,46,46,16,16,6,58,51,27,27,0,0],"gold":679,"neow_bonus":"BOSS_RELIC","is_daily":false,"chose_seed":false,"campfire_upgraded":2,"win_rate":0.0,"timestamp":1608700760,"path_taken":["M","M","?","?","M","R","?","E","T","R","?","E","M","E","R","BOSS","M","M","M","?"],"items_purchased_type":[],"build_version":"2020-12-13","purchased_purges":0,"victory":false,"max_hp_per_floor":[75,75,75,75,75,75,75,75,75,75,75,75,75,75,75,75,75,75,75,75,75,75],"relic_stats":{"Centennial Puzzle":[24],"counters":[14,50],"Shuriken":[2],"Sundial":[2],"MawBank":144,"obtain_stats":[{"Replay:Wanted Poster":17,"Centennial Puzzle":7,"ReplayTheSpireMod:Spearhead":8,"Shuriken":12,"Sundial":14,"ChewingGum":0,"MawBank":9,"Burning Blood":0},{"Replay:Wanted Poster":10,"Centennial Puzzle":4,"ReplayTheSpireMod:Spearhead":5,"Shuriken":7,"Sundial":9,"ChewingGum":0,"MawBank":5,"Burning Blood":0},{"Replay:Wanted Poster":39,"Centennial Puzzle":14,"ReplayTheSpireMod:Spearhead":19,"Shuriken":24,"Sundial":33,"ChewingGum":0,"MawBank":19,"Burning Blood":0}]},"card_choices":[{"not_picked":["Havoc","Cleave"],"picked":"Fire Breathing","floor":1.0},{"not_picked":["Headbutt","Shrug It Off"],"picked":"Perfected Strike","floor":2.0},{"not_picked":["Headbutt","Pommel Strike"],"picked":"Power Through","floor":4.0},{"not_picked":["Anger","Reckless Charge"],"picked":"Wild Strike","floor":5.0},{"not_picked":["Body Slam","ReplayTheSpireMod:LeadingStrike","Cleave"],"picked":"SKIP","floor":8.0},{"not_picked":["Exhume","Twin Strike"],"picked":"Searing Blow","floor":11.0},{"not_picked":["Body Slam","Warcry"],"picked":"Blood for Blood","floor":12.0},{"not_picked":["Infernal Blade","Havoc"],"picked":"True Grit","floor":13.0},{"not_picked":["Pommel Strike","ReplayTheSpireMod:Strike From Hell"],"picked":"Metallicize","floor":14.0},{"not_picked":["Barricade","Hemogenesis"],"picked":"Fiend Fire","floor":16.0},{"not_picked":["Sword Boomerang","Shrug It Off"],"picked":"Heavy Blade+1","floor":18},{"not_picked":["Anger","Replay:Undeath\u0027s Touch"],"picked":"ReplayTheSpireMod:Strike From Hell","floor":19}],"player_experience":965171,"relics_obtained":[{"floor":8.0,"key":"ReplayTheSpireMod:Spearhead"},{"floor":9.0,"key":"MawBank"},{"floor":12.0,"key":"Shuriken"},{"floor":14.0,"key":"Sundial"}],"event_choices":[{"damage_healed":0.0,"max_hp_gain":0.0,"max_hp_loss":0.0,"gold_gain":0.0,"event_name":"The Woman in Blue","player_choice":"Bought 0 Potions","floor":3.0,"gold_loss":0.0,"damage_taken":0.0},{"damage_healed":0.0,"max_hp_gain":0.0,"max_hp_loss":0.0,"gold_gain":0.0,"event_name":"WeMeetAgain","player_choice":"Gave Potion","floor":7.0,"gold_loss":0.0,"damage_taken":0.0,"relics_obtained":["Centennial Puzzle"]},{"damage_healed":0,"gold_gain":0,"player_choice":"Fought Bandits","damage_taken":0,"max_hp_gain":0,"max_hp_loss":0,"event_name":"Masked Bandits","floor":21,"gold_loss":0}],"is_beta":false,"boss_relics":[{"not_picked":["Replay:Bronze Core","Painkiller Herb"],"picked":"Replay:Wanted Poster"}],"items_purged_floors":[],"is_endless":false,"potions_floor_spawned":[1,2,11,14,16,20],"killed_by":"Masked Bandits","ascension_level":20}}