{"host":"lreod2rejfd0az5i","time":1608709539,"event":{"mods":["AchievementEnabler","Aspiration","BaseMod","Colored Powertips","Conspire","Downfall","Highlight Path","Hubris","Infinite Spire","Mad Scientist","Minty Spire (QoL Compilation)","Rare Cards Sparkle","Relic Stats","Replay The Spire","StSLib","The Bug Knight","The Jungle"],"gold_per_floor":[118,118,268,127,127,127,163,163,163,163,163,206,206,229,229,267,267,366,366,380,380,380,403,42,42,42],"floor_reached":25,"playtime":783,"items_purged":["Doubt","Injury"],"score":513,"play_id":"62f0d61f-0836-4050-8c58-5bb222fed4d3","local_time":"20201223004539","is_ascension_mode":true,"campfire_choices":[{"data":"Dodge and Roll","floor":6.0,"key":"SMITH"},{"data":"Noxious Fumes","floor":10.0,"key":"SMITH"},{"data":"Neutralize","floor":13.0,"key":"SMITH"},{"data":"Cloak And Dagger","floor":17.0,"key":"SMITH"}],"circlet_count":0,"master_deck":["AscendersBane","Strike_G","Strike_G","Strike_G+2","Strike_G","Strike_G","Defend_G+1","Defend_G","Defend_G","Defend_G","Defend_G","Survivor","Neutralize+1","Dodge and Roll+1","Footwork+1","Noxious Fumes+1","Cloak And Dagger+1","Phantasmal Killer","Blade Dance","Accuracy","Adrenaline"],"relics":["Ring of the Snake","NeowsBlessing","Golden Idol","aspiration:SeaSaltIceCream","hubris:HollowSoul","Boot","Simple Rune","Ancient Tea Set","SlaversCollar"],"acts_visited":["Exordium","TheCity"],"potions_floor_usage":[18,23,23],"damage_taken":[{"damage":0.0,"enemies":"Jaw Worm","floor":1.0,"turns":1.0},{"damage":0.0,"enemies":"3 Sentries","floor":7.0,"turns":1.0},{"damage":0.0,"enemies":"Gremlin Nob","floor":12.0,"turns":1.0},{"damage":1.0,"enemies":"2 Louse","floor":14.0,"turns":3.0},{"damage":16.0,"enemies":"3 Sentries","floor":16.0,"turns":7.0},{"damage":49,"enemies":"Fading Forest","floor":18,"turns":13},{"damage":16,"enemies":"Shell Parasite","floor":20,"turns":6},{"damage":37,"enemies":"Chosen","floor":23,"turns":7},{"damage":14,"enemies":"Snecko","floor":25,"turns":6}],"seed_played":"7272767243988656026","potions_obtained":[{"floor":1.0,"key":"Explosive Potion"},{"floor":12.0,"key":"Elixir"},{"floor":16.0,"key":"PowerPotion"},{"floor":20,"key":"ColorlessPotion"}],"is_trial":false,"path_per_floor":["M","?","?","$","?","R","E","PTL","PTL","R","T","E","R","M","?","E","R","B",null,"M","?","?","M","$","M"],"character_chosen":"THE_SILENT","items_purchased":["Footwork+1","Accuracy","Adrenaline"],"campfire_rested":0,"item_purchase_floors":[4,24,24],"current_hp_per_floor":[59,59,59,59,59,59,59,59,59,59,59,59,59,58,58,42,42,1,50,34,34,47,10,10,0,0],"gold":42,"neow_bonus":"THREE_ENEMY_KILL","is_daily":false,"chose_seed":false,"campfire_upgraded":4,"win_rate":0.0,"timestamp":1608709539,"path_taken":["M","?","?","$","?","R","E","PTL","PTL","R","T","E","R","M","?","E","R","BOSS","M","?","?","M","$","M"],"items_purchased_type":["Card","Card","Card"],"build_version":"2020-12-22","purchased_purges":2,"victory":false,"max_hp_per_floor":[66,66,66,66,66,66,66,66,66,66,66,66,66,66,66,66,66,66,66,66,66,66,66,66,66,66],"relic_stats":{"counters":[9,48],"Golden Idol":57,"Boot":[31],"obtain_stats":[{"SlaversCollar":19,"NeowsBlessing":0,"Golden Idol":2,"Simple Rune":12,"hubris:HollowSoul":7,"aspiration:SeaSaltIceCream":7,"Boot":11,"Ancient Tea Set":16,"Ring of the Snake":0},{"SlaversCollar":6,"NeowsBlessing":0,"Golden Idol":1,"Simple Rune":3,"hubris:HollowSoul":2,"aspiration:SeaSaltIceCream":2,"Boot":2,"Ancient Tea Set":5,"Ring of the Snake":0},{"SlaversCollar":26,"NeowsBlessing":0,"Golden Idol":1,"Simple Rune":3,"hubris:HollowSoul":2,"aspiration:SeaSaltIceCream":2,"Boot":2,"Ancient Tea Set":13,"Ring of the Snake":0}],"Ring of the Snake":[20]},"card_choices":[{"not_picked":["Bane","Cloak And Dagger"],"picked":"Dodge and Roll","floor":1.0},{"not_picked":["Eviscerate","Dodge and Roll"],"picked":"Noxious Fumes","floor":7.0},{"not_picked":["Flechettes","Prepared","Terror"],"picked":"SKIP","floor":12.0},{"not_picked":["Poisoned Stab","Outmaneuver"],"picked":"Cloak And Dagger","floor":14.0},{"not_picked":["Cloak And Dagger","ReplayTheSpireMod:Speed Training","hubris:SlightOfHand"],"picked":"SKIP","floor":16.0},{"not_picked":["Die Die Die","Replay:Bag of Tricks"],"picked":"Phantasmal Killer","floor":18},{"not_picked":["Cloak And Dagger","ReplayTheSpireMod:Shiv Toss"],"picked":"Blade Dance","floor":20},{"not_picked":["Bane","Quick Slash","Blade Dance"],"picked":"SKIP","floor":23}],"player_experience":855398,"relics_obtained":[{"floor":7.0,"key":"aspiration:SeaSaltIceCream"},{"floor":11.0,"key":"Boot"},{"floor":12.0,"key":"Simple Rune"},{"floor":16.0,"key":"Ancient Tea Set"}],"event_choices":[{"damage_healed":0.0,"max_hp_gain":0.0,"max_hp_loss":0.0,"gold_gain":0.0,"event_name":"Golden Idol","player_choice":"Take Wound","floor":2.0,"gold_loss":0.0,"damage_taken":0.0,"relics_obtained":["Golden Idol"],"cards_obtained":["Injury"]},{"damage_healed":0.0,"max_hp_gain":0.0,"max_hp_loss":0.0,"gold_gain":150.0,"event_name":"Liars Game","player_choice":"AGREE","floor":3.0,"gold_loss":0.0,"damage_taken":0.0,"cards_obtained":["Doubt"]},{"damage_healed":0,"gold_gain":0,"player_choice":"Ignored","damage_taken":0,"max_hp_gain":0,"max_hp_loss":0,"event_name":"Vampires","floor":21,"gold_loss":0},{"damage_healed":13,"gold_gain":0,"player_choice":"Heal","damage_taken":0,"max_hp_gain":0,"max_hp_loss":0,"event_name":"The Library","floor":22,"gold_loss":0}],"is_beta":false,"boss_relics":[{"not_picked":["conspire:SeveredTorchhead","Coffee Dripper"],"picked":"SlaversCollar"}],"items_purged_floors":[4,24],"is_endless":false,"potions_floor_spawned":[1,12,16,20],"killed_by":"Snecko","ascension_level":19}}