{"host":"nnxvcju6x1qybncj","time":1608751527,"event":{"mods":["BaseMod","Displayed Cursed Tome","Downfall","Jorbs\u0027s Wanderer Trilogy","Minty Spire (QoL Compilation)","Quick Restart","StSLib","The Construct","The Cursed","The Disciple","The Hierophant","The Judge","The Necromancer","The Spell Scribe","TheFirefly"],"gold_per_floor":[99,99,99,549,549,549,549,564,380,380,397,76,88,188,201,299,299,299,299,32,47,63,94,94,79,79,79,106,106,123,123,137,137,137,137],"floor_reached":33,"playtime":2293,"items_purged":["Guardian:Strike_Guardian","Slimebound:Icky"],"score":271,"play_id":"5c332cfa-0131-4771-ab63-3295e23f84f7","local_time":"20201223202527","is_ascension_mode":false,"campfire_choices":[{"data":"Guardian:TwinSlam","floor":1,"key":"SMITH"},{"data":"Guardian:Repulse","floor":10,"key":"SMITH"},{"floor":27,"key":"REST"},{"floor":29,"key":"REST"}],"circlet_count":0,"master_deck":["Guardian:Strike_Guardian","Guardian:Strike_Guardian+1","Guardian:Strike_Guardian","Guardian:Defend_Guardian","Guardian:Defend_Guardian","Guardian:Defend_Guardian+1","Guardian:Defend_Guardian","Guardian:CurlUp","Guardian:TwinSlam+1","Guardian:ShieldSpikes","Guardian:BronzeOrb+1","Slimebound:Icky","Slimebound:Icky","Guardian:GuardianWhirl","Guardian:Repulse+1","Guardian:ArmoredProtocol","Guardian:PiercingHide","Guardian:EvasiveProtocol+1","expansioncontent:CaCaw","Guardian:WalkerClaw","Guardian:CrystalBeam","Guardian:Gem_Synthetic","Guardian:Gem_Lightblue","Pain","Guardian:PiercingHide","Guardian:Harden","Guardian:Repulse+1","Guardian:RollAttack+1","Guardian:WalkerClaw+1","Guardian:Gem_Lightblue","Guardian:StasisStrike","Guardian:PrimingBeam","Guardian:Recover+1"],"relics":["Guardian:ModeShifter","downfall:HeartsMalice","construct:RocketBooster","Ornamental Fan","Guardian:PickAxe","Guardian:StasisSlotReductionRelic","Peace Pipe","Smiling Mask","Juzu Bracelet","Torii","Toy Ornithopter"],"acts_visited":["Exordium","TheCity"],"potions_floor_usage":[11,20,28,28,33],"damage_taken":[{"damage":0,"enemies":"Small Slimes","floor":2,"turns":1},{"damage":0,"enemies":"Jaw Worm","floor":3,"turns":1},{"damage":0,"enemies":"2 Louse","floor":6,"turns":1},{"damage":6,"enemies":"Red Slaver","floor":8,"turns":4},{"damage":0,"enemies":"downfall:FleeingMerchant","floor":9,"turns":4},{"damage":13,"enemies":"Exordium Thugs","floor":11,"turns":6},{"damage":1,"enemies":"downfall:FleeingMerchant","floor":12,"turns":4},{"damage":6,"enemies":"Lots of Slimes","floor":13,"turns":5},{"damage":9,"enemies":"Exordium Wildlife","floor":15,"turns":3},{"damage":19,"enemies":"downfall:Watcher","floor":16,"turns":14},{"damage":6,"enemies":"downfall:FleeingMerchant","floor":20,"turns":4},{"damage":5,"enemies":"3 Byrds","floor":21,"turns":3},{"damage":13,"enemies":"Shell Parasite","floor":22,"turns":6},{"damage":38,"enemies":"Book of Stabbing","floor":23,"turns":7},{"damage":7,"enemies":"downfall:FleeingMerchant","floor":25,"turns":4},{"damage":29,"enemies":"Slavers","floor":28,"turns":8},{"damage":10,"enemies":"3 Cultists","floor":30,"turns":4},{"damage":0,"enemies":"Snake Plant","floor":32,"turns":4},{"damage":36,"enemies":"downfall:Defect","floor":33,"turns":10}],"seed_played":"572135425629858117","potions_obtained":[{"floor":8,"key":"SkillPotion"},{"floor":13,"key":"Weak Potion"},{"floor":22,"key":"SpeedPotion"},{"floor":23,"key":"Energy Potion"},{"floor":30,"key":"AttackPotion"}],"is_trial":false,"path_per_floor":["R","M","M","?","?","M","T","M","$","R","M","$","M","?","M","B",null,"R","?","$","M","M","E","T","$","?","R","E","R","M","?","M","B"],"character_chosen":"GUARDIAN","items_purchased":["Guardian:ArmoredProtocol","Guardian:PiercingHide","Guardian:PickAxe","Guardian:EvasiveProtocol","expansioncontent:CaCaw","Guardian:Harden","Guardian:Repulse"],"campfire_rested":2,"item_purchase_floors":[9,9,12,12,12,20,20],"current_hp_per_floor":[80,80,80,80,77,77,77,71,71,71,58,57,51,51,42,23,80,80,80,74,69,56,18,18,11,11,35,6,30,20,20,20,0,0,0],"gold":137,"neow_bonus":"THREE_ENEMY_KILL","is_daily":false,"chose_seed":false,"campfire_upgraded":2,"win_rate":0.0,"timestamp":1608751527,"path_taken":["R","M","M","?","?","M","T","?","$","R","M","$","M","?","M","BOSS","R","?","?","M","?","E","T","$","?","R","E","R","M","?","M","BOSS"],"items_purchased_type":["Card","Card","Relic","Card","Card","Card","Card"],"build_version":"2020-12-22","purchased_purges":2,"victory":false,"max_hp_per_floor":[80,80,80,80,80,80,80,80,80,80,80,80,80,80,80,80,80,80,80,80,80,80,80,80,80,80,80,80,80,80,80,80,80,80,80],"card_choices":[{"not_picked":["Guardian:PiercingHide","Guardian:Planning"],"picked":"Guardian:ShieldSpikes","floor":2},{"not_picked":["Guardian:Reroute","Guardian:Gem_Cyan"],"picked":"Guardian:BronzeOrb","floor":3},{"not_picked":["Guardian:PiercingHide","Guardian:Preprogram"],"picked":"Guardian:Gem_Lightblue","floor":6},{"not_picked":["Guardian:RollAttack","Guardian:Suspension"],"picked":"Guardian:GuardianWhirl","floor":8},{"not_picked":["Guardian:Gem_Crimson","Guardian:ConstructionForm"],"picked":"Guardian:Repulse","floor":9},{"not_picked":["Guardian:Reroute","Guardian:ArmoredProtocol"],"picked":"Guardian:Gem_Purple","floor":11},{"not_picked":["Guardian:AncientConstruct","Guardian:ShieldCharger"],"picked":"Guardian:Gem_Synthetic","floor":12},{"not_picked":["Guardian:Gem_Purple","Guardian:Planning"],"picked":"Guardian:WalkerClaw","floor":13},{"not_picked":["Guardian:GuardianWhirl","Guardian:VentSteam"],"picked":"Guardian:CrystalBeam","floor":15},{"not_picked":["Guardian:AncientConstruct","Guardian:ExploitGems"],"picked":"Guardian:Gem_Synthetic","floor":16},{"not_picked":["Guardian:VentSteam","Guardian:RevengeProtocol"],"picked":"Guardian:PiercingHide","floor":20},{"not_picked":["Guardian:Gem_Crimson","Guardian:Gem_Cyan"],"picked":"Guardian:RollAttack","floor":21},{"not_picked":["Guardian:Planning","Guardian:PrimingBeam"],"picked":"Guardian:WalkerClaw+1","floor":22},{"not_picked":["Guardian:Gem_Green","Guardian:Suspension"],"picked":"Guardian:Gem_Lightblue","floor":23},{"not_picked":["Guardian:RollAttack","Guardian:ShieldCharger"],"picked":"Guardian:StasisStrike","floor":25},{"not_picked":["Guardian:Suspension","Guardian:MultiBeam","Guardian:Repulse"],"picked":"SKIP","floor":28},{"not_picked":["Guardian:WalkerClaw","Guardian:Gem_Red"],"picked":"Guardian:PrimingBeam","floor":30},{"not_picked":["Guardian:SentryBeam","Guardian:Repulse"],"picked":"Guardian:Recover+1","floor":32}],"player_experience":722913,"relics_obtained":[{"floor":7,"key":"Ornamental Fan"},{"floor":23,"key":"Smiling Mask"},{"floor":24,"key":"Juzu Bracelet"},{"floor":26,"key":"Torii"},{"floor":28,"key":"Toy Ornithopter"}],"event_choices":[{"damage_healed":0,"gold_gain":0,"player_choice":"Success","damage_taken":3,"relics_obtained":["construct:RocketBooster"],"max_hp_gain":0,"max_hp_loss":0,"event_name":"Scrap Ooze","floor":5,"gold_loss":0},{"damage_healed":0,"gold_gain":100,"player_choice":"Gold","damage_taken":0,"max_hp_gain":0,"max_hp_loss":0,"event_name":"Wheel of Change","floor":14,"gold_loss":0},{"damage_healed":0,"gold_gain":0,"player_choice":"Relic","damage_taken":0,"max_hp_gain":0,"max_hp_loss":0,"event_name":"Wheel of Change","floor":26,"gold_loss":0}],"is_beta":false,"boss_relics":[{"not_picked":["Fusion Hammer","construct:WeddingRing"],"picked":"Guardian:StasisSlotReductionRelic"}],"items_purged_floors":[9,20],"is_endless":false,"potions_floor_spawned":[8,13,22,23,30],"killed_by":"downfall:Defect","ascension_level":0}}