{"host":"51fyd6gkml7xavq8","time":1608686033,"event":{"mods":["BaseMod","BetterRewards","Colored Map","Energized Spire","Infinite Spire","Minty Spire (QoL Compilation)","Replay The Spire","Shop Mod","Spicy Shops","StSLib","The Blue Laboratory","[IsaacMod]????"],"gold_per_floor":[111,128,128,11,11,44,60,60,84,94,44,62,62,12,12,116,116,130,143,154,172,182,1,1,19,19,19,19,9,9,9],"floor_reached":30,"playtime":1360,"items_purged":["Dualcast","Strike_B","Regret","Strike_B","Strike_B","Defend_B"],"score":335,"play_id":"3f5a183a-c518-4f99-ba36-b64e2d577dd9","local_time":"20201222221353","is_ascension_mode":true,"campfire_choices":[{"data":"Zap","floor":8.0,"key":"SMITH"},{"data":"Cold Snap","floor":15.0,"key":"SMITH"},{"data":"Defend_B","floor":24.0,"key":"SMITH"}],"circlet_count":0,"master_deck":["Strike_B+1","Defend_B","Defend_B+1","Defend_B+1","Zap+1","EpicFetus+1","Cold Snap+1","EpicFetus+1"],"relics":["Cracked Core","HushsDoor","MaYiHuaBei","MerchantsRug","Toy Ornithopter","Thread and Needle","Smiling Mask","energizedSpire:NeverEndingSparkler","Velvet Choker","Replay:Bottled Flurry","Happy Flower"],"acts_visited":["Exordium","TheCity"],"potions_floor_usage":[],"damage_taken":[{"damage":2.0,"enemies":"2 Louse","floor":1.0,"turns":3.0},{"damage":12.0,"enemies":"Jaw Worm","floor":2.0,"turns":3.0},{"damage":20.0,"enemies":"Lagavulin","floor":6.0,"turns":5.0},{"damage":2.0,"enemies":"Cultist","floor":7.0,"turns":3.0},{"damage":0.0,"enemies":"Large Slime","floor":10.0,"turns":3.0},{"damage":8.0,"enemies":"2 Fungi Beasts","floor":12.0,"turns":3.0},{"damage":0.0,"enemies":"Slime Boss","floor":16.0,"turns":6.0},{"damage":7.0,"enemies":"Spheric Guardian","floor":18.0,"turns":4.0},{"damage":0.0,"enemies":"Chosen","floor":19.0,"turns":4.0},{"damage":6.0,"enemies":"3 Cultists","floor":20.0,"turns":3.0},{"damage":10.0,"enemies":"Shelled Parasite and Fungi","floor":21.0,"turns":6.0},{"damage":25.0,"enemies":"Snake Plant","floor":22.0,"turns":3.0},{"damage":4.0,"enemies":"3 Cultists","floor":25.0,"turns":3.0},{"damage":20,"enemies":"Colosseum Slavers","floor":30,"turns":3},{"damage":9,"enemies":"Colosseum Nobs","floor":30,"turns":3}],"seed_played":"8102725501099929634","potions_obtained":[{"floor":1.0,"key":"Venom Potion"},{"floor":2.0,"key":"blueLaboratory:CreativityPotion"},{"floor":18.0,"key":"DistilledChaos"},{"floor":21.0,"key":"Fire Potion"}],"is_trial":false,"path_per_floor":["M","M","?","$","?","E","M","R","T","M","$","M","?","$","R","B",null,"M","M","M","M","M","$","R","M","T","AVR","?","$","?"],"character_chosen":"DEFECT","items_purchased":["MerchantsRug","DollysMirror","Happy Flower"],"campfire_rested":0,"item_purchase_floors":[0,23,29],"current_hp_per_floor":[73,61,61,61,61,41,39,39,39,39,39,31,16,16,16,16,75,68,68,62,52,32,32,32,28,28,28,28,28,0,0],"gold":9,"neow_bonus":"","is_daily":false,"chose_seed":false,"campfire_upgraded":3,"win_rate":0.0,"timestamp":1608686033,"path_taken":["M","M","?","?","?","E","M","R","T","M","$","M","?","$","R","BOSS","M","M","M","M","M","$","R","M","T","AVR","?","$","?"],"items_purchased_type":["Relic","Relic","Relic"],"build_version":"2020-12-13","purchased_purges":6,"victory":false,"max_hp_per_floor":[75,75,75,75,75,75,75,75,75,75,75,75,75,75,75,75,75,75,75,75,75,75,75,75,75,75,75,75,75,75,75],"card_choices":[{"not_picked":[],"picked":"EpicFetus","floor":0.0},{"not_picked":["Barrage","Conserve Battery"],"picked":"Cold Snap","floor":1.0},{"not_picked":["Cancel","Panic Button","Capacitor"],"picked":"SKIP","floor":2.0},{"not_picked":["Cancel","Panic Button","Capacitor"],"picked":"SKIP","floor":2.0},{"not_picked":["Rebound","Panic Button"],"picked":"Bomb","floor":6.0},{"not_picked":["Panic Button","Turbo","Hologram"],"picked":"SKIP","floor":7.0},{"not_picked":["Turbo","Undo","Force Field"],"picked":"SKIP","floor":10.0},{"not_picked":["Barrage","Conserve Battery","Skim"],"picked":"SKIP","floor":12.0},{"not_picked":["Panic Button+1","Turbo+1","Scrape"],"picked":"SKIP","floor":18.0},{"not_picked":["Cold Snap","Rip and Tear","Heatsinks"],"picked":"SKIP","floor":19.0},{"not_picked":["Gash","Turbo","Fission"],"picked":"SKIP","floor":20.0},{"not_picked":["Go for the Eyes","Rip and Tear","Streamline"],"picked":"SKIP","floor":21.0},{"not_picked":["ReplayGash","ReplayTheSpireMod:GoodbyeWorld","Hologram"],"picked":"SKIP","floor":22.0},{"not_picked":["Compile Driver+1","Hologram+1","Sweeping Beam"],"picked":"SKIP","floor":25.0}],"player_experience":410034,"relics_obtained":[{"floor":6.0,"key":"Thread and Needle"},{"floor":9.0,"key":"Smiling Mask"}],"event_choices":[{"damage_healed":0.0,"max_hp_gain":0.0,"max_hp_loss":0.0,"gold_gain":0.0,"event_name":"Living Wall","player_choice":"Grow","floor":3.0,"gold_loss":0.0,"damage_taken":0.0,"cards_upgraded":["EpicFetus"]},{"damage_healed":0.0,"max_hp_gain":0.0,"max_hp_loss":0.0,"gold_gain":0.0,"event_name":"Big Fish","player_choice":"Box","floor":5.0,"gold_loss":0.0,"damage_taken":0.0,"relics_obtained":["Toy Ornithopter"],"cards_obtained":["Regret"]},{"damage_healed":0.0,"max_hp_gain":0.0,"max_hp_loss":0.0,"gold_gain":0.0,"event_name":"Shining Light","player_choice":"Entered Light","floor":13.0,"gold_loss":0.0,"damage_taken":15.0,"cards_upgraded":["Strike_B","Defend_B"]},{"damage_healed":0,"gold_gain":0,"player_choice":"Fight","damage_taken":0,"max_hp_gain":0,"max_hp_loss":0,"event_name":"Colosseum","floor":30,"gold_loss":0},{"damage_healed":0,"gold_gain":0,"player_choice":"Fought Nobs","damage_taken":0,"max_hp_gain":0,"max_hp_loss":0,"event_name":"Colosseum","floor":30,"gold_loss":0}],"is_beta":false,"boss_relics":[{"not_picked":["energizedSpire:OldTV","energizedSpire:HugeHouse"],"picked":"energizedSpire:NeverEndingSparkler"},{"not_picked":[]}],"items_purged_floors":[4,4,11,14,23,27],"is_endless":false,"potions_floor_spawned":[1,2,18,21,30],"killed_by":"Colosseum Nobs","ascension_level":2}}