{"host":"cfluht5kr2kfk9p9","time":1608714585,"event":{"mods":["ATMod(°¢èªMod)","BaseMod","GungeonMod","Highlight Path","Koishi","Minty Spire (QoL Compilation)","Quick Restart","Rare Cards Sparkle","Relic Stats","Replay The Spire","RumiaBox-Â¶Ã×æ«µÄÉñÃØºÐ×Ó","Spicy Shops","StSLib","TestMod","The Alterego","[IsaacMod]ÒÔÈö¼âËþ","¡¾¹¦ÄÜMod¡¿»ìãçÖ®»·ÐÞ¸´²¹¶¡","¡¾ÒÅÎï¿¨ÅÆ¡¿REMEMod"],"gold_per_floor":[119,133,0,49,49,77,77,104,156,156,170,181,181,199,199,298,298,308,327,0,42,57,57,69,80,80,80,98,98,133,133,133,229,229,242,258,275,0,0,0,16,31,57,0,131,147,160,179,179,379,379,379,0,230,330],"floor_reached":56,"playtime":3084,"items_purged":["Strike_B","Strike_B","Defend_B","Defend_B","Cold Snap+1"],"score":1147,"play_id":"f5fbee08-20bb-4cb2-99a6-88c2ee0635dd","local_time":"20201223170945","is_ascension_mode":false,"campfire_choices":[{"data":"AT_RealColorLess","floor":7.0,"key":"SMITH"},{"data":"AT_RightCognition","floor":15.0,"key":"SMITH"},{"data":"testmod-EternalityOfKhronos","floor":23.0,"key":"SMITH"},{"data":"Coolheaded","floor":29.0,"key":"SMITH"},{"data":"Coolheaded","floor":32.0,"key":"SMITH"},{"floor":40.0,"key":"RECALL"},{"data":"Creative AI","floor":49.0,"key":"SMITH"},{"data":"Zap","floor":52,"key":"SMITH"}],"circlet_count":0,"master_deck":["Zap+1","Dualcast","AT_RealColorLess+1","testmod-EternalityOfKhronos+1","Glacier","AT_RightCognition+1","Double Energy+1","Ball Lightning","AT_WaterDrop","testmod-EternalityOfKhronos","Echo Form","Coolheaded+1","Coolheaded+1","Rainbow","Hologram+1","Loop+1","Creative AI+1","ReplayRNGCard","Defragment+1"],"relics":["Cracked Core","HushsDoor","REME_ComplimentaryCards","testmod-TestBox","AT_ATBox","NeowsBlessing","MaYiHuaBei","testmod-TimeTraveler","DemoMod:GnawedKey","Orichalcum","Bronze Scales","AT_ImmortalShieldbow","Pear","REME_HandOfSuture","testmod-Temperance","Damocles","Replay:Rubber Ducky","GodSword7","AT_ArcaneBoots","testmod-OneHitWonder","AT_BladeRuinedKing","Strawberry","Toy Ornithopter","DemoMod:SerJunkan","DemoMod:Junk","BelialBook","Runic Pyramid","GuppysCollar","AT_TheCollector","AT_Kusabimaru","DemoMod:GlassGuonStoneRelic","testmod-CrystalShield","Red Mask","GodSword3","Bag of Preparation","Ice Cream","testmod-IndustrialRevolution"],"acts_visited":["Exordium","TheCity","TheBeyond","TheEnding"],"potions_floor_usage":[],"damage_taken":[{"damage":0.0,"enemies":"Small Slimes","floor":1.0,"turns":1.0},{"damage":0.0,"enemies":"Cultist","floor":2.0,"turns":1.0},{"damage":0.0,"enemies":"3 Sentries","floor":6.0,"turns":1.0},{"damage":22.0,"enemies":"Gremlin Nob","floor":8.0,"turns":6.0},{"damage":0.0,"enemies":"2 Louse","floor":11.0,"turns":4.0},{"damage":0.0,"enemies":"Large Slime","floor":12.0,"turns":1.0},{"damage":0.0,"enemies":"Looter","floor":14.0,"turns":2.0},{"damage":0.0,"enemies":"Slime Boss","floor":16.0,"turns":6.0},{"damage":0.0,"enemies":"Shell Parasite","floor":18.0,"turns":5.0},{"damage":0.0,"enemies":"3 Byrds","floor":19.0,"turns":2.0},{"damage":2.0,"enemies":"Cultist and Chosen","floor":21.0,"turns":8.0},{"damage":0.0,"enemies":"Chosen and Byrds","floor":22.0,"turns":4.0},{"damage":0.0,"enemies":"Centurion and Healer","floor":24.0,"turns":5.0},{"damage":0.0,"enemies":"Cultist and Chosen","floor":25.0,"turns":5.0},{"damage":0.0,"enemies":"3 Cultists","floor":28.0,"turns":4.0},{"damage":0.0,"enemies":"Shelled Parasite and Fungi","floor":30.0,"turns":5.0},{"damage":0.0,"enemies":"Pondfish","floor":33.0,"turns":6.0},{"damage":0.0,"enemies":"Orb Walker","floor":35.0,"turns":2.0},{"damage":9.0,"enemies":"3 Shapes","floor":36.0,"turns":5.0},{"damage":0.0,"enemies":"Sphere and 2 Shapes","floor":37.0,"turns":6.0},{"damage":0.0,"enemies":"4 Shapes","floor":41.0,"turns":3.0},{"damage":0.0,"enemies":"Spire Growth","floor":42.0,"turns":4.0},{"damage":0.0,"enemies":"R_Hoarder","floor":45.0,"turns":3.0},{"damage":0.0,"enemies":"Jaw Worm Horde","floor":46.0,"turns":1.0},{"damage":0.0,"enemies":"Writhing Mass","floor":47.0,"turns":1.0},{"damage":0.0,"enemies":"4 Shapes","floor":48.0,"turns":1.0},{"damage":0,"enemies":"Replay:Hell Engine","floor":50,"turns":4},{"damage":1,"enemies":"Shield and Spear","floor":54,"turns":2},{"damage":0,"enemies":"Delirium","floor":55,"turns":20}],"seed_played":"-3792961709159454727","potions_obtained":[{"floor":2.0,"key":"Energy Potion"},{"floor":6.0,"key":"Venom Potion"},{"floor":8.0,"key":"REME_GoldPotion"},{"floor":16.0,"key":"Toxic Potion"},{"floor":19.0,"key":"AttackPotion"},{"floor":22.0,"key":"FearPotion"},{"floor":25.0,"key":"Strength Potion"},{"floor":48.0,"key":"Swift Potion"}],"is_trial":false,"path_per_floor":["M","M","$","?","?","E","R","E","T","?","M","M","?","M","R","B",null,"M","M","$","M","M","R","M","M","T","?","M","R","M","?","R","B",null,"M","M","M","$","T","R","M","M","T","?","E","M","M","M","R","B",null,"R","$","E","B",null],"character_chosen":"DEFECT","items_purchased":["DemoMod:GnawedKey","Orichalcum","Damocles","testmod-EternalityOfKhronos","FairyPotion","GodSword7","AT_SpeedBoots","GuppysCollar","FairyPotion","Rainbow","AT_TheCollector","AT_Kusabimaru","Ice Cream","ReplayRNGCard"],"campfire_rested":0,"item_purchase_floors":[3,3,17,17,17,20,20,34,34,34,38,38,53,53],"current_hp_per_floor":[75,75,75,60,60,60,60,48,48,48,48,48,48,48,48,48,62,62,62,62,60,60,60,67,67,67,67,67,67,67,67,67,67,41,41,32,32,32,32,32,32,32,32,32,32,32,32,32,32,32,41,41,41,40,40],"gold":330,"neow_bonus":"THREE_ENEMY_KILL","is_daily":false,"chose_seed":false,"campfire_upgraded":7,"win_rate":0.0,"timestamp":1608714585,"path_taken":["M","M","$","?","?","E","R","E","T","?","M","M","?","?","R","BOSS","M","?","$","M","M","R","M","M","T","?","M","R","M","?","R","BOSS","M","M","M","$","?","R","M","M","T","?","E","M","M","M","R","BOSS","R","$","E","BOSS"],"items_purchased_type":["Relic","Relic","Relic","Card","Potion","Relic","Relic","Relic","Potion","Card","Relic","Relic","Relic","Card"],"build_version":"2020-12-22","purchased_purges":5,"victory":true,"max_hp_per_floor":[75,75,75,75,75,75,75,85,85,85,85,85,85,85,85,85,62,62,62,62,62,62,62,69,69,69,69,69,69,69,69,69,69,41,41,41,41,41,41,41,41,41,41,41,41,41,41,41,41,41,41,41,41,41,41],"relic_stats":{"counters":[29,117],"Bronze Scales":[279],"Bag of Preparation":[6],"Orichalcum":[216],"obtain_stats":[{"MaYiHuaBei":0,"Ice Cream":53,"Damocles":17,"AT_ATBox":0,"testmod-Temperance":17,"DemoMod:GlassGuonStoneRelic":2,"AT_ArcaneBoots":33,"Bag of Preparation":48,"Replay:Rubber Ducky":18,"testmod-CrystalShield":41,"AT_Kusabimaru":38,"Strawberry":24,"DemoMod:GnawedKey":3,"Red Mask":44,"Cracked Core":0,"Runic Pyramid":34,"KeepersGift":0,"DemoMod:Junk":30,"testmod-TestBox":0,"testmod-TimeTraveler":0,"Pear":8,"NeowsBlessing":0,"BelialBook":31,"AT_BladeRuinedKing":22,"Orichalcum":3,"testmod-IndustrialRevolution":54,"AT_ImmortalShieldbow":6,"AT_SpeedBoots":20,"AT_TheCollector":38,"Bronze Scales":5,"REME_HandOfSuture":9,"GodSword7":20,"DemoMod:SerJunkan":28,"HushsDoor":0,"GodSword3":47,"testmod-OneHitWonder":21,"Toy Ornithopter":25,"GuppysCollar":34,"REME_ComplimentaryCards":0},{"MaYiHuaBei":0,"Ice Cream":27,"Damocles":8,"AT_ATBox":0,"testmod-Temperance":8,"DemoMod:GlassGuonStoneRelic":2,"AT_ArcaneBoots":17,"Bag of Preparation":26,"Replay:Rubber Ducky":9,"testmod-CrystalShield":21,"AT_Kusabimaru":20,"Strawberry":13,"DemoMod:GnawedKey":2,"Red Mask":22,"Cracked Core":0,"Runic Pyramid":17,"KeepersGift":0,"DemoMod:Junk":16,"testmod-TestBox":0,"testmod-TimeTraveler":0,"Pear":4,"NeowsBlessing":0,"BelialBook":16,"AT_BladeRuinedKing":12,"Orichalcum":2,"testmod-IndustrialRevolution":28,"AT_ImmortalShieldbow":3,"AT_SpeedBoots":10,"AT_TheCollector":20,"Bronze Scales":2,"REME_HandOfSuture":4,"GodSword7":10,"DemoMod:SerJunkan":15,"HushsDoor":0,"GodSword3":25,"testmod-OneHitWonder":11,"Toy Ornithopter":14,"GuppysCollar":17,"REME_ComplimentaryCards":0},{"MaYiHuaBei":0,"Ice Cream":95,"Damocles":21,"AT_ATBox":0,"testmod-Temperance":21,"DemoMod:GlassGuonStoneRelic":2,"AT_ArcaneBoots":60,"Bag of Preparation":91,"Replay:Rubber Ducky":26,"testmod-CrystalShield":81,"AT_Kusabimaru":78,"Strawberry":45,"DemoMod:GnawedKey":2,"Red Mask":85,"Cracked Core":0,"Runic Pyramid":65,"KeepersGift":0,"DemoMod:Junk":59,"testmod-TestBox":0,"testmod-TimeTraveler":0,"Pear":9,"NeowsBlessing":0,"BelialBook":59,"AT_BladeRuinedKing":40,"Orichalcum":2,"testmod-IndustrialRevolution":97,"AT_ImmortalShieldbow":3,"AT_SpeedBoots":28,"AT_TheCollector":78,"Bronze Scales":2,"REME_HandOfSuture":9,"GodSword7":28,"DemoMod:SerJunkan":54,"HushsDoor":0,"GodSword3":90,"testmod-OneHitWonder":36,"Toy Ornithopter":50,"GuppysCollar":65,"REME_ComplimentaryCards":0}],"Toy Ornithopter":0},"card_choices":[{"not_picked":["AT_WarpDrive","ReplayGash"],"picked":"Glacier","floor":1.0},{"not_picked":["Compile Driver","Sweeping Beam"],"picked":"Multi-Cast","floor":2.0},{"not_picked":["Glacier","Panic Button","Beam Cell"],"picked":"SKIP","floor":6.0},{"not_picked":["Steam","Cold Snap"],"picked":"AT_RightCognition","floor":8.0},{"not_picked":["Hologram","Conserve Battery"],"picked":"Ball Lightning","floor":11.0},{"not_picked":["Defragment","REME_Whirling"],"picked":"Bomb","floor":12.0},{"not_picked":["Reprogram","BasicCrystalCard","Steam Power"],"picked":"SKIP","floor":14.0},{"not_picked":["All For One","Machine Learning"],"picked":"AT_WaterDrop","floor":16.0},{"not_picked":["Double Energy","Stack+1","Defragment"],"picked":"SKIP","floor":18.0},{"not_picked":["Compile Driver","Crystallizer","Redo"],"picked":"SKIP","floor":19.0},{"not_picked":["Gash","Rebound"],"picked":"Echo Form","floor":21.0},{"not_picked":["Rebound+1","Barrage"],"picked":"Cold Snap+1","floor":22.0},{"not_picked":["Hello World","Steam"],"picked":"Coolheaded","floor":24.0},{"not_picked":["Redo","Rip and Tear+1","ReplayTheSpireMod:System Scan+1"],"picked":"SKIP","floor":25.0},{"not_picked":["Leap","Sweeping Beam+1","BasicCrystalCard"],"picked":"SKIP","floor":28.0},{"not_picked":["Steam+1","Ball Lightning"],"picked":"Coolheaded","floor":30.0},{"not_picked":["Sweeping Beam+1","Streamline+1","Barrage"],"picked":"SKIP","floor":35.0},{"not_picked":["Barrage","Gash","Leap+1"],"picked":"SKIP","floor":36.0},{"not_picked":["REME_SelfUpgrade+1","Skim"],"picked":"Hologram+1","floor":37.0},{"not_picked":["Panic Button","Go for the Eyes"],"picked":"Loop+1","floor":41.0},{"not_picked":["Rebound","AT_StudyProgram","Streamline"],"picked":"SKIP","floor":42.0},{"not_picked":["ReplayTheSpireMod:Reroute Power","Compile Driver+1","Lockon+1"],"picked":"SKIP","floor":45.0},{"not_picked":["Rebound+1","Coolheaded+1"],"picked":"Creative AI","floor":46.0},{"not_picked":["BootSequence","Redo","Panic Button"],"picked":"SKIP","floor":47.0},{"not_picked":["Hologram","Sweeping Beam+1","Ball Lightning"],"picked":"SKIP","floor":48.0},{"not_picked":["Hologram","Sweeping Beam+1","Ball Lightning"],"picked":"SKIP","floor":48.0},{"not_picked":["FIFO Queue","Undo"],"picked":"Defragment+1","floor":54}],"player_experience":8856,"relics_obtained":[{"floor":6.0,"key":"AT_ImmortalShieldbow"},{"floor":8.0,"key":"Pear"},{"floor":9.0,"key":"REME_HandOfSuture"},{"floor":18.0,"key":"Replay:Rubber Ducky"},{"floor":21.0,"key":"testmod-OneHitWonder"},{"floor":22.0,"key":"AT_BladeRuinedKing"},{"floor":24.0,"key":"Strawberry"},{"floor":25.0,"key":"Toy Ornithopter"},{"floor":28.0,"key":"DemoMod:SerJunkan"},{"floor":30.0,"key":"DemoMod:Junk"},{"floor":35.0,"key":"DemoMod:Junk"},{"floor":36.0,"key":"DemoMod:Junk"},{"floor":37.0,"key":"DemoMod:Junk"},{"floor":39.0,"key":"DemoMod:Junk"},{"floor":41.0,"key":"testmod-CrystalShield"},{"floor":42.0,"key":"DemoMod:Junk"},{"floor":43.0,"key":"DemoMod:Junk"},{"floor":45.0,"key":"DemoMod:Junk"},{"floor":45.0,"key":"DemoMod:Junk"},{"floor":46.0,"key":"DemoMod:Junk"},{"floor":47.0,"key":"GodSword3"},{"floor":48.0,"key":"Bag of Preparation"},{"floor":54,"key":"testmod-IndustrialRevolution"},{"floor":54,"key":"DemoMod:Junk"}],"event_choices":[{"damage_healed":0.0,"max_hp_gain":0.0,"max_hp_loss":0.0,"gold_gain":0.0,"event_name":"WeMeetAgain","player_choice":"Gave Potion","floor":5.0,"gold_loss":0.0,"damage_taken":0.0,"relics_obtained":["Bronze Scales"]},{"damage_healed":0.0,"max_hp_gain":0.0,"max_hp_loss":0.0,"gold_gain":0.0,"event_name":"Liars Game","player_choice":"Ignored","floor":13.0,"gold_loss":0.0,"damage_taken":0.0},{"cards_removed":["Strike_B"],"damage_healed":0.0,"max_hp_gain":0.0,"max_hp_loss":0.0,"gold_gain":0.0,"event_name":"Back to Basics","player_choice":"Elegance","floor":27.0,"gold_loss":0.0,"damage_taken":0.0},{"damage_healed":0.0,"max_hp_gain":0.0,"max_hp_loss":0.0,"gold_gain":0.0,"event_name":"Tomb of Lord Red Mask","player_choice":"Paid","floor":44.0,"gold_loss":57.0,"damage_taken":0.0,"relics_obtained":["Red Mask"]}],"is_beta":false,"boss_relics":[{"not_picked":["testmod-EnergyCheck","Calling Bell"],"picked":"testmod-Temperance"},{"not_picked":[]},{"not_picked":["Nuclear Battery","SlaversCollar"],"picked":"Runic Pyramid"},{"not_picked":[]}],"items_purged_floors":[17,20,34,38,53],"is_endless":false,"potions_floor_spawned":[2,6,8,16,19,22,25,28,35,46,48,54],"ascension_level":0}}