{"host":"3c27c697js19kaoo","time":1608696539,"event":{"mods":["ATMod(阿瑾Mod)","Aspiration","BaseMod","CapriCore","Dota2Spire","Hermit","Minty Spire (QoL Compilation)","Quick Restart","Remilia（蕾米莉亚）","Replay The Spire","Robot Space Explorer","RumiaBox-露米娅的神秘盒子","Spicy Shops","StSLib","The Alterego","The Cursed","The Runesmith","The Servant 0.9.4","vexMod","【功能Mod】混沌之环修复补丁","【遗物卡牌】REMEMod"],"gold_per_floor":[119,29,40,55,71,103,103,103,103,103,103,117,144,109,109,210,210,229,229,249,264,279,279,308,308,308,308,336,352,36,53,53,155,155,173,191,268,30,47,72,72,72,99,113,113,163,198,16,16,16],"floor_reached":51,"playtime":2042,"items_purged":["Writhe"],"score":896,"play_id":"dbb54e4e-7733-4e3c-947f-da5b7897f679","local_time":"20201223120859","is_ascension_mode":true,"campfire_choices":[{"floor":7,"key":"REST"},{"floor":15,"key":"REST"},{"data":"Electrodynamics","floor":23,"key":"SMITH"},{"floor":25,"key":"REST"},{"floor":32,"key":"REST"},{"floor":41,"key":"REST"},{"floor":49,"key":"REST"}],"circlet_count":0,"master_deck":["TheCursedMod:Strike_TheCursed","TheCursedMod:Strike_TheCursed","TheCursedMod:Defend_TheCursed","TheCursedMod:Defend_TheCursed","TheCursedMod:Defend_TheCursed","TheCursedMod:CursedWand","TheCursedMod:CleanUpWorkshop","TheCursedMod:Dregs","AT_Desolate","RobotSpaceExplorer:Blaster+1","TheCursedMod:CircleOfCorruption+1","Bandage Up","TheCursedMod:CircleOfFlame+1","TheCursedMod:CursedBlade","Escape Plan","Finisher","REME_GrazeFinale","TheCursedMod:SpitefulPray","Electrodynamics+1","TheCursedMod:SurpriseAttack+1","TheCursedMod:Hemoplague+1","TheCursedMod:CircleOfAbyss","TheCursedMod:FuryStrike+1","TheCursedMod:FuryStrike+1","TheCursedMod:SpitefulStrike","TheCursedMod:CursedShiv","TheCursedMod:CursedBoomerang","TheCursedMod:EmpowerCircles"],"relics":["TheCursedMod:BlackMagic101","REME_ComplimentaryCards","AT_ATBox","aspiration:Nostalgia","m_ScarletBlood","AT_SilvercatRing","Garlic","Du-Vu Doll","Question Card","REME_ComplimentaryCards","Replay:Rubber Ducky","ReplayTheSpireMod:Ninjato","Thread and Needle","Nloth\u0027s Gift","vexMod:FocusSash","Pear","aspiration:MobileForge","PreservedInsect","AT_TimeSand","Oddly Smooth Stone","Anchor","Ginger","Lizard Tail","Red Skull"],"acts_visited":["Exordium","TheCity","TheBeyond"],"potions_floor_usage":[6,6,13,28,28,28,31,39,50,50],"damage_taken":[{"damage":0,"enemies":"Cultist","floor":1,"turns":2},{"damage":9,"enemies":"Jaw Worm","floor":3,"turns":2},{"damage":2,"enemies":"2 Louse","floor":4,"turns":3},{"damage":20,"enemies":"Exordium Wildlife","floor":5,"turns":4},{"damage":39,"enemies":"3 Sentries","floor":6,"turns":7},{"damage":3,"enemies":"Looter","floor":12,"turns":2},{"damage":19,"enemies":"Lagavulin","floor":13,"turns":4},{"damage":15,"enemies":"Hexaghost","floor":16,"turns":7},{"damage":8,"enemies":"3 Byrds","floor":18,"turns":5},{"damage":8,"enemies":"2 Thieves","floor":20,"turns":2},{"damage":3,"enemies":"3 Cultists","floor":21,"turns":4},{"damage":22,"enemies":"Centurion and Healer","floor":22,"turns":8},{"damage":47,"enemies":"Book of Stabbing","floor":24,"turns":6},{"damage":23,"enemies":"Slavers","floor":28,"turns":5},{"damage":0,"enemies":"Sentry and Sphere","floor":29,"turns":3},{"damage":0,"enemies":"Cultist and Chosen","floor":31,"turns":4},{"damage":97,"enemies":"Champ","floor":33,"turns":11},{"damage":0,"enemies":"Orb Walker","floor":35,"turns":3},{"damage":14,"enemies":"3 Darklings","floor":36,"turns":4},{"damage":36,"enemies":"Maw","floor":39,"turns":6},{"damage":2,"enemies":"Nemesis","floor":40,"turns":3},{"damage":0,"enemies":"Jaw Worm Horde","floor":44,"turns":1},{"damage":17,"enemies":"Mind Bloom Boss Battle","floor":46,"turns":5},{"damage":64,"enemies":"Giant Head","floor":47,"turns":7},{"damage":96,"enemies":"Time Eater","floor":50,"turns":9}],"seed_played":"502625443089108478","potions_obtained":[{"floor":1,"key":"DuplicationPotion"},{"floor":3,"key":"PowerPotion"},{"floor":5,"key":"ColorlessPotion"},{"floor":12,"key":"SneckoOil"},{"floor":21,"key":"Dexterity Potion"},{"floor":22,"key":"Explosive Potion"},{"floor":24,"key":"Swift Potion"},{"floor":29,"key":"AttackPotion"},{"floor":33,"key":"Elixir"},{"floor":35,"key":"LiquidMemories"},{"floor":47,"key":"Milkshake"}],"is_trial":false,"path_per_floor":["M","$","M","M","M","E","R","?","T","?","?","M","E","?","R","B",null,"M","?","M","M","M","R","E","R","T","?","E","M","$","M","R","B",null,"M","M","?","$","M","E","R","$","T","M","?","?","E","$","R","B",null],"character_chosen":"THE_CURSED","items_purchased":["Bandage Up","Pear","AT_TimeSand","Red Skull","TheCursedMod:EmpowerCircles"],"campfire_rested":6,"item_purchase_floors":[2,30,38,48,48],"current_hp_per_floor":[75,75,66,68,52,17,39,39,39,39,27,28,13,31,53,42,75,67,67,63,64,46,46,3,25,25,25,6,10,20,24,49,6,85,85,75,41,41,13,11,36,36,36,36,74,57,1,1,23,2],"gold":16,"neow_bonus":"NOSTALGIA","is_daily":false,"chose_seed":false,"campfire_upgraded":1,"win_rate":0.0,"timestamp":1608696539,"path_taken":["M","?","M","M","M","E","R","?","T","?","?","?","E","?","R","BOSS","M","?","M","M","?","R","E","R","T","?","E","M","$","M","R","BOSS","M","?","?","$","M","E","R","$","T","M","?","?","E","$","R","BOSS"],"items_purchased_type":["Card","Relic","Relic","Relic","Card"],"build_version":"2020-12-13","purchased_purges":1,"victory":true,"max_hp_per_floor":[75,75,75,75,75,75,75,75,75,75,75,75,75,75,75,75,75,75,75,75,75,75,75,75,75,75,75,75,75,85,85,85,85,85,85,85,85,85,85,85,85,85,85,85,74,74,74,74,74,74],"card_choices":[{"not_picked":["TheCursedMod:Torture","TheCursedMod:Stretching"],"picked":"TheCursedMod:CircleOfCorruption","floor":1},{"not_picked":["TheCursedMod:DarkBarrier","TheCursedMod:Evocation","ReplayTheSpireMod:Muscle Training"],"picked":"SKIP","floor":3},{"not_picked":["TheCursedMod:CursedMace","TheCursedMod:Wield","TheCursedMod:FleshFromBone"],"picked":"SKIP","floor":4},{"not_picked":["TheCursedMod:SmokeScreen","TheCursedMod:HellfireBreathing"],"picked":"TheCursedMod:CircleOfFlame","floor":5},{"not_picked":["TheCursedMod:SpreadPlague","Spot Weakness"],"picked":"TheCursedMod:CursedBlade","floor":6},{"not_picked":["TheCursedMod:Stretching","TheCursedMod:CircleOfWindfury"],"picked":"TheCursedMod:SpitefulPray","floor":12},{"not_picked":["ReplayTheSpireMod:Muscle Training","TheCursedMod:PrepareRite","TheCursedMod:CursedStaff"],"picked":"SKIP","floor":13},{"not_picked":["TheCursedMod:CircleOfFlame","TheCursedMod:SpitefulStrike","TheCursedMod:VitalStrike+1","TheCursedMod:Hemoplague"],"picked":"SKIP","floor":18},{"not_picked":["TheCursedMod:TacticalStrike","TheCursedMod:RapidMovement","TheCursedMod:SoulCrush","TheCursedMod:CursedMace"],"picked":"SKIP","floor":20},{"not_picked":["TheCursedMod:DoubleShield","TheCursedMod:Stretching","TheCursedMod:SpitefulPray","TheCursedMod:RavingStaff"],"picked":"SKIP","floor":21},{"not_picked":["TheCursedMod:CollectTribute","TheCursedMod:VitalStrike+1","TheCursedMod:CursedAmulet","TheCursedMod:SmokeScreen"],"picked":"SKIP","floor":22},{"not_picked":["TheCursedMod:RavingStaff","TheCursedMod:Wield","TheCursedMod:CursedMace"],"picked":"TheCursedMod:SurpriseAttack+1","floor":24},{"not_picked":["TheCursedMod:SaltUponWound","TheCursedMod:DoubleShield","TheCursedMod:TacticalStrike","TheCursedMod:Torture"],"picked":"SKIP","floor":28},{"not_picked":["TheCursedMod:CursedMace","TheCursedMod:SpreadPlague","TheCursedMod:Evocation"],"picked":"TheCursedMod:Hemoplague+1","floor":29},{"not_picked":["TheCursedMod:RavingStaff","TheCursedMod:DemonicPact","TheCursedMod:CursedBlade","TheCursedMod:ManaCirculation"],"picked":"SKIP","floor":31},{"not_picked":["TheCursedMod:UltimatePain","TheCursedMod:OutForBlood","TheCursedMod:DemonicPact"],"picked":"TheCursedMod:CircleOfAbyss","floor":33},{"not_picked":["TheCursedMod:CircleOfFlame","TheCursedMod:CursedArmor+1","TheCursedMod:CircleOfAmplification+1","TheCursedMod:Obscuration+1"],"picked":"SKIP","floor":35},{"not_picked":["TheCursedMod:Wield+1","TheCursedMod:Stigma+1","TheCursedMod:LuckyCharm"],"picked":"TheCursedMod:FuryStrike+1","floor":36},{"not_picked":["TheCursedMod:CursedRelics","TheCursedMod:CursedStaff","TheCursedMod:CursedAmulet+1"],"picked":"TheCursedMod:FuryStrike+1","floor":37},{"not_picked":["TheCursedMod:VitalStrike","TheCursedMod:CircleOfBlood+1","TheCursedMod:BloodBarrier+1"],"picked":"TheCursedMod:SpitefulStrike","floor":37},{"not_picked":["TheCursedMod:Neurasthenia","TheCursedMod:Obscuration","TheCursedMod:CircleOfFocus+1"],"picked":"TheCursedMod:CursedShiv","floor":39},{"not_picked":["TheCursedMod:WearCloak+1","TheCursedMod:TacticalStrike+1","TheCursedMod:OutForBlood"],"picked":"TheCursedMod:CursedBoomerang","floor":40},{"not_picked":["TheCursedMod:FleshFromBone","TheCursedMod:CircleOfFocus","TheCursedMod:CursedMace+1","TheCursedMod:ReleasedStrength"],"picked":"SKIP","floor":44},{"not_picked":["TheCursedMod:Mangle","TheCursedMod:SmokeScreen+1","TheCursedMod:DemonicPact","TheCursedMod:Stigma+1"],"picked":"SKIP","floor":47}],"player_experience":172972,"relics_obtained":[{"floor":6,"key":"AT_SilvercatRing"},{"floor":9,"key":"Garlic"},{"floor":13,"key":"Question Card"},{"floor":18,"key":"REME_ComplimentaryCards"},{"floor":24,"key":"ReplayTheSpireMod:Ninjato"},{"floor":26,"key":"Thread and Needle"},{"floor":28,"key":"vexMod:FocusSash"},{"floor":37,"key":"PreservedInsect"},{"floor":40,"key":"Oddly Smooth Stone"},{"floor":43,"key":"Anchor"},{"floor":46,"key":"Ginger"},{"floor":47,"key":"Lizard Tail"}],"event_choices":[{"damage_healed":0,"gold_gain":0,"player_choice":"Success","damage_taken":12,"relics_obtained":["Du-Vu Doll"],"max_hp_gain":0,"max_hp_loss":0,"event_name":"Scrap Ooze","floor":11,"gold_loss":0},{"damage_healed":18,"gold_gain":0,"player_choice":"Healed","damage_taken":0,"max_hp_gain":0,"max_hp_loss":0,"event_name":"The Cleric","floor":14,"gold_loss":35},{"damage_healed":0,"gold_gain":0,"player_choice":"Opened","damage_taken":0,"relics_obtained":["Replay:Rubber Ducky"],"max_hp_gain":0,"max_hp_loss":0,"event_name":"The Mausoleum","floor":19,"gold_loss":0,"cards_obtained":["Writhe"]},{"damage_healed":0,"gold_gain":0,"player_choice":"Traded Relic","damage_taken":0,"relics_obtained":["Nloth\u0027s Gift"],"max_hp_gain":0,"max_hp_loss":0,"event_name":"N\u0027loth","floor":27,"relics_lost":["AddBug"],"gold_loss":0},{"damage_healed":74,"gold_gain":0,"player_choice":"Heal","damage_taken":0,"max_hp_gain":0,"max_hp_loss":11,"event_name":"The Moai Head","floor":45,"gold_loss":0},{"damage_healed":0,"gold_gain":0,"player_choice":"Fight","damage_taken":0,"max_hp_gain":0,"max_hp_loss":0,"event_name":"MindBloom","floor":46,"gold_loss":0}],"is_beta":false,"boss_relics":[{"not_picked":["Calling Bell","Pandora\u0027s Box"],"picked":"AddBug"},{"not_picked":["TheCursedMod:OminousMark","Philosopher\u0027s Stone"],"picked":"aspiration:MobileForge"}],"items_purged_floors":[30],"is_endless":false,"potions_floor_spawned":[1,3,5,12,21,22,24,29,33,35,47],"ascension_level":4}}