{"host":"121m0oxswv9tg9hk","time":1608755249,"event":{"mods":["AchievementEnabler","BaseMod","Better Third Choice","Downfall","Hermit","Hubris","Infinite Spire","MarisaÅiñ∂âJÅ@ñÇóùçπÅj","Minty Spire (QoL Compilation)","Replay The Spire","Shade Mod","StSLib","The Construct","The Cursed","The Gatherer","The Hierophant","The Mystic"],"gold_per_floor":[199,212,230,240,259,46,46,46,46,62,89,102,102,116,127,224,224,149,164,49,49,64,64,113,129,155,15,34,134,68,68,83,181,181,181,192,207,219,219,219,219,144,179,179,194,294,294,294],"floor_reached":46,"playtime":4323,"items_purged":["hexamod:Strike","hexamod:Strike","hexamod:Defend"],"score":689,"play_id":"c0958958-4c82-43c5-a1f4-62272606de56","local_time":"20201223212729","is_ascension_mode":true,"campfire_choices":[{"floor":1.0,"key":"DIG"},{"data":"hexamod:Float","floor":8.0,"key":"SMITH"},{"floor":13,"key":"RECALL"},{"data":"hexamod:ThermalTransfer","floor":18,"key":"SMITH"},{"data":"hexamod:Defend","floor":23,"key":"SMITH"},{"data":"hexamod:SoulSteal","floor":35,"key":"SMITH"},{"data":"hexamod:Defend","floor":42,"key":"SMITH"}],"circlet_count":0,"master_deck":["hexamod:Strike","hexamod:Defend+4","hexamod:Defend","hexamod:Float+1","hexamod:ThermalTransfer+1","hexamod:HauntingEcho","hexamod:PhantomFireball","hexamod:Hexaguard+1","hexamod:ExtraCrispy+1","Replay:SS_hec_1+1","hexamod:Firestarter+1","hexamod:FirstSeal","hexamod:SixthSeal","CurseOfTheBell","hexamod:ThermalTransfer","hexamod:AdvancingGuard","J.A.X.","hexamod:VolcanoVisage+1","hexamod:SoulSteal+1","hexamod:ChargedBarrage","hexamod:Incineration+1"],"relics":["hexamod:SpiritBrand","hexamod:SoulConsumer","TungstenRod","Ancient Tea Set","Calling Bell","hubris:Spice","Replay:Bottled Flurry","Simple Rune","downfall:HeartBlessingRed","sneckomod:BlankCard","infinitespire:ShieldingShard","MutagenicStrength","hubris:Icosahedron","downfall:HeartBlessingBlue","Replay:Wax Seal"],"acts_visited":["Exordium","TheCity","TheBeyond"],"potions_floor_usage":[11,16,16,19,25,25,26,27,33,33,43,45],"damage_taken":[{"damage":12.0,"enemies":"infinitespire:Voidling","floor":2.0,"turns":4.0},{"damage":0.0,"enemies":"Small Slimes","floor":3.0,"turns":3.0},{"damage":0.0,"enemies":"Cultist","floor":4.0,"turns":4.0},{"damage":9.0,"enemies":"3 Louse","floor":5.0,"turns":3.0},{"damage":0.0,"enemies":"downfall:FleeingMerchant","floor":6.0,"turns":4.0},{"damage":0.0,"enemies":"Exordium Thugs","floor":10.0,"turns":5.0},{"damage":17,"enemies":"3 Sentries","floor":11,"turns":10},{"damage":1,"enemies":"Blue Slaver","floor":12,"turns":3},{"damage":1,"enemies":"Exordium Thugs","floor":14,"turns":3},{"damage":0,"enemies":"Large Slime","floor":15,"turns":7},{"damage":31,"enemies":"downfall:Silent","floor":16,"turns":10},{"damage":9,"enemies":"3 Byrds","floor":19,"turns":5},{"damage":0,"enemies":"downfall:FleeingMerchant","floor":20,"turns":4},{"damage":1,"enemies":"Shell Parasite","floor":22,"turns":8},{"damage":0,"enemies":"Centurion and Healer","floor":25,"turns":10},{"damage":23,"enemies":"Slavers","floor":26,"turns":9},{"damage":0,"enemies":"downfall:FleeingMerchant","floor":27,"turns":4},{"damage":19,"enemies":"3 Cultists","floor":28,"turns":7},{"damage":5,"enemies":"downfall:Augmenter","floor":29,"turns":7},{"damage":0,"enemies":"downfall:FleeingMerchant","floor":30,"turns":4},{"damage":0,"enemies":"Cultist and Chosen","floor":32,"turns":6},{"damage":11,"enemies":"downfall:Defect","floor":33,"turns":9},{"damage":9,"enemies":"3 Darklings","floor":36,"turns":5},{"damage":13,"enemies":"3 Shapes","floor":37,"turns":3},{"damage":0,"enemies":"Sphere and 2 Shapes","floor":38,"turns":4},{"damage":70,"enemies":"Giant Head","floor":43,"turns":10},{"damage":8,"enemies":"Spire Growth","floor":45,"turns":6},{"damage":27,"enemies":"Maw","floor":46,"turns":6}],"seed_played":"-3480262257199457959","potions_obtained":[{"floor":3.0,"key":"construct:ShiftPotion"},{"floor":5.0,"key":"Swift Potion"},{"floor":9.0,"key":"Regen Potion"},{"floor":9.0,"key":"Venom Potion"},{"floor":9.0,"key":"AttackPotion"},{"floor":11,"key":"Fire Potion"},{"floor":16,"key":"AttackPotion"},{"floor":19,"key":"SteroidPotion"},{"floor":22,"key":"BlessingOfTheForge"},{"floor":25,"key":"Flashbang"},{"floor":26,"key":"SkillPotion"},{"floor":28,"key":"Elixir"},{"floor":33,"key":"Venom Potion"},{"floor":37,"key":"Swift Potion"},{"floor":43,"key":"BlessingOfTheForge"}],"is_trial":false,"path_per_floor":["R","M","M","M","M","$","T","R","?","M","E","M","R","M","M","B",null,"R","M","$","?","M","R","T","M","E","$","M","?","$","?","M","B",null,"R","M","M","M","?","?","T","R","E","?","M","M"],"character_chosen":"THE_SPIRIT","items_purchased":["hexamod:ExtraCrispy","Replay:SS_hec_1","Block Potion"],"campfire_rested":0,"item_purchase_floors":[6,6,30],"current_hp_per_floor":[63,56,56,56,47,47,47,47,47,47,45,44,44,43,43,19,65,65,63,70,70,76,76,76,78,62,69,50,52,52,52,66,62,74,74,78,72,72,72,72,72,82,19,19,18,0,0,0],"gold":294,"neow_bonus":"HUNDRED_GOLD","is_daily":false,"chose_seed":false,"campfire_upgraded":5,"win_rate":0.0,"timestamp":1608755249,"path_taken":["R","M","M","?","M","$","T","R","?","M","E","M","R","?","M","BOSS","R","M","$","?","M","R","T","M","E","?","M","?","$","?","M","BOSS","R","M","M","M","?","?","T","R","E","?","M","M"],"items_purchased_type":["Card","Card","Potion"],"build_version":"2020-12-22","purchased_purges":3,"victory":false,"max_hp_per_floor":[70,70,70,70,70,70,70,70,70,70,70,70,70,70,70,70,78,78,78,78,78,78,78,78,78,78,78,78,78,78,78,78,78,78,78,78,78,78,78,78,78,88,88,88,88,88,88,88],"card_choices":[{"not_picked":["hexamod:HauntingEcho","hexamod:NightmareStrike"],"picked":"hexamod:ThermalTransfer","floor":2.0},{"not_picked":["hexamod:ApocalypseNow","hexamod:GhostLash"],"picked":"hexamod:HauntingEcho","floor":3.0},{"not_picked":["hexamod:ShieldOfDarkness","hexamod:GhostOfSpireFuture","hexamod:BurningTouch"],"picked":"SKIP","floor":4.0},{"not_picked":["hexamod:RainOfEmbers","hexamod:Rewind"],"picked":"hexamod:PhantomFireball","floor":5.0},{"not_picked":["hexamod:SwordOfDarkness","hexamod:GhostShield"],"picked":"hexamod:Hexaguard","floor":6.0},{"not_picked":["hexamod:NightmareStrike","hexamod:GhostLash","hexamod:SpectersWail"],"picked":"SKIP","floor":10},{"not_picked":["hexamod:ExtraCrispy","hexamod:Again"],"picked":"hexamod:Firestarter","floor":11},{"not_picked":["hexamod:RadiantFlame","hexamod:SwordOfDarkness","hexamod:RainOfEmbers"],"picked":"SKIP","floor":12},{"not_picked":["hexamod:SuperheatedStrike","hexamod:BacktrackSmack","hexamod:GhostShield"],"picked":"SKIP","floor":14},{"not_picked":["hexamod:ThermalTransfer","hexamod:SixthSeal"],"picked":"hexamod:FirstSeal","floor":15},{"not_picked":["hexamod:CrushingStance","hexamod:EmpoweringStance"],"picked":"hexamod:SixthSeal","floor":16},{"not_picked":["hexamod:GhostShield","hexamod:BurningTouch"],"picked":"hexamod:ThermalTransfer","floor":19},{"not_picked":["hexamod:GhostOfSpirePresent","hexamod:SpectralSpark","hexamod:ParanormalForm"],"picked":"SKIP","floor":20},{"not_picked":["hexamod:RadiantFlame","hexamod:DynamicBlow","hexamod:HeatMetal"],"picked":"SKIP","floor":22},{"not_picked":["hexamod:SpectersWail+1","hexamod:SwordOfDarkness","hexamod:ThermalTransfer"],"picked":"SKIP","floor":25},{"not_picked":["hexamod:HauntingEcho","hexamod:SpectersWail","hexamod:Incineration"],"picked":"SKIP","floor":26},{"not_picked":["hexamod:ShieldOfDarkness+1","hexamod:NightmareGuise"],"picked":"hexamod:AdvancingGuard","floor":27},{"not_picked":["hexamod:HauntingEcho","hexamod:BurningTouch","hexamod:SpectralSpark"],"picked":"SKIP","floor":28},{"not_picked":[],"picked":"J.A.X.","floor":29},{"not_picked":["hexamod:Firestarter+1","hexamod:InspiringFlames"],"picked":"hexamod:SoulSteal","floor":29},{"not_picked":["hexamod:HeatMetal","hexamod:FastForward","hexamod:SpectersWail"],"picked":"SKIP","floor":30},{"not_picked":["hexamod:SwordOfDarkness","hexamod:BurningTouch","hexamod:GhostOfSpireFuture+1"],"picked":"SKIP","floor":32},{"not_picked":["hexamod:CatchUp+1","hexamod:GhostOfSpirePast","hexamod:SkipABeat"],"picked":"SKIP","floor":36},{"not_picked":["hexamod:Hexaguard","hexamod:HeatMetal","hexamod:SpectralSpark"],"picked":"SKIP","floor":37},{"not_picked":["hexamod:GhostLash","hexamod:FirstSeal","hexamod:SwordOfDarkness"],"picked":"SKIP","floor":38},{"not_picked":["hexamod:GhostLash","hexamod:FirstSeal","hexamod:SwordOfDarkness"],"picked":"SKIP","floor":38},{"not_picked":["hexamod:GhostShield","hexamod:GhostLash+1","hexamod:FlamesFromBeyond"],"picked":"SKIP","floor":43},{"not_picked":["hexamod:GhostOfSpirePast","hexamod:BurningTouch","hexamod:Firestarter+1"],"picked":"SKIP","floor":45}],"player_experience":2912418,"relics_obtained":[{"floor":1.0,"key":"hexamod:SoulConsumer"},{"floor":7.0,"key":"TungstenRod"},{"floor":11,"key":"Ancient Tea Set"},{"floor":17,"key":"hubris:Spice"},{"floor":17,"key":"Replay:Bottled Flurry"},{"floor":17,"key":"Simple Rune"},{"floor":24,"key":"sneckomod:BlankCard"},{"floor":26,"key":"infinitespire:ShieldingShard"},{"floor":29,"key":"MutagenicStrength"},{"floor":43,"key":"Replay:Wax Seal"}],"event_choices":[{"damage_healed":0.0,"max_hp_gain":0.0,"max_hp_loss":0.0,"gold_gain":0.0,"event_name":"Lab","player_choice":"Got Potions","floor":9.0,"gold_loss":0.0,"damage_taken":0.0},{"damage_healed":0,"gold_gain":0,"cards_transformed":["hexamod:Sear"],"player_choice":"Transformed","damage_taken":0,"max_hp_gain":0,"max_hp_loss":0,"event_name":"Transmorgrifier","floor":31,"gold_loss":0,"cards_obtained":["hexamod:Incineration"]},{"damage_healed":0,"gold_gain":0,"player_choice":"Ignored","damage_taken":0,"max_hp_gain":0,"max_hp_loss":0,"event_name":"Mysterious Sphere","floor":39,"gold_loss":0}],"is_beta":false,"boss_relics":[{"not_picked":["SlaversCollar","ChewingGum"],"picked":"Calling Bell"},{"not_picked":["hubris:TerracottaHorce","hubris:BlackHole","Pandora\u0027s Box"]}],"items_purged_floors":[6,20,27],"is_endless":false,"potions_floor_spawned":[3,5,11,14,16,19,22,25,26,28,33,37,38,43],"killed_by":"Maw","ascension_level":8}}