{"host":"m1ntkrf87179kmo6","time":1608688207,"event":{"mods":["BaseMod","Better Third Choice","Minty Spire (QoL Compilation)","Shade Mod","StSLib"],"gold_per_floor":[119,119,69,49,62,62,96,96,96,31,206,222,222,238,238,339,339,352,352,352,42,54,54,54,72,154,154,154,30,30,49,49,146,146,159,159,178,61,79,109,109,121,121,5,83,83,96,115,115,115,115,115,18,48,48,48],"floor_reached":55,"playtime":3936,"items_purged":["Pain"],"score":767,"play_id":"19d7619d-8c26-4a7d-8f82-4cfec0c4beb6","local_time":"20201222215007","is_ascension_mode":false,"campfire_choices":[{"floor":6,"key":"REST"},{"floor":13,"key":"RECALL"},{"floor":15,"key":"REST"},{"floor":23,"key":"REST"},{"data":"Shade:ExtraLimbs","floor":28,"key":"SMITH"},{"data":"Shade:AnimateDead","floor":30,"key":"SMITH"},{"data":"Shade:Brains","floor":32,"key":"SMITH"},{"data":"Shade:Tombstone","floor":41,"key":"SMITH"},{"data":"Shade:AncientSpear","floor":46,"key":"SMITH"},{"data":"Shade:Bite_Shade","floor":49,"key":"SMITH"},{"data":"Shade:Bite_Shade","floor":52,"key":"SMITH"}],"circlet_count":0,"master_deck":["Shade:Strike_Shade+1","Shade:Strike_Shade+1","Shade:Defend_Shade+1","Shade:Defend_Shade+1","Shade:Defend_Shade+1","Shade:Defend_Shade+1","Shade:AnimateDead+1","Shade:CarefulCut","Shade:AncientSpear+1","Shade:RitualOffering","Shade:ExtraLimbs+1","Shade:Bite_Shade+1","Shade:ExtraLimbs+1","Shade:TouchOfTheGrave+1","Shade:Premonition+1","Shade:GreyBargain","Shade:PoundOfFlesh+1","Shade:Brains+1","Shade:Tombstone+1","Shade:Excise+1","Shade:FuneraryArmor+1","Shade:Premonition+1","Shade:Bite_Shade+1","Shade:FuneraryArmor+1","Parasite","Shade:Carnophage+1","Shade:ClawBack"],"relics":["Shade:YorickPolishedSkull","NeowsBlessing","The Courier","betterThird:SlimedRelic","PreservedInsect","Prayer Wheel","WarpedTongs","Pen Nib","Vajra","Strawberry","SlaversCollar","Spirit Poop","Lee\u0027s Waffle","Orichalcum","Singing Bowl","Bronze Scales","Blue Candle","Happy Flower"],"acts_visited":["Exordium","TheCity","TheBeyond","TheEnding"],"potions_floor_usage":[16,33,33,33,35,47,54,54,54,55],"damage_taken":[{"damage":0,"enemies":"2 Louse","floor":1,"turns":1},{"damage":0,"enemies":"Small Slimes","floor":5,"turns":1},{"damage":0,"enemies":"Gremlin Nob","floor":7,"turns":1},{"damage":0,"enemies":"Jaw Worm","floor":12,"turns":3},{"damage":4,"enemies":"2 Fungi Beasts","floor":14,"turns":2},{"damage":16,"enemies":"The Guardian","floor":16,"turns":16},{"damage":7,"enemies":"3 Byrds","floor":18,"turns":6},{"damage":0,"enemies":"Spheric Guardian","floor":22,"turns":3},{"damage":10,"enemies":"3 Cultists","floor":25,"turns":5},{"damage":0,"enemies":"Cultist and Chosen","floor":31,"turns":4},{"damage":28,"enemies":"Champ","floor":33,"turns":9},{"damage":0,"enemies":"3 Shapes","floor":35,"turns":3},{"damage":0,"enemies":"Orb Walker","floor":37,"turns":3},{"damage":3,"enemies":"3 Darklings","floor":39,"turns":5},{"damage":0,"enemies":"Nemesis","floor":40,"turns":5},{"damage":0,"enemies":"Sphere and 2 Shapes","floor":42,"turns":3},{"damage":1,"enemies":"Transient","floor":47,"turns":5},{"damage":0,"enemies":"Writhing Mass","floor":48,"turns":3},{"damage":70,"enemies":"Time Eater","floor":50,"turns":10},{"damage":6,"enemies":"Shield and Spear","floor":54,"turns":5},{"damage":100,"enemies":"The Heart","floor":55,"turns":9}],"seed_played":"-6945356954192053083","potions_obtained":[{"floor":5,"key":"DuplicationPotion"},{"floor":12,"key":"PowerPotion"},{"floor":22,"key":"SteroidPotion"},{"floor":25,"key":"LiquidBronze"},{"floor":35,"key":"Fruit Juice"},{"floor":37,"key":"Block Potion"},{"floor":48,"key":"GamblersBrew"},{"floor":54,"key":"SteroidPotion"}],"is_trial":false,"path_per_floor":["M","?","?","?","M","R","E","?","T","$","?","M","R","M","R","B",null,"M","?","?","$","M","R","?","M","T","?","R","$","R","M","R","B",null,"M","?","M","$","M","E","R","M","T","$","T","R","M","M","R","B",null,"R","$","E","B"],"character_chosen":"SHADE","items_purchased":["Shade:Bite_Shade","Pen Nib","Vajra","Strawberry","Lee\u0027s Waffle","Bronze Scales","Ancient Potion","Weak Potion"],"campfire_rested":3,"item_purchase_floors":[10,21,21,29,38,44,53,53],"current_hp_per_floor":[65,53,53,42,42,61,61,54,54,54,54,54,54,52,65,60,65,62,51,51,51,51,70,70,62,62,62,62,69,69,71,71,49,77,82,82,82,89,89,89,89,89,89,89,89,89,93,93,93,29,93,93,93,92,0,0],"gold":48,"neow_bonus":"THREE_ENEMY_KILL","is_daily":false,"chose_seed":false,"campfire_upgraded":7,"win_rate":0.0,"timestamp":1608688207,"path_taken":["M","?","?","?","M","R","E","?","T","$","?","M","R","M","R","BOSS","M","?","?","$","?","R","?","?","T","?","R","?","R","M","R","BOSS","M","?","M","$","?","E","R","M","T","$","?","R","M","M","R","BOSS","R","$","E","BOSS"],"items_purchased_type":["Card","Relic","Relic","Relic","Relic","Relic","Potion","Potion"],"build_version":"2020-12-13","purchased_purges":1,"victory":false,"max_hp_per_floor":[65,65,65,65,65,65,65,65,65,65,65,65,65,65,65,65,65,65,70,70,70,70,70,70,70,70,70,70,77,77,77,77,77,77,82,82,82,89,89,89,89,89,89,89,89,89,93,93,93,93,93,93,93,95,95,95],"card_choices":[{"not_picked":["Shade:FleshToFlesh","Shade:CommandSoldier"],"picked":"Shade:AncientSpear","floor":1},{"not_picked":["Shade:SkeletonHug","Shade:Doomsay"],"picked":"Shade:RitualOffering","floor":5},{"not_picked":["Shade:PotionOfRestlessness","Shade:AuraOfUnlife"],"picked":"Shade:ExtraLimbs","floor":7},{"not_picked":["Shade:Asphyxiate","Shade:Bonestorm","Shade:FleshToFlesh"],"picked":"SKIP","floor":12},{"not_picked":["Shade:OpenGraves","Shade:CallOfTheGrave","Shade:Frenzy"],"picked":"SKIP","floor":12},{"not_picked":["Shade:CommandSoldier","Shade:FingerOfDeath"],"picked":"Shade:ExtraLimbs","floor":14},{"not_picked":["Shade:Bonestorm","Shade:FingerOfDeath","Shade:StitchTogether"],"picked":"SKIP","floor":14},{"not_picked":["Shade:CoffinDance","Shade:SoulToxin+1"],"picked":"Shade:TouchOfTheGrave+1","floor":18},{"not_picked":["Shade:PotionOfRestlessness","Shade:GraveStillness","Shade:FeralStrike+1"],"picked":"SKIP","floor":18},{"not_picked":["Shade:PotionOfRestlessness","Shade:ClawBack+1"],"picked":"Shade:Premonition+1","floor":22},{"not_picked":["Shade:GraveStillness","Shade:CoffinDance","Shade:Bonestorm"],"picked":"SKIP","floor":22},{"not_picked":["Shade:CommandSoldier","Shade:SoulPierce"],"picked":"Shade:GreyBargain","floor":25},{"not_picked":["Shade:CoffinDance","Shade:CommandSoldier","Shade:FleshToFlesh+1"],"picked":"SKIP","floor":25},{"not_picked":["Shade:FreshBones","Shade:TouchOfTheGrave"],"picked":"Shade:PoundOfFlesh+1","floor":31},{"not_picked":["Shade:FreshBones","Shade:SanguineRitual"],"picked":"Shade:Brains","floor":31},{"not_picked":["Shade:OneIsEnough","Shade:MadHubris"],"picked":"Shade:Tombstone","floor":33},{"not_picked":["Shade:Bonestorm+1","Shade:Haruspicy"],"picked":"Shade:Excise+1","floor":35},{"not_picked":["Shade:CallOfTheGrave","Shade:Doomsay","Shade:GraveStillness+1"],"picked":"SKIP","floor":35},{"not_picked":["Shade:FeralStrike+1","Shade:WallOfFlesh+1"],"picked":"Shade:FuneraryArmor+1","floor":37},{"not_picked":["Shade:WallOfFlesh","Shade:CallOfTheGrave","Shade:Trample"],"picked":"SKIP","floor":37},{"not_picked":["Shade:ClawBack+1","Shade:CoffinDance+1"],"picked":"Shade:Premonition+1","floor":39},{"not_picked":["Shade:ExtraLimbs+1","Shade:Bonestorm","Shade:Frenzy"],"picked":"SKIP","floor":39},{"not_picked":["Shade:SpectralStrikes","Shade:Haruspicy"],"picked":"Shade:Bite_Shade","floor":40},{"not_picked":["Shade:Brains+1","Shade:GraveStillness"],"picked":"Shade:FuneraryArmor+1","floor":42},{"not_picked":["Shade:UnbarTheGrave","Shade:SoulToxin+1","Shade:SanguineRitual"],"picked":"SKIP","floor":42},{"not_picked":["Shade:FuneraryArmor","Shade:Premonition+1","Shade:ExtraLimbs+1"],"picked":"Singing Bowl","floor":47},{"not_picked":["Shade:Bonestorm","Shade:AuraOfUnlife","Shade:Frenzy+1"],"picked":"Singing Bowl","floor":47},{"not_picked":["Shade:FingerOfDeath+1","Shade:Trample"],"picked":"Shade:Carnophage+1","floor":48},{"not_picked":["Shade:FuneraryJewels+1","Shade:Asphyxiate+1"],"picked":"Shade:ClawBack","floor":48},{"not_picked":["Shade:Frenzy+1","Shade:AblativeArmor+1","Shade:FingerOfDeath+1"],"picked":"Singing Bowl","floor":54}],"player_experience":1094315,"relics_obtained":[{"floor":7,"key":"PreservedInsect"},{"floor":9,"key":"Prayer Wheel"},{"floor":40,"key":"Orichalcum"},{"floor":43,"key":"Singing Bowl"},{"floor":45,"key":"Blue Candle"},{"floor":54,"key":"Happy Flower"}],"event_choices":[{"damage_healed":0,"gold_gain":0,"player_choice":"Relic ","damage_taken":12,"max_hp_gain":0,"max_hp_loss":0,"event_name":"betterThird:BetterScrap","floor":2,"gold_loss":0,"cards_obtained":["White Noise"]},{"cards_removed":["Shade:Strike_Shade"],"damage_healed":0,"gold_gain":0,"player_choice":"Card Removal","damage_taken":0,"max_hp_gain":0,"max_hp_loss":0,"event_name":"The Cleric","floor":3,"gold_loss":50},{"damage_healed":0,"gold_gain":0,"player_choice":"Slimed","damage_taken":11,"max_hp_gain":0,"max_hp_loss":0,"event_name":"betterThird:BetterGoop","floor":4,"gold_loss":20},{"cards_removed":["Shade:Strike_Shade"],"damage_healed":0,"gold_gain":0,"player_choice":"Card Removal","damage_taken":7,"max_hp_gain":0,"max_hp_loss":0,"event_name":"Golden Wing","floor":8,"gold_loss":0},{"damage_healed":0,"gold_gain":175,"player_choice":"AGREE","damage_taken":31,"max_hp_gain":0,"max_hp_loss":0,"event_name":"betterThird:BetterSerpent","floor":11,"gold_loss":0},{"damage_healed":0,"gold_gain":0,"player_choice":"Shed Blood","damage_taken":16,"max_hp_gain":5,"max_hp_loss":0,"event_name":"Forgotten Altar","floor":19,"gold_loss":0},{"damage_healed":0,"gold_gain":0,"player_choice":"Rummage","damage_taken":0,"relics_obtained":["WarpedTongs"],"max_hp_gain":0,"max_hp_loss":0,"event_name":"Accursed Blacksmith","floor":20,"gold_loss":0,"cards_obtained":["Pain"]},{"damage_healed":0,"gold_gain":0,"player_choice":"Upgraded","damage_taken":0,"max_hp_gain":0,"max_hp_loss":0,"event_name":"Upgrade Shrine","floor":24,"gold_loss":0,"cards_upgraded":["Shade:ExtraLimbs"]},{"damage_healed":0,"gold_gain":0,"player_choice":"Simplicity","damage_taken":0,"max_hp_gain":0,"max_hp_loss":6,"event_name":"betterThird:BetterWriting","floor":27,"gold_loss":0},{"cards_removed":["Doubt"],"damage_healed":0,"gold_gain":0,"player_choice":"Offered Curse","damage_taken":0,"relics_obtained":["Spirit Poop"],"max_hp_gain":0,"max_hp_loss":0,"event_name":"Bonfire Elementals","floor":36,"gold_loss":0}],"is_beta":false,"boss_relics":[{"not_picked":["Snecko Eye","Pandora\u0027s Box"],"picked":"Shade:YorickPolishedSkull"},{"not_picked":["Astrolabe","Runic Dome"],"picked":"SlaversCollar"}],"items_purged_floors":[21],"is_endless":false,"potions_floor_spawned":[5,12,22,25,35,37,48,54],"killed_by":"The Heart","ascension_level":0}}