{"host":"4edbuligkc8x13l4","time":1608731616,"event":{"mods":["BaseMod","Minty Spire (QoL Compilation)","StSLib","SuperFastMode"],"gold_per_floor":[118,135,135,145,41,41,59,59,59,59,75,75,75,17,17,96,96,106,106,6,6],"floor_reached":20,"playtime":566,"items_purged":["Strike_R"],"score":346,"play_id":"2cc67e6a-d558-4680-9a4c-599d587d4c1e","local_time":"20201223215336","is_ascension_mode":true,"campfire_choices":[{"data":"Limit Break","floor":6.0,"key":"SMITH"},{"data":"Rage","floor":8.0,"key":"SMITH"},{"floor":10.0,"key":"REST"},{"floor":15.0,"key":"REST"}],"circlet_count":0,"master_deck":["AscendersBane","Strike_R","Strike_R","Strike_R","Defend_R","Defend_R","Bash","Limit Break+1","Rampage","Evolve","Flex","Rage+1","True Grit+1","Armaments","Limit Break","Sword Boomerang"],"relics":["Burning Blood","Boot","Nloth\u0027s Gift"],"acts_visited":["Exordium","TheCity"],"potions_floor_usage":[16,16],"damage_taken":[{"damage":12.0,"enemies":"Cultist","floor":1.0,"turns":4.0},{"damage":20.0,"enemies":"Jaw Worm","floor":2.0,"turns":5.0},{"damage":2.0,"enemies":"2 Louse","floor":4.0,"turns":3.0},{"damage":15.0,"enemies":"Large Slime","floor":7.0,"turns":6.0},{"damage":16.0,"enemies":"Looter","floor":11.0,"turns":4.0},{"damage":42,"enemies":"Hexaghost","floor":16,"turns":13},{"damage":45,"enemies":"Shell Parasite","floor":18,"turns":10},{"damage":38,"enemies":"2 Thieves","floor":20,"turns":3}],"seed_played":"6256555190268999048","potions_obtained":[{"floor":1.0,"key":"FearPotion"},{"floor":4.0,"key":"SpeedPotion"}],"is_trial":false,"path_per_floor":["M","M","?","M","$","R","M","R","T","R","M","?","?","$","R","B",null,"M","?","M"],"character_chosen":"IRONCLAD","items_purchased":["Flex","Armaments"],"campfire_rested":2,"item_purchase_floors":[5,14],"current_hp_per_floor":[62,48,48,52,52,52,43,43,43,65,55,55,48,48,70,34,65,26,26,0,0],"gold":6,"neow_bonus":"THREE_RARE_CARDS","is_daily":false,"chose_seed":false,"campfire_upgraded":2,"win_rate":0.0,"timestamp":1608731616,"path_taken":["M","?","?","?","$","R","M","R","T","R","M","?","?","$","R","BOSS","M","?","M"],"items_purchased_type":["Card","Card"],"build_version":"2020-12-22","purchased_purges":1,"victory":false,"max_hp_per_floor":[75,75,75,75,75,75,75,75,75,75,75,75,75,75,75,75,75,75,75,75,75],"card_choices":[{"not_picked":["Fiend Fire","Corruption"],"picked":"Limit Break","floor":0.0},{"not_picked":["Headbutt","Iron Wave"],"picked":"Rampage","floor":1.0},{"not_picked":["Blood for Blood","Heavy Blade","Sentinel"],"picked":"SKIP","floor":2.0},{"not_picked":["Iron Wave","Clash"],"picked":"Evolve","floor":4.0},{"not_picked":["Thunderclap","Hemokinesis"],"picked":"Rage","floor":7.0},{"not_picked":["Shrug It Off","Power Through"],"picked":"True Grit","floor":11.0},{"not_picked":["Barricade","Berserk"],"picked":"Limit Break","floor":16},{"not_picked":["Searing Blow+1","Body Slam"],"picked":"Sword Boomerang","floor":18}],"player_experience":912534,"relics_obtained":[{"floor":9.0,"key":"Boot"}],"event_choices":[{"cards_removed":["Shame"],"damage_healed":0.0,"max_hp_gain":0.0,"max_hp_loss":0.0,"gold_gain":0.0,"event_name":"Purifier","player_choice":"Purged","floor":3.0,"gold_loss":0.0,"damage_taken":0.0},{"damage_healed":0.0,"max_hp_gain":0.0,"max_hp_loss":0.0,"gold_gain":0.0,"event_name":"Living Wall","player_choice":"Grow","floor":12.0,"gold_loss":0.0,"damage_taken":0.0,"cards_upgraded":["True Grit"]},{"cards_removed":["Defend_R"],"damage_healed":0.0,"max_hp_gain":0.0,"max_hp_loss":0.0,"gold_gain":0.0,"event_name":"Golden Wing","player_choice":"Card Removal","floor":13.0,"gold_loss":0.0,"damage_taken":7.0},{"damage_healed":0,"gold_gain":0,"player_choice":"Traded Relic","damage_taken":0,"relics_obtained":["Nloth\u0027s Gift"],"max_hp_gain":0,"max_hp_loss":0,"event_name":"N\u0027loth","floor":19,"relics_lost":["Empty Cage"],"gold_loss":0}],"is_beta":false,"boss_relics":[{"not_picked":["Cursed Key","Ectoplasm"],"picked":"Empty Cage"}],"items_purged_floors":[5],"is_endless":false,"potions_floor_spawned":[1,4,11],"killed_by":"2 Thieves","ascension_level":17}}