{"host":"baymyijz6sxaqj5s","time":1608710178,"event":{"mods":["AchievementEnabler","BaseMod","Colored Map","Colored Powertips","DeckTracker","KOR Keyword Fix","Keyboard Shortcuts","Minty Spire (QoL Compilation)","Quick Restart","StSLib","SuperFastMode"],"gold_per_floor":[116,135,146,163,163,163,163,181,204,221,239,239,239,204,204,299,299,311,143,143,34,53,53,67,82,82,94,94,94,94,94,94,197,247,262,312,330,341,361,361,361],"floor_reached":40,"playtime":1935,"items_purged":[],"score":407,"play_id":"11ab1a26-f307-48cf-9857-4c614c2cca6b","local_time":"20201223165618","is_ascension_mode":false,"campfire_choices":[{"data":"Flame Barrier","floor":6,"key":"SMITH"},{"floor":12,"key":"REST"},{"data":"Body Slam","floor":15,"key":"SMITH"},{"data":"Flame Barrier","floor":23,"key":"SMITH"},{"data":"Heavy Blade","floor":30,"key":"SMITH"},{"floor":32,"key":"REST"}],"circlet_count":0,"master_deck":["Strike_R","Strike_R","Strike_R+1","Strike_R","Defend_R","Defend_R","Defend_R","Defend_R","Bash","Demon Form","Flame Barrier+1","Ghostly Armor","Armaments","Body Slam+1","Reaper","Seeing Red+1","Inflame","Good Instincts","Flame Barrier+1","Double Tap","Shrug It Off","Enlightenment","Heavy Blade+1","Power Through","Necronomicurse","Impervious","Body Slam","Shrug It Off+1","Shrug It Off+1","Dropkick","Spot Weakness"],"relics":["Burning Blood","Bag of Preparation","Potion Belt","Mark of Pain","InkBottle","Necronomicon","Tiny House","Calipers"],"acts_visited":["Exordium","TheCity","TheBeyond"],"potions_floor_usage":[8,16,16,27,33,33,39,39,40],"damage_taken":[{"damage":0,"enemies":"Small Slimes","floor":1,"turns":3},{"damage":20,"enemies":"Jaw Worm","floor":2,"turns":4},{"damage":1,"enemies":"Cultist","floor":3,"turns":3},{"damage":21,"enemies":"Large Slime","floor":4,"turns":6},{"damage":10,"enemies":"Looter","floor":8,"turns":3},{"damage":22,"enemies":"Exordium Thugs","floor":10,"turns":6},{"damage":15,"enemies":"Red Slaver","floor":11,"turns":4},{"damage":30,"enemies":"Slime Boss","floor":16,"turns":9},{"damage":12,"enemies":"3 Byrds","floor":18,"turns":4},{"damage":7,"enemies":"Spheric Guardian","floor":22,"turns":5},{"damage":10,"enemies":"Chosen and Byrds","floor":24,"turns":8},{"damage":5,"enemies":"Snecko","floor":25,"turns":6},{"damage":20,"enemies":"Centurion and Healer","floor":27,"turns":5},{"damage":58,"enemies":"Automaton","floor":33,"turns":7},{"damage":35,"enemies":"3 Darklings","floor":35,"turns":7},{"damage":36,"enemies":"2 Orb Walkers","floor":36,"turns":5},{"damage":9,"enemies":"3 Shapes","floor":37,"turns":5},{"damage":11,"enemies":"3 Darklings","floor":38,"turns":6},{"damage":26,"enemies":"Writhing Mass","floor":39,"turns":8},{"damage":99,"enemies":"Giant Head","floor":40,"turns":10}],"seed_played":"-6903947499100836365","potions_obtained":[{"floor":2,"key":"BlessingOfTheForge"},{"floor":4,"key":"Block Potion"},{"floor":8,"key":"LiquidMemories"},{"floor":24,"key":"DuplicationPotion"},{"floor":25,"key":"LiquidBronze"},{"floor":27,"key":"SkillPotion"},{"floor":34,"key":"BlessingOfTheForge"},{"floor":35,"key":"FearPotion"},{"floor":38,"key":"LiquidMemories"}],"is_trial":false,"path_per_floor":["M","M","M","M","?","R","?","M","T","M","M","R","?","?","R","B",null,"M","$","?","$","M","R","M","M","T","M","?","?","R","?","R","B",null,"M","?","M","M","M","E"],"character_chosen":"IRONCLAD","items_purchased":["Inflame","Good Instincts","Shrug It Off","Enlightenment"],"campfire_rested":2,"item_purchase_floors":[19,19,21,21],"current_hp_per_floor":[88,74,79,64,57,57,57,53,53,37,28,54,54,76,76,52,88,82,82,82,82,81,81,77,84,84,70,70,70,70,54,80,34,93,93,77,93,93,73,0,0],"gold":361,"neow_bonus":"TEN_PERCENT_HP_BONUS","is_daily":false,"chose_seed":false,"campfire_upgraded":4,"win_rate":0.0,"timestamp":1608710178,"path_taken":["M","M","M","M","?","R","?","M","T","M","?","R","?","?","R","BOSS","M","$","?","?","M","R","?","M","T","M","?","?","R","?","R","BOSS","M","?","M","M","M","E"],"items_purchased_type":["Card","Card","Card","Card"],"build_version":"2020-12-22","purchased_purges":0,"victory":false,"max_hp_per_floor":[88,88,88,88,88,88,88,88,88,88,88,88,88,88,88,88,88,88,88,88,88,88,88,88,88,88,88,88,88,88,88,88,88,93,93,93,93,93,93,93,93],"card_choices":[{"not_picked":["Clothesline","Sword Boomerang","Flex"],"picked":"SKIP","floor":1},{"not_picked":["Clothesline","Searing Blow","Perfected Strike"],"picked":"SKIP","floor":2},{"not_picked":["Armaments","Headbutt"],"picked":"Demon Form","floor":3},{"not_picked":["Intimidate","Anger"],"picked":"Flame Barrier","floor":4},{"not_picked":["Pummel","Dual Wield"],"picked":"Ghostly Armor","floor":8},{"not_picked":["Disarm","Clothesline"],"picked":"Armaments","floor":10},{"not_picked":["Cleave","Iron Wave"],"picked":"Body Slam","floor":11},{"not_picked":["Fiend Fire","Berserk"],"picked":"Reaper","floor":16},{"not_picked":["Wild Strike","Thunderclap"],"picked":"Seeing Red+1","floor":18},{"not_picked":["True Grit","Wild Strike+1","Flex"],"picked":"SKIP","floor":22},{"not_picked":["Armaments","Bloodletting"],"picked":"Heavy Blade","floor":24},{"not_picked":["True Grit","Flex+1","Iron Wave"],"picked":"SKIP","floor":25},{"not_picked":["Havoc","Pommel Strike","Fiend Fire"],"picked":"SKIP","floor":27},{"not_picked":["Reaper","Limit Break"],"picked":"Impervious","floor":33},{"not_picked":["Armaments","Rupture"],"picked":"Body Slam","floor":34},{"not_picked":["Power Through+1","Anger"],"picked":"Shrug It Off+1","floor":35},{"not_picked":["Sword Boomerang+1","Exhume"],"picked":"Shrug It Off+1","floor":36},{"not_picked":["True Grit","Inflame"],"picked":"Dropkick","floor":37},{"not_picked":["Shrug It Off+1","Heavy Blade","Power Through"],"picked":"SKIP","floor":38},{"not_picked":["Pommel Strike","Wild Strike"],"picked":"Spot Weakness","floor":39}],"player_experience":191573,"relics_obtained":[{"floor":7,"key":"Bag of Preparation"},{"floor":9,"key":"Potion Belt"},{"floor":26,"key":"InkBottle"},{"floor":31,"key":"Necronomicon"},{"floor":36,"key":"Calipers"}],"event_choices":[{"cards_removed":["Strike_R"],"damage_healed":0,"gold_gain":0,"player_choice":"Card Removal","damage_taken":7,"max_hp_gain":0,"max_hp_loss":0,"event_name":"Golden Wing","floor":5,"gold_loss":0},{"damage_healed":0,"gold_gain":0,"player_choice":"Relic","damage_taken":0,"max_hp_gain":0,"max_hp_loss":0,"event_name":"Wheel of Change","floor":7,"gold_loss":0},{"damage_healed":0,"gold_gain":0,"player_choice":"Ignored","damage_taken":0,"max_hp_gain":0,"max_hp_loss":0,"event_name":"Golden Idol","floor":13,"gold_loss":0},{"damage_healed":22,"gold_gain":0,"player_choice":"Healed","damage_taken":0,"max_hp_gain":0,"max_hp_loss":0,"event_name":"The Cleric","floor":14,"gold_loss":35},{"damage_healed":0,"gold_gain":0,"player_choice":"2 cards matched","damage_taken":0,"max_hp_gain":0,"max_hp_loss":0,"event_name":"Match and Keep!","floor":20,"gold_loss":0,"cards_obtained":["Flame Barrier","Double Tap"]},{"damage_healed":0,"gold_gain":0,"player_choice":"Ignored","damage_taken":0,"max_hp_gain":0,"max_hp_loss":0,"event_name":"Vampires","floor":28,"gold_loss":0},{"damage_healed":0,"gold_gain":0,"player_choice":"Read","damage_taken":0,"max_hp_gain":0,"max_hp_loss":0,"event_name":"The Library","floor":29,"gold_loss":0,"cards_obtained":["Power Through"]},{"damage_healed":0,"gold_gain":0,"player_choice":"Obtained Book","damage_taken":16,"max_hp_gain":0,"max_hp_loss":0,"event_name":"Cursed Tome","floor":31,"gold_loss":0},{"damage_healed":0,"gold_gain":0,"player_choice":"Fight","damage_taken":0,"max_hp_gain":0,"max_hp_loss":0,"event_name":"Mysterious Sphere","floor":36,"gold_loss":0}],"is_beta":false,"boss_relics":[{"not_picked":["Runic Dome","Velvet Choker"],"picked":"Mark of Pain"},{"not_picked":["Snecko Eye","Cursed Key"],"picked":"Tiny House"}],"items_purged_floors":[],"is_endless":false,"potions_floor_spawned":[2,4,8,24,25,27,35,38],"killed_by":"Giant Head","ascension_level":0}}