{"host":"4cz9gr89nglr7k8k","time":1608760149,"event":{"mods":["BaseMod","Minty Spire (QoL Compilation)","Relic Stats","Slay-I"],"gold_per_floor":[115,115,115,18,18,18,56,80,80,80,27,50,83,137,137,232,232,246,6,6,27,47,47,47],"floor_reached":23,"playtime":531,"items_purged":[],"score":429,"play_id":"70158b06-677b-4089-bdbc-649c448f89ca","local_time":"20201223224909","is_ascension_mode":true,"campfire_choices":[{"data":"Self Repair","floor":6,"key":"SMITH"},{"floor":15,"key":"REST"}],"circlet_count":0,"master_deck":["AscendersBane","Strike_B+1","Strike_B+1","Strike_B+1","Defend_B+1","Defend_B+1","Defend_B+1","Defend_B+1","Zap","Dualcast+1","Self Repair+1","Lockon+1","Ball Lightning","Darkness","Conserve Battery","Ball Lightning","Go for the Eyes","Turbo","Biased Cognition","Redo","Self Repair","Rebound+1","Stack"],"relics":["Cracked Core","NeowsBlessing","Golden Idol","War Paint","InkBottle","Juzu Bracelet","Boot","HornCleat","Smiling Mask","Busted Crown","MealTicket"],"acts_visited":["Exordium","TheCity"],"potions_floor_usage":[18,22],"damage_taken":[{"damage":0,"enemies":"2 Louse","floor":1,"turns":1},{"damage":0,"enemies":"Gremlin Nob","floor":7,"turns":1},{"damage":0,"enemies":"Jaw Worm","floor":12,"turns":1},{"damage":26,"enemies":"3 Sentries","floor":13,"turns":6},{"damage":19,"enemies":"Hexaghost","floor":16,"turns":9},{"damage":13,"enemies":"3 Byrds","floor":18,"turns":3},{"damage":0,"enemies":"Chosen","floor":21,"turns":3},{"damage":19,"enemies":"Centurion and Healer","floor":22,"turns":4},{"damage":57,"enemies":"Slavers","floor":23,"turns":4}],"seed_played":"-3197343270696721725","potions_obtained":[{"floor":7,"key":"DuplicationPotion"},{"floor":16,"key":"FearPotion"}],"is_trial":false,"path_per_floor":["M","?","?","$","?","R","E","T","T","?","$","M","E","T","R","B",null,"M","$","?","M","M","E"],"character_chosen":"DEFECT","items_purchased":["Lockon","Ball Lightning","Ball Lightning","MealTicket","Self Repair"],"campfire_rested":1,"item_purchase_floors":[4,4,11,19,19],"current_hp_per_floor":[64,40,35,35,35,35,35,35,35,35,35,35,19,19,40,21,59,56,56,56,66,54,0,0],"gold":47,"neow_bonus":"THREE_ENEMY_KILL","is_daily":false,"chose_seed":false,"campfire_upgraded":1,"win_rate":0.0,"timestamp":1608760149,"path_taken":["M","?","?","$","?","R","E","?","T","?","?","M","E","?","R","BOSS","M","$","?","M","M","E"],"items_purchased_type":["Card","Card","Card","Relic","Card"],"build_version":"2020-12-22","purchased_purges":0,"victory":false,"max_hp_per_floor":[71,71,71,71,71,71,71,71,71,71,71,71,71,71,71,71,71,71,71,71,71,71,71,71],"relic_stats":{"Busted Crown":6,"counters":[9,32],"Golden Idol":50,"MealTicket":0,"Juzu Bracelet":1,"War Paint":["Dualcast","Defend_B"],"Boot":[20],"Smiling Mask":0,"obtain_stats":[{"HornCleat":13,"Busted Crown":17,"NeowsBlessing":0,"Golden Idol":2,"MealTicket":19,"Juzu Bracelet":8,"War Paint":3,"Cracked Core":0,"Boot":9,"Smiling Mask":14,"InkBottle":7},{"HornCleat":4,"Busted Crown":5,"NeowsBlessing":0,"Golden Idol":1,"MealTicket":6,"Juzu Bracelet":2,"War Paint":1,"Cracked Core":0,"Boot":2,"Smiling Mask":4,"InkBottle":2},{"HornCleat":9,"Busted Crown":18,"NeowsBlessing":0,"Golden Idol":1,"MealTicket":21,"Juzu Bracelet":2,"War Paint":1,"Cracked Core":0,"Boot":2,"Smiling Mask":9,"InkBottle":2}],"InkBottle":[9]},"card_choices":[{"not_picked":["Hologram","Auto Shields"],"picked":"Self Repair","floor":1},{"not_picked":["Hologram","Auto Shields"],"picked":"Conserve Battery","floor":7},{"not_picked":["Stack","Coolheaded"],"picked":"Go for the Eyes","floor":12},{"not_picked":["Tempest","FTL"],"picked":"Turbo","floor":13},{"not_picked":["Thunder Strike","All For One"],"picked":"Biased Cognition","floor":16},{"not_picked":[],"picked":"Redo","floor":18},{"not_picked":[],"picked":"Rebound+1","floor":21},{"not_picked":[],"picked":"Stack","floor":22}],"player_experience":1456854,"relics_obtained":[{"floor":7,"key":"InkBottle"},{"floor":8,"key":"Juzu Bracelet"},{"floor":9,"key":"Boot"},{"floor":13,"key":"HornCleat"},{"floor":14,"key":"Smiling Mask"}],"event_choices":[{"damage_healed":0,"gold_gain":0,"player_choice":"Take Damage","damage_taken":24,"relics_obtained":["Golden Idol"],"max_hp_gain":0,"max_hp_loss":0,"event_name":"Golden Idol","floor":2,"gold_loss":0},{"damage_healed":0,"gold_gain":0,"player_choice":"Success","damage_taken":5,"relics_obtained":["War Paint"],"max_hp_gain":0,"max_hp_loss":0,"event_name":"Scrap Ooze","floor":3,"gold_loss":0},{"damage_healed":0,"gold_gain":0,"cards_transformed":["Strike_B"],"player_choice":"Change","damage_taken":0,"max_hp_gain":0,"max_hp_loss":0,"event_name":"Living Wall","floor":5,"gold_loss":0,"cards_obtained":["Darkness"]},{"damage_healed":0,"gold_gain":0,"player_choice":"Upgraded","damage_taken":0,"max_hp_gain":0,"max_hp_loss":0,"event_name":"Upgrade Shrine","floor":10,"gold_loss":0,"cards_upgraded":["Lockon"]},{"damage_healed":0,"gold_gain":0,"player_choice":"Simplicity","damage_taken":0,"max_hp_gain":0,"max_hp_loss":0,"event_name":"Back to Basics","floor":20,"gold_loss":0,"cards_upgraded":["Strike_B","Strike_B","Strike_B","Defend_B","Defend_B","Defend_B"]}],"is_beta":false,"boss_relics":[{"not_picked":["SlaversCollar","Pandora\u0027s Box"],"picked":"Busted Crown"}],"items_purged_floors":[],"is_endless":false,"potions_floor_spawned":[7,16],"killed_by":"Slavers","ascension_level":19}}