{"host":"9nt1zhl3k8mtcf72","time":1608689752,"event":{"mods":["Aspiration","BaseMod","Conjunction","Conspire","Downfall","Energized Spire","Friendly Minions","GifTheSpireLib","Halation","Hubris","Infinite Spire","Jedi Mod","Mimic Mod","Minty Spire (QoL Compilation)","RatMod","Replay The Spire","Spikes Relics","StSLib","Stuff the Spire","Trackpad","Useless Jewels Mod","Wandering Minibosses","vexMod"],"gold_per_floor":[99,109,128,113,113,38,38,58,98,118,118,132,164,55,65,65,65,65],"floor_reached":16,"playtime":813,"items_purged":[],"score":102,"play_id":"37f77e3a-cd5a-4eb0-9ed4-8ee7faf45b82","local_time":"20201222211552","is_ascension_mode":false,"campfire_choices":[{"floor":1,"key":"RECALL"},{"data":"hexamod:UnlimitedPower","floor":6,"key":"SMITH"}],"circlet_count":0,"master_deck":["hexamod:Strike","hexamod:Strike","hexamod:Strike","hexamod:Strike","hexamod:Defend","hexamod:Defend","hexamod:Defend","hexamod:Defend","hexamod:Sear","hexamod:Float","hexamod:SoulSteal","hexamod:FirstSeal","hexamod:FourthSeal","hexamod:Sear","hexamod:UnlimitedPower+1","hexamod:NightmareStrike","hexamod:SpectersWail","hexamod:FourthSeal","hexamod:FifthSeal","hexamod:FirstSeal","hexamod:ExtraCrispy","hexamod:NightmareStrike","hexamod:FirstSeal","hexamod:SoulSteal","hexamod:Firestarter","hexamod:ThermalTransfer","hexamod:ThirdSeal","hexamod:BurningTouch"],"relics":["hexamod:SpiritBrand","downfall:HeartBlessingRed","rat:PhantomDancer","vexMod:InvisibilityCloak","Ancient Tea Set"],"acts_visited":["Exordium"],"potions_floor_usage":[13,13,14,16,16,16,16,16,16],"damage_taken":[{"damage":0,"enemies":"conspire:RoseBush","floor":2,"turns":4},{"damage":6,"enemies":"infinitespire:Voidling","floor":3,"turns":5},{"damage":0,"enemies":"downfall:FleeingMerchant","floor":4,"turns":4},{"damage":0,"enemies":"Small Slimes","floor":8,"turns":3},{"damage":35,"enemies":"conspire:MimicChest","floor":9,"turns":6},{"damage":0,"enemies":"3 Louse","floor":10,"turns":3},{"damage":23,"enemies":"Blue Slaver","floor":12,"turns":5},{"damage":10,"enemies":"Gremlin Nob","floor":13,"turns":4},{"damage":5,"enemies":"downfall:FleeingMerchant","floor":14,"turns":4},{"damage":23,"enemies":"Exordium Thugs","floor":15,"turns":4},{"damage":26,"enemies":"downfall:Ironclad","floor":16,"turns":3}],"seed_played":"7886082827773489553","potions_obtained":[{"floor":0,"key":"CultistPotion"},{"floor":0,"key":"Ancient Potion"},{"floor":0,"key":"infinitespire:BlackPotion"},{"floor":9,"key":"EntropicBrew"},{"floor":13,"key":"EntropicBrew"}],"is_trial":false,"path_per_floor":["R","M","M","$","?","R","T","M","?","M","T","M","E","$","M","B"],"character_chosen":"THE_SPIRIT","items_purchased":["hexamod:Firestarter","hexamod:ThermalTransfer"],"campfire_rested":0,"item_purchase_floors":[14,14],"current_hp_per_floor":[70,70,64,70,70,70,70,70,42,42,42,26,30,39,16,0,0,0],"gold":65,"neow_bonus":"THREE_SMALL_POTIONS","is_daily":false,"chose_seed":false,"campfire_upgraded":1,"win_rate":0.0,"timestamp":1608689752,"path_taken":["R","M","M","$","?","R","T","?","?","M","?","M","E","$","M","BOSS"],"items_purchased_type":["Card","Card"],"build_version":"2020-12-13","purchased_purges":0,"victory":false,"max_hp_per_floor":[70,70,70,70,70,70,70,70,70,70,70,70,70,70,70,70,70,70],"card_choices":[{"not_picked":["hexamod:SwordOfDarkness","hexamod:PowerFromBeyond"],"picked":"hexamod:SoulSteal","floor":2},{"not_picked":["hexamod:ShieldOfDarkness","hexamod:SwordOfDarkness"],"picked":"hexamod:FirstSeal","floor":3},{"not_picked":["hexamod:ShieldOfDarkness","hexamod:GhostLash"],"picked":"hexamod:FourthSeal","floor":4},{"not_picked":["hexamod:GhostLash","hexamod:AdvancingGuard"],"picked":"hexamod:SpectersWail","floor":8},{"not_picked":["hexamod:InspiringFlames","hexamod:AdvancingGuard"],"picked":"hexamod:FourthSeal","floor":9},{"not_picked":["hexamod:NightmareStrike","hexamod:SecondSeal"],"picked":"hexamod:FifthSeal","floor":10},{"not_picked":["hexamod:ThirdSeal","hexamod:FourthSeal"],"picked":"hexamod:FirstSeal","floor":12},{"not_picked":["hexamod:SwordOfDarkness","hexamod:Hexaguard"],"picked":"hexamod:ExtraCrispy","floor":12},{"not_picked":["hexamod:CatchUp","hexamod:NecessarySacrifice"],"picked":"hexamod:NightmareStrike","floor":13},{"not_picked":["hexamod:ThirdSeal","hexamod:FourthSeal"],"picked":"hexamod:FirstSeal","floor":14},{"not_picked":["hexamod:Firestarter","hexamod:NightmareGuise"],"picked":"hexamod:SoulSteal","floor":14},{"not_picked":["hexamod:FourthSeal","hexamod:FirstSeal"],"picked":"hexamod:ThirdSeal","floor":15},{"not_picked":["hexamod:InspiringFlames","hexamod:FastForward"],"picked":"hexamod:BurningTouch","floor":15}],"player_experience":451548,"relics_obtained":[{"floor":9,"key":"rat:PhantomDancer"},{"floor":11,"key":"vexMod:InvisibilityCloak"},{"floor":13,"key":"Ancient Tea Set"}],"event_choices":[],"is_beta":false,"boss_relics":[],"items_purged_floors":[],"is_endless":false,"potions_floor_spawned":[8,9,10,15],"killed_by":"downfall:Ironclad","ascension_level":0}}