{"host":"5dk97cf2ubw2v967","time":1608739982,"event":{"mods":["AlwaysNeverKeys","BaseMod","Better Altar","Better Vampires","Block Reminder","Colored Powertips","Downfall","Googly Eyes","Highlight Path","Minty Spire (QoL Compilation)","Permanent Neow","Potion Indicator Mod","Quick Restart","Relic Filter","Relic Stats","Say the Spire","Spicy Shops","StSLib","Waifu the Spire","everything is the same but u backflip on backflip"],"gold_per_floor":[109,109,128,53,128,128,138,169,194,209,220,220,220],"floor_reached":12,"playtime":466,"items_purged":[],"score":160,"play_id":"95dabd44-3a44-4846-beeb-dd74e2ee2c85","local_time":"20201223161302","is_ascension_mode":true,"campfire_choices":[{"data":"Bash","floor":6.0,"key":"SMITH"}],"circlet_count":0,"master_deck":["AscendersBane","Strike_R","Strike_R","Strike_R","Strike_R","Strike_R","Defend_R","Defend_R","Defend_R","Bash+1","Flame Barrier","Bloodletting","Thunderclap","Battle Trance","Disarm","Clothesline"],"relics":["Burning Blood","Turnip","White Beast Statue","Smiling Mask"],"acts_visited":["Exordium"],"potions_floor_usage":[12],"damage_taken":[{"damage":6.0,"enemies":"Cultist","floor":1.0,"turns":4.0},{"damage":8.0,"enemies":"2 Louse","floor":3.0,"turns":3.0},{"damage":3.0,"enemies":"Small Slimes","floor":7.0,"turns":3.0},{"damage":49.0,"enemies":"Lagavulin","floor":8.0,"turns":8.0},{"damage":9.0,"enemies":"3 Louse","floor":10.0,"turns":4.0},{"damage":0.0,"enemies":"Gremlin Gang","floor":11.0,"turns":2.0},{"damage":7,"enemies":"Gremlin Nob","floor":12,"turns":3}],"seed_played":"5261743069146319020","potions_obtained":[{"floor":7.0,"key":"Block Potion"},{"floor":10.0,"key":"Explosive Potion"},{"floor":11.0,"key":"SneckoOil"}],"is_trial":false,"path_per_floor":["M","?","M","?","?","R","M","E","T","M","M","E"],"character_chosen":"IRONCLAD","items_purchased":[],"campfire_rested":0,"item_purchase_floors":[],"current_hp_per_floor":[68,68,66,66,55,55,58,15,15,12,18,11,11],"gold":220,"neow_bonus":"ONE_RARE_RELIC","is_daily":false,"chose_seed":false,"campfire_upgraded":1,"win_rate":0.0,"timestamp":1608739982,"path_taken":["M","?","M","?","?","R","M","E","T","M","M","E"],"items_purchased_type":[],"build_version":"2020-12-22","purchased_purges":0,"victory":false,"max_hp_per_floor":[75,75,75,75,75,75,75,75,75,75,75,75,75],"relic_stats":{"counters":[7,27],"Turnip":[1],"Smiling Mask":0,"obtain_stats":[{"Turnip":0,"Smiling Mask":9,"Burning Blood":0,"White Beast Statue":8},{"Turnip":0,"Smiling Mask":4,"Burning Blood":0,"White Beast Statue":4},{"Turnip":0,"Smiling Mask":18,"Burning Blood":0,"White Beast Statue":18}],"Burning Blood":36},"card_choices":[{"not_picked":["Headbutt","Anger"],"picked":"Flame Barrier","floor":1.0},{"not_picked":["Havoc","Armaments"],"picked":"Bloodletting","floor":3.0},{"not_picked":["Flex","Body Slam"],"picked":"Thunderclap","floor":7.0},{"not_picked":["Flex","Armaments"],"picked":"Battle Trance","floor":8.0},{"not_picked":["Headbutt","Rampage"],"picked":"Disarm","floor":10.0},{"not_picked":["Anger","Limit Break"],"picked":"Clothesline","floor":11.0}],"player_experience":1249137,"relics_obtained":[{"floor":8.0,"key":"White Beast Statue"},{"floor":9.0,"key":"Smiling Mask"}],"event_choices":[{"cards_removed":["Injury"],"damage_healed":0.0,"max_hp_gain":0.0,"max_hp_loss":0.0,"gold_gain":0.0,"event_name":"Living Wall","player_choice":"Forget","floor":2.0,"gold_loss":0.0,"damage_taken":0.0},{"cards_removed":["Defend_R"],"damage_healed":0.0,"max_hp_gain":0.0,"max_hp_loss":0.0,"gold_gain":0.0,"event_name":"The Cleric","player_choice":"Card Removal","floor":4.0,"gold_loss":75.0,"damage_taken":0.0},{"damage_healed":0.0,"max_hp_gain":0.0,"max_hp_loss":0.0,"gold_gain":75.0,"event_name":"World of Goop","player_choice":"Gather Gold","floor":5.0,"gold_loss":0.0,"damage_taken":11.0}],"is_beta":false,"boss_relics":[],"items_purged_floors":[],"is_endless":false,"potions_floor_spawned":[7,10,11],"killed_by":"Gremlin Nob","ascension_level":20}}