{"host":"qjr2x8lg4bxz99yh","time":1608752629,"event":{"mods":["Act Like it!","BaseMod","Colored Powertips","Downfall","Friendly Minions","Hallownest","Hermit","Minty Spire (QoL Compilation)","Replay The Spire","StSLib","The Bug Knight","The Cursed","The Disciple","The Hierophant","The Jungle","The Necromancer","The Runesmith","everything is the same but u backflip on backflip"],"gold_per_floor":[119,129,304,64,79,79,111,141,141,154,164,195,195,211,211,211,211],"floor_reached":16,"playtime":1388,"items_purged":[],"score":112,"play_id":"0f9a8670-a546-4376-a088-73df38e313f7","local_time":"20201223134349","is_ascension_mode":false,"campfire_choices":[{"data":"Armaments","floor":6,"key":"SMITH"},{"data":"Anger","floor":15,"key":"SMITH"}],"circlet_count":0,"master_deck":["Strike_R","Strike_R","Strike_R","Strike_R","Strike_R","Defend_R","Defend_R","Defend_R","Defend_R","Bash","Infernal Blade","ReplayTheSpireMod:Corrosion Curse","Doubt","Discovery","Clash","Pommel Strike","Armaments+1","Anger+1","Replay:Undeath\u0027s Touch","ReplayTheSpireMod:LeadingStrike","Flex","Seeing Red","Parasite","Infernal Blade"],"relics":["Burning Blood","Quantum Egg","Oddly Smooth Stone","Replay:Bottled Flurry"],"acts_visited":["Exordium"],"potions_floor_usage":[7,14,16],"damage_taken":[{"damage":3,"enemies":"Small Slimes","floor":1,"turns":4},{"damage":8,"enemies":"Jaw Worm","floor":2,"turns":4},{"damage":0,"enemies":"2 Louse","floor":5,"turns":1},{"damage":32,"enemies":"3 Sentries","floor":7,"turns":9},{"damage":20,"enemies":"Large Slime","floor":10,"turns":7},{"damage":1,"enemies":"Exordium Wildlife","floor":11,"turns":4},{"damage":16,"enemies":"Replay:BlueRogue","floor":12,"turns":5},{"damage":13,"enemies":"Looter","floor":14,"turns":3},{"damage":65,"enemies":"Fading Forest","floor":16,"turns":7}],"seed_played":"6344330395876372100","potions_obtained":[{"floor":2,"key":"Weak Potion"},{"floor":10,"key":"Explosive Potion"},{"floor":11,"key":"ElixirPotion"}],"is_trial":false,"path_per_floor":["M","M","?","$","M","R","E","?","T","M","M","E","?","M","R","B"],"character_chosen":"IRONCLAD","items_purchased":["Discovery","Clash","Pommel Strike","Armaments"],"campfire_rested":0,"item_purchase_floors":[4,4,4,4],"current_hp_per_floor":[88,86,86,86,88,88,62,62,62,48,53,43,65,58,58,0,0],"gold":211,"neow_bonus":"TEN_PERCENT_HP_BONUS","is_daily":false,"chose_seed":false,"campfire_upgraded":2,"win_rate":0.0,"timestamp":1608752629,"path_taken":["M","M","?","$","M","R","E","?","T","M","?","E","?","M","R","BOSS"],"items_purchased_type":["Card","Card","Card","Card"],"build_version":"2020-12-22","purchased_purges":0,"victory":false,"max_hp_per_floor":[88,88,88,88,88,88,88,88,88,88,88,88,88,88,88,88,88],"card_choices":[{"not_picked":["True Grit","Bloodletting"],"picked":"Infernal Blade","floor":1},{"not_picked":["Pommel Strike","Twin Strike"],"picked":"ReplayTheSpireMod:Corrosion Curse","floor":2},{"not_picked":["Dropkick","Headbutt"],"picked":"Anger","floor":5},{"not_picked":["Double Tap","Body Slam"],"picked":"Replay:Undeath\u0027s Touch","floor":7},{"not_picked":["Run Through","ReplayTheSpireMod:Strike From Hell"],"picked":"ReplayTheSpireMod:LeadingStrike","floor":10},{"not_picked":["Burning Pact","True Grit"],"picked":"Flex","floor":11},{"not_picked":["Pommel Strike","Headbutt"],"picked":"Seeing Red","floor":12},{"not_picked":["True Grit","Intimidate"],"picked":"Infernal Blade","floor":14}],"player_experience":0,"relics_obtained":[{"floor":7,"key":"Quantum Egg"},{"floor":9,"key":"Oddly Smooth Stone"},{"floor":12,"key":"Replay:Bottled Flurry"}],"event_choices":[{"damage_healed":0,"gold_gain":175,"player_choice":"AGREE","damage_taken":0,"max_hp_gain":0,"max_hp_loss":0,"event_name":"Liars Game","floor":3,"gold_loss":0,"cards_obtained":["Doubt"]},{"damage_healed":0,"gold_gain":30,"player_choice":"Searched \u00272\u0027 times","damage_taken":0,"max_hp_gain":0,"max_hp_loss":0,"event_name":"Dead Adventurer","floor":8,"gold_loss":0},{"damage_healed":22,"gold_gain":0,"player_choice":"Healed and dodged fight","damage_taken":0,"max_hp_gain":0,"max_hp_loss":0,"event_name":"Mushrooms","floor":13,"gold_loss":0,"cards_obtained":["Parasite"]}],"is_beta":false,"boss_relics":[],"items_purged_floors":[],"is_endless":false,"potions_floor_spawned":[2,10,11],"killed_by":"Fading Forest","ascension_level":0}}