{"host":"kdt6w7ix8lwe69i9","time":1608697623,"event":{"mods":["Bartender","BaseMod","Downfall","Fiend Mod","Jorbs\u0027s Wanderer Trilogy","Minty Spire (QoL Compilation)","Reimu（博丽灵梦）","Robot Space Explorer","StSLib","The Cursed","The Disciple","The Dragon Tamer","The Druid","The Elementalist","The Forsaken","The Gatherer","The Judge","TheBandit"],"gold_per_floor":[114,130,305,305,305,305,323,348,348,348,348,398,14,28,28,124,124,137,157,157,82,92,127,127,127,127,33,47,81,45,45,45,158,158,190,199,18,42,62,96,96,119,119,128,128,128,128],"floor_reached":45,"playtime":3900,"items_purged":[],"score":504,"play_id":"ae1b415a-e5ae-431e-82b7-795629ea530c","local_time":"20201222232703","is_ascension_mode":false,"metric_token":1169,"campfire_choices":[{"data":"Gatherer:Centralize","floor":6,"key":"SMITH"},{"floor":10,"key":"REST"},{"floor":15,"key":"REST"},{"floor":32,"key":"REST"},{"floor":41,"key":"REST"}],"circlet_count":0,"master_deck":["Gatherer:Strike_Gatherer","Gatherer:Strike_Gatherer","Gatherer:Strike_Gatherer","Gatherer:Strike_Gatherer","Gatherer:Defend_Gatherer","Gatherer:Defend_Gatherer","Gatherer:Defend_Gatherer","Gatherer:Defend_Gatherer","Gatherer:Defend_Gatherer","Gatherer:Centralize+1","Gatherer:FlowerWhip+1","Gatherer:WitheringStrike","Gatherer:Snatch","Gatherer:BigPouch+1","Gatherer:FlowerBeam+2","Gatherer:FragileHammer","Gatherer:BalancedGrowth","Gatherer:AcidicSpray","Gatherer:BambuSword","Gatherer:Bulldoze","Gatherer:BigPouch+1","Gatherer:ScentOfRosmari","Gatherer:FlowerFalling+1","Gatherer:FragileHammer","theForsaken:PlagueCurse","expansioncontent:CaCaw","Gatherer:ScherryThrow+1","Gatherer:Pollute+1","Gatherer:Nutrients","WordoMod:BreakChains","Gatherer:Liquidism","expansioncontent:CaCaw","Gatherer:BambuSword","Gatherer:OddSpoils+1","Gatherer:RecoveryHerb+1","Gatherer:UpgradeBag","Gatherer:CollectorsShot+1","Writhe"],"relics":["Gatherer:AlchemyBag","Nunchaku","Sundial","Juzu Bracelet","Gremlin Horn","theForsaken:PaleLantern","WarpedTongs","Power_Wrist","Torii","theForsaken:PlagueMask","White Beast Statue","Oddly Smooth Stone","CeramicFish","Black Star","PreservedInsect","Pear","InkBottle"],"acts_visited":["Exordium","TheCity","TheBeyond"],"potions_floor_usage":[8,16,19,23,26,28,29,29,33,33,35,39,39,40,42,45],"damage_taken":[{"damage":1,"enemies":"Cultist","floor":1,"turns":3},{"damage":1,"enemies":"2 Louse","floor":2,"turns":4},{"damage":1,"enemies":"Small Slimes","floor":7,"turns":3},{"damage":29,"enemies":"Lagavulin","floor":8,"turns":7},{"damage":8,"enemies":"Red Slaver","floor":14,"turns":2},{"damage":22,"enemies":"The Guardian","floor":16,"turns":11},{"damage":12,"enemies":"Shell Parasite","floor":18,"turns":5},{"damage":11,"enemies":"Spheric Guardian","floor":19,"turns":4},{"damage":6,"enemies":"Cultist and Chosen","floor":22,"turns":4},{"damage":19,"enemies":"Gremlin Leader","floor":23,"turns":6},{"damage":0,"enemies":"Centurion and Healer","floor":28,"turns":6},{"damage":4,"enemies":"Slavers","floor":29,"turns":4},{"damage":13,"enemies":"Champ","floor":33,"turns":10},{"damage":9,"enemies":"3 Darklings","floor":35,"turns":3},{"damage":1,"enemies":"3 Shapes","floor":38,"turns":3},{"damage":12,"enemies":"Jaw Worm Horde","floor":39,"turns":3},{"damage":28,"enemies":"Reptomancer","floor":40,"turns":6},{"damage":21,"enemies":"Transient","floor":42,"turns":5},{"damage":71,"enemies":"Giant Head","floor":45,"turns":10}],"seed_played":"5341362883104903778","potions_obtained":[{"floor":2,"key":"CultistPotion"},{"floor":14,"key":"BottledMiracle"},{"floor":16,"key":"Regen Potion"},{"floor":18,"key":"SkillPotion"},{"floor":23,"key":"EntropicBrew"},{"floor":28,"key":"AttackPotion"},{"floor":29,"key":"GrandPatriotsElixir:ReiMu"},{"floor":33,"key":"PowerPotion"},{"floor":35,"key":"sneckomod:MuddlingPotion"},{"floor":38,"key":"Swift Potion"},{"floor":39,"key":"Dexterity Potion"},{"floor":40,"key":"GamblersBrew"},{"floor":42,"key":"Weak Potion"}],"is_trial":false,"path_per_floor":["M","M","?","?","?","R","M","E","T","R","?","?","$","M","R","B",null,"M","M","?","?","M","E","?","?","T","$","M","E","$","T","R","B",null,"M","?","$","M","M","E","R","M","T","?","E"],"character_chosen":"THE_GATHERER","items_purchased":["Gremlin Horn","Gatherer:FragileHammer","Gatherer:BalancedGrowth","Gatherer:AcidicSpray","expansioncontent:CaCaw","Gatherer:Nutrients","PreservedInsect","Gatherer:BambuSword"],"campfire_rested":4,"item_purchase_floors":[13,13,13,13,27,30,37,37],"current_hp_per_floor":[71,70,70,70,70,70,69,40,40,61,47,47,47,39,60,38,72,60,49,49,49,43,39,39,39,39,39,39,35,35,35,56,43,72,63,63,63,62,50,35,59,41,41,62,0,0,0],"gold":128,"neow_bonus":"RANDOM_COMMON_RELIC","is_daily":false,"chose_seed":false,"campfire_upgraded":1,"win_rate":0.0,"timestamp":1608697623,"path_taken":["M","M","?","?","?","R","M","E","T","R","?","?","$","M","R","BOSS","M","M","?","?","M","E","?","?","T","$","M","E","?","?","R","BOSS","M","?","?","M","M","E","R","M","T","?","E"],"items_purchased_type":["Relic","Card","Card","Card","Card","Card","Relic","Card"],"build_version":"2020-12-13","purchased_purges":0,"victory":false,"max_hp_per_floor":[72,72,72,72,72,72,72,72,72,72,72,72,72,72,72,72,72,72,72,72,72,72,72,72,72,72,72,72,72,72,72,72,72,72,72,72,72,72,72,82,82,82,82,82,82,82,82],"card_choices":[{"not_picked":["Gatherer:AcidicSpray","Gatherer:WoolGloves"],"picked":"Gatherer:WitheringStrike","floor":1},{"not_picked":["Gatherer:AcidicSpray","Gatherer:AromaProtection"],"picked":"Gatherer:Snatch","floor":2},{"not_picked":["Gatherer:AromaProtection","Gatherer:Snatch"],"picked":"Gatherer:BigPouch","floor":7},{"not_picked":["Gatherer:Misfortune","Gatherer:WoolGloves"],"picked":"Gatherer:FlowerBeam","floor":8},{"not_picked":["Gatherer:Convert","Gatherer:MindSearch"],"picked":"Gatherer:BambuSword","floor":14},{"not_picked":["Gatherer:FlamingBottle","Gatherer:MindSearch"],"picked":"Gatherer:Bulldoze","floor":16},{"not_picked":["Gatherer:Convert","Gatherer:Duplicator"],"picked":"Gatherer:BigPouch+1","floor":18},{"not_picked":["Gatherer:GatherMaterial","Gatherer:RecipeChange+1"],"picked":"Gatherer:ScentOfRosmari","floor":19},{"not_picked":["Gatherer:FlowerPower","Gatherer:Frenzy"],"picked":"Gatherer:FlowerFalling","floor":22},{"not_picked":["Gatherer:FlowerFalling","Gatherer:Duplicator+1"],"picked":"Gatherer:FragileHammer","floor":23},{"not_picked":["Gatherer:UpgradeBag","Gatherer:Convert"],"picked":"Gatherer:ScherryThrow+1","floor":28},{"not_picked":["Gatherer:DrugPower","Gatherer:Transmute"],"picked":"Gatherer:Pollute+1","floor":29},{"not_picked":["Gatherer:FinishingStrike","Gatherer:ScrollOfPurity"],"picked":"Gatherer:GrowBook","floor":33},{"not_picked":["Gatherer:TacticalStrike","Gatherer:TreeGrowth"],"picked":"Gatherer:Liquidism","floor":35},{"not_picked":["Gatherer:Convert+1","Gatherer:RecoveryHerb"],"picked":"Gatherer:OddSpoils+1","floor":38},{"not_picked":["Gatherer:BambuSword+1","Gatherer:CarefulStrike"],"picked":"Gatherer:RecoveryHerb+1","floor":39},{"not_picked":["Gatherer:AcidicSpray","Gatherer:FlowerFalling+1"],"picked":"Gatherer:UpgradeBag","floor":40},{"not_picked":["Gatherer:ScherryThrow+1","Gatherer:EchoOfNature+1"],"picked":"Gatherer:CollectorsShot+1","floor":42}],"player_experience":1578628,"relics_obtained":[{"floor":8,"key":"Sundial"},{"floor":9,"key":"Juzu Bracelet"},{"floor":23,"key":"Power_Wrist"},{"floor":26,"key":"White Beast Statue"},{"floor":29,"key":"Oddly Smooth Stone"},{"floor":31,"key":"CeramicFish"},{"floor":40,"key":"Pear"},{"floor":40,"key":"InkBottle"}],"event_choices":[{"damage_healed":0,"gold_gain":175,"player_choice":"AGREE","damage_taken":0,"max_hp_gain":0,"max_hp_loss":0,"event_name":"Liars Game","floor":3,"gold_loss":0,"cards_obtained":["Doubt"]},{"cards_removed":["Doubt"],"damage_healed":0,"gold_gain":0,"player_choice":"Forget","damage_taken":0,"max_hp_gain":0,"max_hp_loss":0,"event_name":"Living Wall","floor":4,"gold_loss":0},{"cards_removed":["Gatherer:Strike_Gatherer"],"damage_healed":0,"gold_gain":0,"player_choice":"Purged","damage_taken":0,"max_hp_gain":0,"max_hp_loss":0,"event_name":"Purifier","floor":5,"gold_loss":0},{"damage_healed":0,"gold_gain":0,"player_choice":"Entered Light","damage_taken":14,"max_hp_gain":0,"max_hp_loss":0,"event_name":"Shining Light","floor":11,"gold_loss":0,"cards_upgraded":["Gatherer:BigPouch","Gatherer:FlowerBeam"]},{"damage_healed":0,"gold_gain":0,"player_choice":"Rummage","damage_taken":0,"relics_obtained":["WarpedTongs"],"max_hp_gain":0,"max_hp_loss":0,"event_name":"Accursed Blacksmith","floor":20,"gold_loss":0,"cards_obtained":["Pain"]},{"cards_removed":["Pain"],"damage_healed":0,"gold_gain":0,"player_choice":"Gave Gold","damage_taken":0,"max_hp_gain":0,"max_hp_loss":0,"event_name":"Beggar","floor":21,"gold_loss":75},{"damage_healed":0,"gold_gain":0,"player_choice":"Opened","damage_taken":0,"relics_obtained":["Torii"],"max_hp_gain":0,"max_hp_loss":0,"event_name":"The Mausoleum","floor":24,"gold_loss":0},{"damage_healed":0,"gold_gain":0,"player_choice":"Obtain Plague Curse","damage_taken":0,"max_hp_gain":0,"max_hp_loss":0,"event_name":"Plague Doctor","floor":25,"gold_loss":0,"cards_obtained":["theForsaken:PlagueCurse"]},{"damage_healed":0,"gold_gain":0,"player_choice":"Copied","damage_taken":0,"max_hp_gain":0,"max_hp_loss":0,"event_name":"Duplicator","floor":36,"gold_loss":0,"cards_obtained":["expansioncontent:CaCaw"]},{"damage_healed":21,"gold_gain":0,"player_choice":"Writhe","damage_taken":0,"max_hp_gain":0,"max_hp_loss":0,"event_name":"Winding Halls","floor":44,"gold_loss":0,"cards_obtained":["Writhe"]}],"is_beta":false,"boss_relics":[{"not_picked":["Fusion Hammer","Cursed Key"],"picked":"theForsaken:PaleLantern"},{"not_picked":["Pandora\u0027s Box","Empty Cage"],"picked":"Black Star"}],"items_purged_floors":[],"is_endless":false,"potions_floor_spawned":[2,14,16,18,23,28,29,33,35,38,39,40,42],"killed_by":"Giant Head","ascension_level":0}}