{"host":"9pqy5lt7vda52ebm","time":1608756074,"event":{"mods":["BaseMod","Minty Spire (QoL Compilation)","Optimize The Spire","Quick Restart","StSLib","The Evolution"],"gold_per_floor":[118,137,152,152,152,152,178,178,205,239,254,273,290,306,306,404,404,416,177,193,193,193,193,222,222,222,233,248,17,352,368,368,465,465,476,491,491,491,511,511,546,546,546,121,150,150,167,177,177,177],"floor_reached":51,"playtime":16640,"items_purged":["evolutionmod:StrikeEvo","evolutionmod:StrikeEvo","evolutionmod:StrikeEvo"],"score":1129,"play_id":"d8e546f4-b796-43c0-869a-10e3c8a46cc9","local_time":"20201223154114","is_ascension_mode":true,"campfire_choices":[{"data":"evolutionmod:CalmTheWaters","floor":6.0,"key":"SMITH"},{"data":"evolutionmod:LoyalWarrior","floor":8.0,"key":"SMITH"},{"floor":15.0,"key":"REST"},{"data":"evolutionmod:ChimeraStrike","floor":23.0,"key":"SMITH"},{"data":"evolutionmod:Battleborn","floor":25.0,"key":"SMITH"},{"data":"evolutionmod:Ritual","floor":32.0,"key":"SMITH"},{"data":"evolutionmod:ChimeraDefense","floor":40,"key":"SMITH"},{"data":"evolutionmod:Frenzy","floor":42,"key":"SMITH"},{"data":"evolutionmod:FeatherStorm","floor":46,"key":"SMITH"},{"data":"evolutionmod:CurrentsDancer","floor":49,"key":"SMITH"}],"circlet_count":0,"master_deck":["AscendersBane","evolutionmod:LoyalWarrior+1","evolutionmod:LoyalCompanion","evolutionmod:DefendEvo","evolutionmod:DefendEvo+1","evolutionmod:DefendEvo","evolutionmod:DefendEvo","evolutionmod:CalmTheWaters+1","evolutionmod:HeavyKick","evolutionmod:ChimeraStrike+1","evolutionmod:Grow+1","evolutionmod:ClawSlash","evolutionmod:BlackCat","evolutionmod:TalonStrike","evolutionmod:CursedTouch","evolutionmod:NightMare","evolutionmod:Shrink","evolutionmod:Ritual+1","evolutionmod:Dive","evolutionmod:FeatherStorm","evolutionmod:CrystalStone+1","evolutionmod:Battleborn+1","evolutionmod:TheNight","evolutionmod:FeatherStorm+1","evolutionmod:CrystalStone","evolutionmod:ChimeraDefense+1","evolutionmod:Frenzy+1","evolutionmod:CrystalStone+1","Flash of Steel","evolutionmod:CurrentsDancer+1","evolutionmod:Strenghten+1","evolutionmod:Stampede","evolutionmod:Mastery+1"],"relics":["evolutionmod:TorisGift","Nunchaku","Prayer Wheel","Happy Flower","Smiling Mask","Cursed Key","ClockworkSouvenir","Dream Catcher","Medical Kit","Old Coin","Black Star","Boot","Regal Pillow","Gremlin Horn","Toxic Egg 2","Bottled Tornado"],"acts_visited":["Exordium","TheCity","TheBeyond"],"potions_floor_usage":[41,45,47,47,50],"damage_taken":[{"damage":0.0,"enemies":"Cultist","floor":1.0,"turns":5.0},{"damage":0.0,"enemies":"2 Louse","floor":2.0,"turns":4.0},{"damage":0.0,"enemies":"Jaw Worm","floor":3.0,"turns":5.0},{"damage":1.0,"enemies":"Lagavulin","floor":7.0,"turns":11.0},{"damage":23.0,"enemies":"Gremlin Nob","floor":10.0,"turns":4.0},{"damage":0.0,"enemies":"Looter","floor":11.0,"turns":4.0},{"damage":3.0,"enemies":"Red Slaver","floor":12.0,"turns":4.0},{"damage":3.0,"enemies":"Large Slime","floor":13.0,"turns":4.0},{"damage":5.0,"enemies":"3 Louse","floor":14.0,"turns":4.0},{"damage":25.0,"enemies":"Slime Boss","floor":16.0,"turns":9.0},{"damage":1.0,"enemies":"Chosen","floor":18.0,"turns":5.0},{"damage":9.0,"enemies":"3 Byrds","floor":20.0,"turns":6.0},{"damage":0.0,"enemies":"Sentry and Sphere","floor":21.0,"turns":3.0},{"damage":7.0,"enemies":"Gremlin Leader","floor":24.0,"turns":7.0},{"damage":0.0,"enemies":"Snecko","floor":27.0,"turns":6.0},{"damage":3.0,"enemies":"Snake Plant","floor":28.0,"turns":5.0},{"damage":6.0,"enemies":"Book of Stabbing","floor":30.0,"turns":8.0},{"damage":7.0,"enemies":"Chosen and Byrds","floor":31.0,"turns":5.0},{"damage":21.0,"enemies":"Automaton","floor":33.0,"turns":11.0},{"damage":0.0,"enemies":"Orb Walker","floor":35.0,"turns":4.0},{"damage":3.0,"enemies":"3 Shapes","floor":36.0,"turns":7.0},{"damage":2,"enemies":"Spire Growth","floor":39,"turns":6},{"damage":2,"enemies":"Giant Head","floor":41,"turns":10},{"damage":0,"enemies":"Reptomancer","floor":45,"turns":7},{"damage":21,"enemies":"Jaw Worm Horde","floor":47,"turns":3},{"damage":1,"enemies":"3 Darklings","floor":48,"turns":4},{"damage":8,"enemies":"Donu and Deca","floor":50,"turns":10}],"seed_played":"-3647987508170722616","potions_obtained":[{"floor":10.0,"key":"Fire Potion"},{"floor":11.0,"key":"SmokeBomb"},{"floor":12.0,"key":"Block Potion"},{"floor":16.0,"key":"AttackPotion"},{"floor":20.0,"key":"PowerPotion"},{"floor":24.0,"key":"Strength Potion"},{"floor":28.0,"key":"EssenceOfSteel"},{"floor":33.0,"key":"SkillPotion"},{"floor":39,"key":"Fruit Juice"},{"floor":41,"key":"FearPotion"},{"floor":45,"key":"Strength Potion"},{"floor":47,"key":"SkillPotion"}],"is_trial":false,"path_per_floor":["M","M","M","?","?","R","E","R","T","E","M","M","M","M","R","B",null,"M","$","M","M","?","R","E","R","T","M","M","$","E","M","R","B",null,"M","M","?","?","M","R","E","R","T","$","E","R","M","M","R","B",null],"character_chosen":"EVOLUTION_CLASS","items_purchased":["ClockworkSouvenir","evolutionmod:Battleborn","evolutionmod:Strenghten","Medical Kit","evolutionmod:Stampede","Gremlin Horn"],"campfire_rested":1,"item_purchase_floors":[19,19,29,29,44,44],"current_hp_per_floor":[69,69,69,62,47,47,46,46,46,23,23,20,17,12,35,10,60,59,59,50,50,50,50,43,43,43,43,40,40,34,27,27,6,59,59,56,56,56,54,54,57,57,57,57,57,57,36,35,35,27],"gold":177,"neow_bonus":"TRANSFORM_CARD","is_daily":false,"chose_seed":false,"campfire_upgraded":9,"win_rate":0.0,"timestamp":1608756074,"path_taken":["M","?","M","?","?","R","E","R","T","E","M","M","M","M","R","BOSS","M","$","M","M","?","R","E","R","T","?","M","$","E","M","R","BOSS","M","M","?","?","M","R","E","R","T","$","E","R","M","M","R","BOSS"],"items_purchased_type":["Relic","Card","Card","Relic","Card","Relic"],"build_version":"2020-12-22","purchased_purges":3,"victory":true,"max_hp_per_floor":[77,77,77,77,77,77,77,77,77,77,77,77,77,77,77,77,77,77,77,77,77,77,77,77,77,77,77,77,77,77,77,77,77,77,77,77,77,77,77,77,82,82,82,82,82,82,82,82,82,82],"card_choices":[{"not_picked":["evolutionmod:ChimeraDefense","evolutionmod:DrainMana"],"picked":"evolutionmod:HeavyKick","floor":1.0},{"not_picked":["evolutionmod:ChimeraDefense","evolutionmod:CrystalShard"],"picked":"evolutionmod:ChimeraStrike","floor":2.0},{"not_picked":["evolutionmod:Toxin","evolutionmod:CalmTheWaters"],"picked":"evolutionmod:Grow","floor":3.0},{"not_picked":["evolutionmod:DarkDesires","evolutionmod:HeavyKick"],"picked":"evolutionmod:ClawSlash","floor":7.0},{"not_picked":["evolutionmod:ShiftingPower","evolutionmod:Charm"],"picked":"evolutionmod:BlackCat","floor":10.0},{"not_picked":["evolutionmod:ChimeraDefense","evolutionmod:HeavyKick"],"picked":"evolutionmod:TalonStrike","floor":11.0},{"not_picked":["evolutionmod:Dive","evolutionmod:ShiftingGuard"],"picked":"evolutionmod:CursedTouch","floor":11.0},{"not_picked":["evolutionmod:PegasusDescent","evolutionmod:BlackCat"],"picked":"evolutionmod:NightMare","floor":12.0},{"not_picked":["evolutionmod:DrainMana","evolutionmod:PoisonFangs"],"picked":"evolutionmod:Shrink","floor":12.0},{"not_picked":["evolutionmod:TalonStrike","evolutionmod:Salamander"],"picked":"evolutionmod:Ritual","floor":13.0},{"not_picked":["evolutionmod:PoisonFangs","evolutionmod:ClawSlash","evolutionmod:BlackCat"],"picked":"SKIP","floor":13.0},{"not_picked":["evolutionmod:HeavyKick","evolutionmod:Shadowbolt"],"picked":"evolutionmod:Dive","floor":14.0},{"not_picked":["evolutionmod:ChimeraStrike","evolutionmod:Barkskin","evolutionmod:Aphrodisiac"],"picked":"SKIP","floor":14.0},{"not_picked":["evolutionmod:GodForm","evolutionmod:Grow"],"picked":"evolutionmod:FeatherStorm","floor":16.0},{"not_picked":["evolutionmod:VenomGlands+1","evolutionmod:HeavyKick"],"picked":"evolutionmod:CrystalStone+1","floor":18.0},{"not_picked":["evolutionmod:ShiftingStrike","evolutionmod:CrystalStone","evolutionmod:DepthsLurker+1"],"picked":"SKIP","floor":18.0},{"not_picked":["evolutionmod:FlameStrike","evolutionmod:Dive","evolutionmod:Barkskin"],"picked":"SKIP","floor":20.0},{"not_picked":["evolutionmod:CalmTheWaters","evolutionmod:ChimeraDefense","evolutionmod:HeavyKick"],"picked":"SKIP","floor":20.0},{"not_picked":["evolutionmod:CursedTouch","evolutionmod:ShiftingGuard","evolutionmod:VenomGlands+1"],"picked":"SKIP","floor":24.0},{"not_picked":["evolutionmod:CrystalShard","evolutionmod:TalonStrike"],"picked":"evolutionmod:FeatherStorm","floor":27.0},{"not_picked":["evolutionmod:ShiftingStrike","evolutionmod:ShiftingPower"],"picked":"evolutionmod:CrystalStone","floor":27.0},{"not_picked":["evolutionmod:HeavyKick+1","evolutionmod:Charm"],"picked":"evolutionmod:ChimeraDefense","floor":28.0},{"not_picked":["evolutionmod:HeightenedSenses","evolutionmod:Charm","evolutionmod:Hatch"],"picked":"SKIP","floor":28.0},{"not_picked":["evolutionmod:DrainMana","evolutionmod:ClawSlash+1"],"picked":"evolutionmod:Frenzy","floor":30.0},{"not_picked":["evolutionmod:Firebloom","evolutionmod:PegasusDescent","evolutionmod:CrystalShard"],"picked":"SKIP","floor":31.0},{"not_picked":["evolutionmod:Salamander","evolutionmod:StripArmor","evolutionmod:ShiftingGuard"],"picked":"SKIP","floor":31.0},{"not_picked":["evolutionmod:HeavyKick+1","evolutionmod:Barkskin","evolutionmod:ShiftingStrike+1"],"picked":"SKIP","floor":35.0},{"not_picked":["evolutionmod:Shadowbolt+1","evolutionmod:TalonStrike","evolutionmod:Charm"],"picked":"SKIP","floor":35.0},{"not_picked":["evolutionmod:Shadowbolt+1","evolutionmod:Aphrodisiac"],"picked":"evolutionmod:CrystalStone+1","floor":36.0},{"not_picked":["evolutionmod:Shadowbolt","evolutionmod:Salamander+1","evolutionmod:ShiftingGuard+1"],"picked":"SKIP","floor":36.0},{"not_picked":["PanicButton","Swift Strike"],"picked":"Flash of Steel","floor":38.0},{"not_picked":["evolutionmod:ShiftingGuard","evolutionmod:DarkDesires+1"],"picked":"evolutionmod:CurrentsDancer","floor":39},{"not_picked":["evolutionmod:Dive+1","evolutionmod:TalonStrike"],"picked":"evolutionmod:Strenghten+1","floor":39},{"not_picked":["evolutionmod:HeavyKick","evolutionmod:PoisonFangs+1","evolutionmod:Aphrodisiac"],"picked":"SKIP","floor":41},{"not_picked":["evolutionmod:FlameStrike","evolutionmod:Broodmother","evolutionmod:CrystalShard+1"],"picked":"SKIP","floor":45},{"not_picked":["evolutionmod:FlameStrike","evolutionmod:CrystalStone+1","evolutionmod:Toxin+1"],"picked":"SKIP","floor":47},{"not_picked":["evolutionmod:Battleborn+1","evolutionmod:SpiderBite+1","evolutionmod:HeavyKick"],"picked":"SKIP","floor":47},{"not_picked":["evolutionmod:TalonStrike","evolutionmod:FlameStrike"],"picked":"evolutionmod:Mastery+1","floor":48},{"not_picked":["evolutionmod:Mastery","evolutionmod:ShiftingStrike","evolutionmod:Charm+1"],"picked":"SKIP","floor":48}],"player_experience":778093,"relics_obtained":[{"floor":7.0,"key":"Prayer Wheel"},{"floor":9.0,"key":"Happy Flower"},{"floor":10.0,"key":"Smiling Mask"},{"floor":24.0,"key":"Dream Catcher"},{"floor":30.0,"key":"Old Coin"},{"floor":41,"key":"Boot"},{"floor":41,"key":"Regal Pillow"},{"floor":45,"key":"Toxic Egg 2"},{"floor":45,"key":"Bottled Tornado"}],"event_choices":[{"damage_healed":0.0,"max_hp_gain":0.0,"max_hp_loss":0.0,"gold_gain":0.0,"event_name":"Scrap Ooze","player_choice":"Success","floor":4.0,"gold_loss":0.0,"damage_taken":7.0,"relics_obtained":["Nunchaku"]},{"damage_healed":0.0,"max_hp_gain":0.0,"max_hp_loss":0.0,"gold_gain":0.0,"event_name":"Shining Light","player_choice":"Entered Light","floor":5.0,"gold_loss":0.0,"damage_taken":15.0,"cards_upgraded":["evolutionmod:DefendEvo","evolutionmod:Grow"]},{"damage_healed":0.0,"max_hp_gain":0.0,"max_hp_loss":0.0,"gold_gain":0.0,"event_name":"Match and Keep!","player_choice":"1 cards matched","floor":22.0,"gold_loss":0.0,"damage_taken":0.0,"cards_obtained":["evolutionmod:TheNight"]},{"damage_healed":0.0,"max_hp_gain":0.0,"max_hp_loss":0.0,"gold_gain":0.0,"event_name":"Tomb of Lord Red Mask","player_choice":"Ignored","floor":37.0,"gold_loss":0.0,"damage_taken":0.0},{"damage_healed":0.0,"max_hp_gain":0.0,"max_hp_loss":0.0,"gold_gain":0.0,"event_name":"SensoryStone","player_choice":"Memory 1","floor":38.0,"gold_loss":0.0,"damage_taken":0.0}],"is_beta":false,"boss_relics":[{"not_picked":["Snecko Eye","Busted Crown"],"picked":"Cursed Key"},{"not_picked":["Velvet Choker","Calling Bell"],"picked":"Black Star"}],"items_purged_floors":[19,29,44],"is_endless":false,"potions_floor_spawned":[10,11,12,16,20,21,24,28,33,39,41,45,47],"ascension_level":10}}