{"host":"n7mxhpjy89lltbhc","time":1608706913,"event":{"mods":["2.2 Compatiblity","Act Like it!","Bard","BaseMod","Better Match","Better Sensory Stone","Better Synergies","Better Third Choice","Better Vampires","BetterRewards","Challenge The Spire","Colored Map","Colored Powertips","Downfall","Hubris","Infinite Spire","Jedi Mod","Marisa????????","Marked Mod","Minty Spire (QoL Compilation)","Permanent Neow","Rare Cards Sparkle","Relic Sorter","Relic Stats","Replay The Spire","Shop Mod","Spicy Shops","StSLib","Strawberry Spire","The Blue Laboratory","The Disciple","The Servant 0.9.4","Uncapped","Waifu the Spire"],"gold_per_floor":[99,99,99,99,51,63,63,81,113,38,38,68,79,89,99,195,195,120,132,147,247,247,261,261,277,377,377,362,387,162,186,203,302,302,302,321,421,471,471,490,490,524,201,236,236,246,261,261,278,278],"floor_reached":51,"playtime":2379,"items_purged":[],"score":1290,"play_id":"21856c7f-3ebc-4a2b-a08b-471fba7f0ead","local_time":"25631223140153","is_ascension_mode":true,"campfire_choices":[{"data":"champ:Taunt","floor":1,"key":"SMITH"},{"data":"champ:Duel","floor":10,"key":"SMITH"},{"data":"champ:TornadoPunch","floor":18,"key":"SMITH"},{"data":"champ:PerfectedStrike","floor":27,"key":"SMITH"},{"data":"champ:ShieldWall","floor":35,"key":"SMITH"},{"data":"champ:PerfectForm","floor":45,"key":"SMITH"}],"circlet_count":0,"master_deck":["champ:Strike","champ:Strike","champ:Strike","champ:Strike","champ:Defend","champ:Defend","champ:Defend","champ:Defend","champ:Taunt+1","champ:PerfectedStrike+1","champ:Duel+1","champ:FlashCut","champ:SkillfulDodge","champ:TornadoPunch+1","champ:RisingSlash","champ:ShieldSigil","champ:ShieldWall+1","champ:ShieldSlam","champ:Haymaker","champ:DefensiveShout","champ:PreciseThrust","champ:Circumvent","champ:GutPunch","champ:FlashCut","champ:Balance","champ:Devastate+1","champ:IgnorePain","champ:FalseCounter","champ:Devastate","champ:PerfectedStrike","champ:PerfectForm+1","champ:TornadoPunch","champ:TornadoPunch","champ:EnGarde","champ:BringItOn","champ:PerfectForm","champ:Circumvent+1","champ:SkillfulDodge+1","infinitespire:FinalStrike","champ:Duel+1","champ:EnchantCrown","champ:PerfectedStrike+1","champ:Duel+1"],"relics":["champ:ChampionCrown","downfall:HeartsMalice","champ:BlackKnightHelmet","Vajra","downfall:HeartBlessingGreen","Replay:Rubber Ducky","Snecko Eye","downfall:HeartBlessingBlue","infinitespire:Broken Mirror","Replay:Accelerometer","MutagenicStrength","strawberrySpire:CharschorBlot","Replay:Wax Seal","CaptainsWheel","SlaversCollar","FossilizedHelix","TungstenRod","hubris:Towel","infinitespire:CheckeredPen","Counterbalance","StrikeDummy","Membership Card","Bag of Preparation","infinitespire:EmpoweringShard"],"acts_visited":["Exordium","TheCity","TheBeyond"],"potions_floor_usage":[16,16,29,30,37,37,37,49,50],"damage_taken":[{"damage":0,"enemies":"Small Slimes","floor":2,"turns":1},{"damage":0,"enemies":"Cultist","floor":3,"turns":1},{"damage":0,"enemies":"downfall:FleeingMerchant","floor":5,"turns":1},{"damage":6,"enemies":"Jaw Worm","floor":6,"turns":5},{"damage":11,"enemies":"2 Fungi Beasts","floor":8,"turns":3},{"damage":43,"enemies":"Lagavulin","floor":9,"turns":7},{"damage":18,"enemies":"strawberrySpire:EnergyPylons","floor":12,"turns":6},{"damage":0,"enemies":"3 Louse","floor":13,"turns":3},{"damage":0,"enemies":"Blue Slaver","floor":14,"turns":4},{"damage":0,"enemies":"Large Slime","floor":15,"turns":4},{"damage":19,"enemies":"downfall:Ironclad","floor":16,"turns":6},{"damage":0,"enemies":"Shell Parasite","floor":19,"turns":4},{"damage":6,"enemies":"Chosen","floor":20,"turns":5},{"damage":25,"enemies":"Chosen","floor":21,"turns":7},{"damage":16,"enemies":"3 Cultists","floor":23,"turns":4},{"damage":5,"enemies":"Centurion and Healer","floor":25,"turns":2},{"damage":12,"enemies":"downfall:Augmenter","floor":26,"turns":5},{"damage":0,"enemies":"downfall:FleeingMerchant","floor":28,"turns":4},{"damage":13,"enemies":"Gremlin Leader","floor":29,"turns":5},{"damage":4,"enemies":"downfall:FleeingMerchant","floor":30,"turns":4},{"damage":0,"enemies":"downfall:FleeingMerchant","floor":31,"turns":2},{"damage":0,"enemies":"Snecko","floor":32,"turns":2},{"damage":23,"enemies":"downfall:Defect","floor":33,"turns":8},{"damage":0,"enemies":"Orb Walker","floor":36,"turns":2},{"damage":12,"enemies":"infinitespire:Three Voidlings","floor":37,"turns":4},{"damage":63,"enemies":"Nightmare_Alpha","floor":37,"turns":8},{"damage":3,"enemies":"Mind Bloom Boss Battle","floor":38,"turns":6},{"damage":3,"enemies":"3 Shapes","floor":40,"turns":2},{"damage":6,"enemies":"Nemesis","floor":42,"turns":3},{"damage":0,"enemies":"Reptomancer","floor":44,"turns":4},{"damage":0,"enemies":"Maw","floor":46,"turns":5},{"damage":6,"enemies":"Jaw Worm Horde","floor":47,"turns":2},{"damage":4,"enemies":"4 Shapes","floor":49,"turns":3},{"damage":4,"enemies":"downfall:Watcher","floor":50,"turns":3}],"seed_played":"7321380385485944930","potions_obtained":[{"floor":4,"key":"Energy Potion"},{"floor":4,"key":"FairyPotion"},{"floor":4,"key":"blueLaboratory:BubblePotion"},{"floor":9,"key":"jedi:tentaclejuice"},{"floor":12,"key":"SkillPotion"},{"floor":23,"key":"SteroidPotion"},{"floor":25,"key":"Languid Potion"},{"floor":29,"key":"Adrenaline Potion"},{"floor":33,"key":"blueLaboratory:BottledHope"},{"floor":36,"key":"Strength Potion"},{"floor":44,"key":"Block Potion"},{"floor":46,"key":"blueLaboratory:NullPotion"},{"floor":49,"key":"blueLaboratory:FruitPunch"}],"is_trial":false,"path_per_floor":["R","M","M","?","$","M","T","M","E","R","?","E","M","M","M","B",null,"R","M","M","?","?","M","T","M","?","R","$","E","$","$","M","B",null,"R","M","?","?","?","M","T","E","$","E","R","M","M","T","M","B",null],"character_chosen":"THE_CHAMP","items_purchased":["champ:FlashCut","champ:Devastate","champ:PerfectedStrike","Replay:Wax Seal","CaptainsWheel","champ:TornadoPunch","champ:EnGarde","StrikeDummy","Membership Card"],"campfire_rested":0,"item_purchase_floors":[5,30,30,31,31,31,31,43,43],"current_hp_per_floor":[90,90,90,90,90,89,89,78,45,45,45,27,27,27,27,13,90,100,100,94,74,74,63,63,63,51,51,51,46,42,42,42,30,100,100,100,64,70,70,67,67,61,61,64,64,64,70,70,72,79],"gold":278,"neow_bonus":"THREE_ENEMY_KILL","is_daily":false,"chose_seed":false,"campfire_upgraded":6,"win_rate":0.0,"timestamp":1608706913,"path_taken":["R","M","M","?","$","?","T","M","E","R","?","E","M","M","M","BOSS","R","M","M","?","?","M","T","M","?","R","$","E","?","$","M","BOSS","R","M","?","?","?","M","T","E","$","E","R","?","M","?","M","BOSS"],"items_purchased_type":["Card","Card","Card","Relic","Relic","Card","Card","Relic","Relic"],"build_version":"2020-12-13","purchased_purges":0,"victory":true,"max_hp_per_floor":[90,90,90,90,90,90,90,90,90,90,90,90,90,90,90,90,90,100,100,100,100,100,100,100,100,100,100,100,100,100,100,100,100,100,100,100,100,100,100,100,100,100,100,100,100,100,100,100,100,102],"relic_stats":{"counters":[34,132],"Snecko Eye":[161,196,181,175],"Bag of Preparation":[8],"obtain_stats":[{"Replay:Accelerometer":24,"champ:BlackKnightHelmet":21,"Counterbalance":42,"Vajra":9,"champ:ChampionCrown":0,"downfall:HeartsMalice":0,"downfall:HeartBlessingGreen":10,"Bag of Preparation":44,"infinitespire:CheckeredPen":41,"hubris:Towel":39,"Replay:Rubber Ducky":12,"SlaversCollar":34,"CaptainsWheel":31,"downfall:HeartBlessingBlue":18,"infinitespire:Broken Mirror":21,"MutagenicStrength":26,"Snecko Eye":17,"strawberrySpire:CharschorBlot":29,"infinitespire:EmpoweringShard":48,"Membership Card":43,"Replay:Wax Seal":31,"StrikeDummy":43,"FossilizedHelix":37,"TungstenRod":38},{"Replay:Accelerometer":15,"champ:BlackKnightHelmet":14,"Counterbalance":29,"Vajra":6,"champ:ChampionCrown":0,"downfall:HeartsMalice":0,"downfall:HeartBlessingGreen":6,"Bag of Preparation":30,"infinitespire:CheckeredPen":28,"hubris:Towel":27,"Replay:Rubber Ducky":7,"SlaversCollar":23,"CaptainsWheel":21,"downfall:HeartBlessingBlue":11,"infinitespire:Broken Mirror":14,"MutagenicStrength":17,"Snecko Eye":11,"strawberrySpire:CharschorBlot":19,"infinitespire:EmpoweringShard":32,"Membership Card":29,"Replay:Wax Seal":21,"StrikeDummy":29,"FossilizedHelix":26,"TungstenRod":27},{"Replay:Accelerometer":58,"champ:BlackKnightHelmet":54,"Counterbalance":115,"Vajra":15,"champ:ChampionCrown":0,"downfall:HeartsMalice":0,"downfall:HeartBlessingGreen":15,"Bag of Preparation":119,"infinitespire:CheckeredPen":112,"hubris:Towel":110,"Replay:Rubber Ducky":21,"SlaversCollar":90,"CaptainsWheel":80,"downfall:HeartBlessingBlue":38,"infinitespire:Broken Mirror":54,"MutagenicStrength":65,"Snecko Eye":38,"strawberrySpire:CharschorBlot":74,"infinitespire:EmpoweringShard":126,"Membership Card":115,"Replay:Wax Seal":80,"StrikeDummy":115,"FossilizedHelix":104,"TungstenRod":110}],"TungstenRod":9},"card_choices":[{"not_picked":["champ:FocusedGladiator","champ:GladiatorsShout"],"picked":"champ:PerfectedStrike","floor":2},{"not_picked":["champ:SkillfulDodge","champ:SwordSigil"],"picked":"champ:FocusedDefense","floor":3},{"not_picked":["champ:BladeFlurry","champ:Haymaker"],"picked":"champ:Duel","floor":5},{"not_picked":["champ:Backstep","champ:HeartStrike","champ:SwordSigil"],"picked":"SKIP","floor":6},{"not_picked":["champ:RecklessLeap","champ:RageSigil"],"picked":"champ:SkillfulDodge","floor":8},{"not_picked":["champ:EnchantSword","champ:BerserkersShout"],"picked":"champ:Riposte","floor":9},{"not_picked":["champ:BladeFlurry","champ:FocusedGladiator"],"picked":"champ:TornadoPunch","floor":12},{"not_picked":["champ:RecklessLeap","champ:Circumvent"],"picked":"champ:RisingSlash","floor":13},{"not_picked":["champ:AdrenalArmor","champ:Circumvent"],"picked":"champ:ShieldSigil","floor":14},{"not_picked":["champ:CrookedStrike","champ:ShieldSigil"],"picked":"champ:ShieldWall","floor":15},{"not_picked":["champ:CrownThrow","champ:EnchantShield"],"picked":"champ:ShieldSlam","floor":16},{"not_picked":["champ:FanOfKnives","champ:BerserkersShout+1","champ:GladiatorsShout"],"picked":"SKIP","floor":19},{"not_picked":["champ:FocusedBerserking","champ:RageSigil"],"picked":"champ:Haymaker","floor":20},{"not_picked":["champ:GladiatorsShout","champ:PerfectedStrike"],"picked":"champ:DefensiveShout","floor":21},{"not_picked":["champ:SkillfulDodge","champ:Haymaker","champ:FocusedGladiator"],"picked":"SKIP","floor":23},{"not_picked":["champ:RisingSlash","champ:AdrenalArmor"],"picked":"champ:PreciseThrust","floor":25},{"not_picked":[],"picked":"J.A.X.","floor":26},{"not_picked":["champ:CrookedStrike+1","champ:Haymaker"],"picked":"champ:FlashCut","floor":26},{"not_picked":["champ:EndlessRage","champ:TornadoPunch"],"picked":"champ:Balance","floor":28},{"not_picked":["champ:CrookedStrike","champ:BerserkerStyle"],"picked":"champ:IgnorePain","floor":29},{"not_picked":["champ:GladiatorStyle","champ:StanceDance"],"picked":"champ:FalseCounter","floor":30},{"not_picked":["champ:Encircle","champ:CrookedStrike+1"],"picked":"champ:PerfectForm","floor":31},{"not_picked":["champ:SwordSigil","champ:BladeFlurry+1"],"picked":"champ:BringItOn","floor":32},{"not_picked":["champ:IgnorePain","champ:SwordThrow"],"picked":"champ:PerfectForm","floor":33},{"not_picked":["champ:Backstep+1","champ:ArenaPreparation"],"picked":"champ:Circumvent+1","floor":36},{"not_picked":["champ:RageSigil+1","champ:Haymaker"],"picked":"champ:SkillfulDodge+1","floor":37},{"not_picked":["ReplayTheSpireMod:Chaos Vortex","hubris:InfiniteBlow+8"],"picked":"infinitespire:FinalStrike","floor":37},{"not_picked":["champ:Lariat","champ:ViciousMockery"],"picked":"champ:Duel+1","floor":40},{"not_picked":["champ:DeathBlow","champ:RecklessLeap+1","champ:BerserkersShout"],"picked":"SKIP","floor":42},{"not_picked":["champ:Haymaker+1","champ:StanceDance+1"],"picked":"champ:EnchantCrown","floor":44},{"not_picked":["champ:FaceSlap+1","champ:Control+1"],"picked":"champ:PerfectedStrike+1","floor":46},{"not_picked":["champ:Balance+1","champ:Control+1","champ:StanceDance+1"],"picked":"SKIP","floor":47},{"not_picked":["champ:SwordSigil","champ:ShieldSigil+1"],"picked":"champ:Duel+1","floor":49}],"player_experience":994982,"relics_obtained":[{"floor":9,"key":"Vajra"},{"floor":12,"key":"Replay:Rubber Ducky"},{"floor":21,"key":"infinitespire:Broken Mirror"},{"floor":21,"key":"champ:BlackKnightHelmet"},{"floor":24,"key":"Replay:Accelerometer"},{"floor":26,"key":"MutagenicStrength"},{"floor":29,"key":"strawberrySpire:CharschorBlot"},{"floor":37,"key":"FossilizedHelix"},{"floor":38,"key":"TungstenRod"},{"floor":41,"key":"infinitespire:CheckeredPen"},{"floor":42,"key":"Counterbalance"},{"floor":44,"key":"Bag of Preparation"},{"floor":48,"key":"infinitespire:EmpoweringShard"}],"event_choices":[{"damage_healed":0,"gold_gain":0,"player_choice":"Got Potions","damage_taken":0,"max_hp_gain":0,"max_hp_loss":0,"event_name":"Lab","floor":4,"gold_loss":0}],"is_beta":false,"boss_relics":[{"not_picked":["hubris:RunicObelisk","hubris:ScarierMask"],"picked":"Snecko Eye"},{"not_picked":["Black Star","Coffee Dripper"],"picked":"SlaversCollar"}],"items_purged_floors":[],"is_endless":false,"potions_floor_spawned":[6,8,9,12,23,25,29,33,36,37,44,46,49],"ascension_level":3}}