{"host":"o0q01dgb4z8zpo6o","time":1608755496,"event":{"mods":["BaseMod","GifTheSpireLib","Minty Spire (QoL Compilation)","Relic Stats","StSLib"],"gold_per_floor":[116,126,142,142,142,142,155,155,209,240,257,316,316,199,199,276,276,291,291,304,61,78,78,78,125,199,210,210,24,56,66,66,140,140,160,176,101,113,113,113],"floor_reached":39,"playtime":2540,"items_purged":["Strike_B","Strike_B","Strike_B","Defend_B"],"score":767,"play_id":"e5cb2e99-a68b-4455-a7f9-c62ab3df6276","local_time":"20201223123136","is_ascension_mode":true,"campfire_choices":[{"data":"Zap","floor":6.0,"key":"SMITH"},{"data":"Defragment","floor":8.0,"key":"SMITH"},{"data":"Sweeping Beam","floor":13.0,"key":"SMITH"},{"data":"Defragment","floor":15.0,"key":"SMITH"},{"floor":23.0,"key":"REST"},{"floor":32.0,"key":"REST"}],"circlet_count":0,"master_deck":["AscendersBane","Defend_B","Defend_B","Zap+1","Dualcast","Creative AI","Sweeping Beam+1","Capacitor","Leap","Steam","Defragment+1","Auto Shields","Coolheaded","Ball Lightning","Defragment+1","Echo Form","Storm","Ball Lightning","Static Discharge","Capacitor","White Noise","Biased Cognition","Amplify"],"relics":["Cracked Core","Blood Vial","Centennial Puzzle","Art of War","Fusion Hammer","Membership Card","Bag of Preparation","Darkstone Periapt","ClockworkSouvenir","Potion Belt","Runic Pyramid"],"acts_visited":["Exordium","TheCity","TheBeyond"],"potions_floor_usage":[],"damage_taken":[{"damage":11.0,"enemies":"Cultist","floor":1.0,"turns":4.0},{"damage":7.0,"enemies":"2 Louse","floor":2.0,"turns":5.0},{"damage":0.0,"enemies":"Small Slimes","floor":3.0,"turns":3.0},{"damage":7.0,"enemies":"Exordium Wildlife","floor":7.0,"turns":5.0},{"damage":0.0,"enemies":"Lagavulin","floor":10.0,"turns":7.0},{"damage":0.0,"enemies":"Large Slime","floor":11.0,"turns":4.0},{"damage":14.0,"enemies":"Lagavulin Event","floor":12.0,"turns":8.0},{"damage":18.0,"enemies":"Slime Boss","floor":16.0,"turns":8.0},{"damage":30.0,"enemies":"2 Thieves","floor":18.0,"turns":4.0},{"damage":1.0,"enemies":"Spheric Guardian","floor":20.0,"turns":3.0},{"damage":19.0,"enemies":"3 Cultists","floor":22.0,"turns":5.0},{"damage":0.0,"enemies":"Cultist and Chosen","floor":27.0,"turns":4.0},{"damage":29.0,"enemies":"Gremlin Leader","floor":30.0,"turns":5.0},{"damage":13.0,"enemies":"Chosen and Byrds","floor":31.0,"turns":3.0},{"damage":24,"enemies":"Collector","floor":33,"turns":6},{"damage":21,"enemies":"3 Shapes","floor":35,"turns":4},{"damage":9,"enemies":"Orb Walker","floor":36,"turns":4},{"damage":3,"enemies":"Transient","floor":38,"turns":5},{"damage":49,"enemies":"Jaw Worm Horde","floor":39,"turns":3}],"seed_played":"-2145637950570109318","potions_obtained":[{"floor":7.0,"key":"BlessingOfTheForge"},{"floor":10.0,"key":"Regen Potion"},{"floor":11.0,"key":"Fruit Juice"},{"floor":12.0,"key":"Regen Potion"},{"floor":18.0,"key":"FocusPotion"},{"floor":30.0,"key":"Swift Potion"},{"floor":33,"key":"Regen Potion"},{"floor":36,"key":"PotionOfCapacity"}],"is_trial":false,"path_per_floor":["M","M","M","?","?","R","M","R","T","E","M","?","R","$","R","B",null,"M","?","M","$","M","R","?","T","T","M","?","$","E","M","R","B",null,"M","M","$","M","M"],"character_chosen":"DEFECT","items_purchased":["Defragment","Membership Card","Ball Lightning","ClockworkSouvenir","Capacitor"],"campfire_rested":2,"item_purchase_floors":[14,21,21,29,29],"current_hp_per_floor":[53,46,46,46,39,39,32,32,32,34,36,29,29,29,29,62,73,45,39,40,40,23,45,45,45,45,47,47,47,20,9,31,9,59,40,33,33,32,0,0],"gold":113,"neow_bonus":"ONE_RANDOM_RARE_CARD","is_daily":false,"chose_seed":false,"campfire_upgraded":4,"win_rate":0.0,"timestamp":1608755496,"path_taken":["M","M","?","?","?","R","M","R","T","E","M","?","R","$","R","BOSS","M","?","?","$","M","R","?","?","T","M","?","$","E","M","R","BOSS","M","M","$","M","M"],"items_purchased_type":["Card","Relic","Card","Relic","Card"],"build_version":"2020-12-22","purchased_purges":4,"victory":false,"max_hp_per_floor":[71,71,71,71,71,71,71,71,71,71,71,76,76,76,76,76,76,76,76,76,76,76,76,76,76,76,76,76,76,76,76,76,76,76,76,76,76,76,76,76],"relic_stats":{"Blood Vial":30,"Darkstone Periapt":0,"Centennial Puzzle":[36],"counters":[19,90],"Art of War":[23],"Bag of Preparation":[16],"obtain_stats":[{"Blood Vial":9,"Darkstone Periapt":26,"Potion Belt":30,"Centennial Puzzle":10,"Fusion Hammer":17,"Art of War":12,"Bag of Preparation":25,"Membership Card":21,"Cracked Core":0,"ClockworkSouvenir":29,"Runic Pyramid":34},{"Blood Vial":4,"Darkstone Periapt":11,"Potion Belt":13,"Centennial Puzzle":5,"Fusion Hammer":8,"Art of War":6,"Bag of Preparation":11,"Membership Card":10,"Cracked Core":0,"ClockworkSouvenir":12,"Runic Pyramid":15},{"Blood Vial":17,"Darkstone Periapt":56,"Potion Belt":65,"Centennial Puzzle":24,"Fusion Hammer":44,"Art of War":28,"Bag of Preparation":56,"Membership Card":51,"Cracked Core":0,"ClockworkSouvenir":60,"Runic Pyramid":74}]},"card_choices":[{"not_picked":["Conserve Battery","Leap"],"picked":"Sweeping Beam","floor":1.0},{"not_picked":["Blizzard","Undo"],"picked":"Capacitor","floor":2.0},{"not_picked":["Undo","Capacitor"],"picked":"Leap","floor":3.0},{"not_picked":["Self Repair","Turbo"],"picked":"Defragment","floor":7.0},{"not_picked":["Skim","Genetic Algorithm"],"picked":"Auto Shields","floor":10.0},{"not_picked":["Steam","Capacitor"],"picked":"Coolheaded","floor":11.0},{"not_picked":["Hologram","Steam"],"picked":"Ball Lightning","floor":12.0},{"not_picked":["Amplify","Core Surge"],"picked":"Echo Form","floor":16.0},{"not_picked":["Conserve Battery","Gash+1"],"picked":"Storm","floor":18.0},{"not_picked":["Double Energy","Hologram","Rebound"],"picked":"SKIP","floor":20.0},{"not_picked":["Hello World","Hologram","Rebound"],"picked":"SKIP","floor":22.0},{"not_picked":["Ball Lightning","Sweeping Beam","Redo"],"picked":"SKIP","floor":27.0},{"not_picked":["Undo","Aggregate"],"picked":"White Noise","floor":30.0},{"not_picked":["Sweeping Beam","Hologram+1"],"picked":"Biased Cognition","floor":31.0},{"not_picked":["Creative AI","Core Surge"],"picked":"Amplify","floor":33},{"not_picked":["Steam Power","Stack+1","Chaos"],"picked":"SKIP","floor":35},{"not_picked":["Auto Shields","Stack","Gash"],"picked":"SKIP","floor":36},{"not_picked":["Compile Driver","Consume","Genetic Algorithm+1"],"picked":"SKIP","floor":38}],"player_experience":1030184,"relics_obtained":[{"floor":9.0,"key":"Blood Vial"},{"floor":10.0,"key":"Centennial Puzzle"},{"floor":25.0,"key":"Bag of Preparation"},{"floor":26.0,"key":"Darkstone Periapt"},{"floor":30.0,"key":"Potion Belt"}],"event_choices":[{"damage_healed":0.0,"max_hp_gain":0.0,"max_hp_loss":0.0,"gold_gain":0.0,"cards_transformed":["Strike_B"],"event_name":"Living Wall","player_choice":"Change","floor":4.0,"gold_loss":0.0,"damage_taken":0.0,"cards_obtained":["Steam"]},{"cards_removed":["Defend_B"],"damage_healed":0.0,"max_hp_gain":0.0,"max_hp_loss":0.0,"gold_gain":0.0,"event_name":"Golden Wing","player_choice":"Card Removal","floor":5.0,"gold_loss":0.0,"damage_taken":7.0},{"damage_healed":0.0,"max_hp_gain":0.0,"max_hp_loss":0.0,"gold_gain":0.0,"event_name":"Dead Adventurer","player_choice":"Searched \u00272\u0027 times","floor":12.0,"gold_loss":0.0,"damage_taken":0.0,"relics_obtained":["Art of War"]},{"damage_healed":0.0,"max_hp_gain":0.0,"max_hp_loss":0.0,"gold_gain":0.0,"event_name":"Knowing Skull","player_choice":"","floor":19.0,"potions_obtained":[],"gold_loss":0.0,"damage_taken":6.0,"cards_obtained":[]},{"damage_healed":0.0,"max_hp_gain":0.0,"max_hp_loss":0.0,"gold_gain":0.0,"event_name":"The Library","player_choice":"Read","floor":28.0,"gold_loss":0.0,"damage_taken":0.0,"cards_obtained":["Static Discharge"]}],"is_beta":false,"boss_relics":[{"not_picked":["Empty Cage","Black Star"],"picked":"Fusion Hammer"},{"not_picked":["Inserter","SacredBark"],"picked":"Runic Pyramid"}],"items_purged_floors":[14,21,29,37],"is_endless":false,"potions_floor_spawned":[7,10,11,12,18,30,33,36],"killed_by":"Jaw Worm Horde","ascension_level":16}}