{"host":"btj53a7qlsawl9sy","time":1608750547,"event":{"mods":["Act Like it!","BaseMod","Better Vampires","Colored Powertips","Gensokyo","Luminous","Marisa（F雨　魔理沙）","Marked Mod","Minty Spire (QoL Compilation)","Quick Restart","Reimu（博丽灵梦）","Relic Stats","Remilia（蕾米莉亚）","Replay The Spire","Spicy Shops","StSLib","The Administrix","The Hierophant","The Servant 0.9.4","Waifu the Spire","WarShipGirlsR/战舰少女R mod","Youmu（魂魄妖梦）","Yuyuko","vexMod","【东方二次创作】八云紫mod","【遗物卡牌】REMEMod"],"gold_per_floor":[111,36,211,211,211,57,67,67,93,106,133,133,149,173,197,143,143,272,335,359,359,382,407,367,406,406,427,476,501,34,58,74,88,88,211,211,227,251,251,265,94,94,118,133,133,176,189,189,212,270,270,270],"floor_reached":53,"playtime":2502,"items_purged":["Voices"],"score":917,"play_id":"2029e821-4142-4b01-aab6-dc14f5dabc1e","local_time":"20201224030907","is_ascension_mode":false,"campfire_choices":[{"data":"Embodiment","floor":8.0,"key":"SMITH"},{"floor":17.0,"key":"REST"},{"data":"FantasyMoon:ReiMu","floor":26,"key":"SMITH"},{"floor":34,"key":"REST"},{"floor":42,"key":"REST"},{"data":"FoulBorder2:ReiMu","floor":48,"key":"SMITH"},{"floor":51,"key":"REST"}],"circlet_count":0,"master_deck":["Strike_Lin:ReiMu","Strike_Lin:ReiMu","Strike_Lin:ReiMu","Strike_Lin:ReiMu","Defend_Lin:ReiMu","Defend_Lin:ReiMu","Defend_Lin:ReiMu","Defend_Lin:ReiMu","NB:ReiMu","Stagnation:ReiMu","Embodiment+1","SpreadBorder2:ReiMu","ShadowOfCrow2:ReiMu+1","AlertArray:ReiMu","TightArray:ReiMu+1","FantasyMoon:ReiMu+1","Amulet:ReiMu","UpKicking:ReiMu+1","PhosphorusFlame:ReiMu","Gathering:ReiMu","Panacea","CardOfSanctity:ReiMu+1","Amulet:ReiMu","SafetyPray:ReiMu","Overencumbered","MikOfLucky:ReiMu+1","OrbThrow:ReiMu+1","ZunPunch:ReiMu","EmergencyTakeOff:ReiMu","Amulet:ReiMu","SafetyPray:ReiMu","Amulet:ReiMu","Apotheosis","EmergencyTakeOff:ReiMu","SpiritualOutbreak2:ReiMu","FantasyMoon:ReiMu+1","BlastKick2:ReiMu","TakeOff:ReiMu+1","WonderfulDomain:ReiMu","PhosphorusFlame:ReiMu","SubAcupoint:ReiMu","ShadowOfCrow2:ReiMu","ShadowOfCrow2:ReiMu","SpreadBorder2:ReiMu","EmergencyTakeOff:ReiMu","Parasite","OrbThrow:ReiMu","AlertArray:ReiMu+1","FoulBorder2:ReiMu+1","AlertArray:ReiMu+1","RainPray2:ReiMu"],"relics":["FlyPower:ReiMu","REME_ComplimentaryCards","NeowsBlessing","CheatingSign:ReiMu","Bird Faced Urn","Replay:Baseball","Golden Idol","ReplayTheSpireMod:CursedCoin","BargainBundle","Replay:Grab Bag","vexMod:CursedCompass","Sozu","vexMod:MegatonBomb","Tiny House","Replay:Ringing Soul","Whetstone","Ice Cream","Guide Book","Replay:Bronze Core","Bottled Tornado","Bottled Flame","RuthlessExorcism:ReiMu"],"acts_visited":["Exordium","TheCity","TheBeyond"],"potions_floor_usage":[],"damage_taken":[{"damage":0.0,"enemies":"Small Slimes","floor":1.0,"turns":1.0},{"damage":0.0,"enemies":"Jaw Worm","floor":7.0,"turns":1.0},{"damage":0.0,"enemies":"Lagavulin","floor":9.0,"turns":1.0},{"damage":0.0,"enemies":"2 Louse","floor":10.0,"turns":4.0},{"damage":1.0,"enemies":"Red Slaver","floor":13.0,"turns":5.0},{"damage":0.0,"enemies":"3 Louse","floor":14.0,"turns":3.0},{"damage":19.0,"enemies":"Exordium Thugs","floor":15.0,"turns":7.0},{"damage":31.0,"enemies":"The Guardian","floor":18.0,"turns":9.0},{"damage":15.0,"enemies":"Shell Parasite","floor":20.0,"turns":8.0},{"damage":0,"enemies":"2 Thieves","floor":22,"turns":1},{"damage":6,"enemies":"Sentry and Sphere","floor":23,"turns":7},{"damage":11,"enemies":"Book of Stabbing","floor":25,"turns":6},{"damage":16,"enemies":"Shelled Parasite and Fungi","floor":27,"turns":5},{"damage":7,"enemies":"3 Cultists","floor":29,"turns":5},{"damage":0,"enemies":"Cultist and Chosen","floor":31,"turns":3},{"damage":0,"enemies":"Snake Plant","floor":32,"turns":4},{"damage":0,"enemies":"Snecko","floor":33,"turns":5},{"damage":32,"enemies":"Automaton","floor":35,"turns":12},{"damage":19,"enemies":"3 Darklings","floor":37,"turns":5},{"damage":7,"enemies":"3 Shapes","floor":38,"turns":5},{"damage":18,"enemies":"Spire Growth","floor":40,"turns":7},{"damage":34,"enemies":"4 Shapes","floor":43,"turns":7},{"damage":5,"enemies":"Writhing Mass","floor":44,"turns":8},{"damage":12,"enemies":"Giant Head","floor":46,"turns":9},{"damage":1,"enemies":"Maw","floor":47,"turns":11},{"damage":0,"enemies":"Spire Growth","floor":49,"turns":5},{"damage":37,"enemies":"Awakened One","floor":52,"turns":14}],"seed_played":"2181287909121873811","potions_obtained":[{"floor":1.0,"key":"Reflective Coating"},{"floor":9.0,"key":"Toxic Potion"},{"floor":15.0,"key":"Toxic Potion"}],"is_trial":false,"path_per_floor":["M","$","?","PTL","PTL","$","M","R","E","M","T","?","M","M","M","$","R","B",null,"M","?","M","M","?","E","R","M","T","M","$","M","M","M","R","B",null,"M","M","?","M","$","R","M","M","T","E","M","R","M","?","R","B",null],"character_chosen":"REIMU","items_purchased":["ShadowOfCrow2:ReiMu","CheatingSign:ReiMu","ReplayTheSpireMod:CursedCoin","BargainBundle","Gathering:ReiMu","Panacea","Ice Cream","Guide Book","Amulet:ReiMu","Apotheosis","SubAcupoint:ReiMu","ShadowOfCrow2:ReiMu","SpreadBorder2:ReiMu"],"campfire_rested":4,"item_purchase_floors":[2,6,16,16,16,16,30,30,30,30,41,41,41],"current_hp_per_floor":[65,65,65,65,65,65,65,65,65,65,65,49,50,50,31,31,50,23,70,55,55,55,55,55,53,53,48,48,48,51,56,61,70,91,68,94,80,78,78,73,76,106,78,82,82,77,85,85,92,65,102,73],"gold":270,"neow_bonus":"THREE_ENEMY_KILL","is_daily":false,"chose_seed":false,"campfire_upgraded":3,"win_rate":0.0,"timestamp":1608750547,"path_taken":["M","$","?","PTL","PTL","$","M","R","E","M","T","?","M","M","M","?","R","BOSS","M","?","?","M","?","E","R","M","T","M","$","M","M","M","R","BOSS","M","M","?","M","$","R","M","M","T","E","?","R","M","?","R","BOSS"],"items_purchased_type":["Card","Relic","Relic","Relic","Card","Card","Relic","Relic","Card","Card","Card","Card","Card"],"build_version":"2020-12-22","purchased_purges":1,"victory":true,"max_hp_per_floor":[65,65,65,65,65,65,65,65,65,65,65,65,65,65,65,65,65,65,70,70,70,70,70,70,73,73,76,76,79,82,85,88,91,91,94,94,97,100,100,103,106,106,109,112,112,115,118,118,121,124,124,124],"relic_stats":{"Sozu":10,"counters":[27,153],"Golden Idol":192,"Bird Faced Urn":[90],"Whetstone":["TightArray:ReiMu","OrbThrow:ReiMu"],"obtain_stats":[{"vexMod:MegatonBomb":19,"Ice Cream":30,"BargainBundle":16,"Tiny House":19,"NeowsBlessing":0,"Golden Idol":12,"ReplayTheSpireMod:CursedCoin":16,"Replay:Grab Bag":19,"Guide Book":30,"ZunR:ReiMu":24,"Whetstone":28,"Bottled Tornado":45,"Sozu":19,"Replay:Ringing Soul":25,"Replay:Baseball":11,"Bottled Flame":46,"Bird Faced Urn":9,"Replay:Bronze Core":36,"CheatingSign:ReiMu":6,"vexMod:CursedCompass":19,"FlyPower:ReiMu":0,"REME_ComplimentaryCards":0,"RuthlessExorcism:ReiMu":50},{"vexMod:MegatonBomb":8,"Ice Cream":14,"BargainBundle":7,"Tiny House":8,"NeowsBlessing":0,"Golden Idol":4,"ReplayTheSpireMod:CursedCoin":7,"Replay:Grab Bag":8,"Guide Book":14,"ZunR:ReiMu":11,"Whetstone":13,"Bottled Tornado":23,"Sozu":8,"Replay:Ringing Soul":12,"Replay:Baseball":4,"Bottled Flame":24,"Bird Faced Urn":3,"Replay:Bronze Core":18,"CheatingSign:ReiMu":1,"vexMod:CursedCompass":8,"FlyPower:ReiMu":0,"REME_ComplimentaryCards":0,"RuthlessExorcism:ReiMu":26},{"vexMod:MegatonBomb":29,"Ice Cream":60,"BargainBundle":20,"Tiny House":29,"NeowsBlessing":0,"Golden Idol":6,"ReplayTheSpireMod:CursedCoin":20,"Replay:Grab Bag":29,"Guide Book":60,"ZunR:ReiMu":45,"Whetstone":56,"Bottled Tornado":115,"Sozu":29,"Replay:Ringing Soul":51,"Replay:Baseball":6,"Bottled Flame":124,"Bird Faced Urn":3,"Replay:Bronze Core":84,"CheatingSign:ReiMu":1,"vexMod:CursedCompass":29,"FlyPower:ReiMu":0,"REME_ComplimentaryCards":0,"RuthlessExorcism:ReiMu":139}]},"card_choices":[{"not_picked":["OrbThrow:ReiMu","OctopathBindingBorder2:ReiMu"],"picked":"SpreadBorder2:ReiMu","floor":1.0},{"not_picked":["Enchanting:ReiMu","WonderfulDomain:ReiMu"],"picked":"AlertArray:ReiMu","floor":7.0},{"not_picked":["Conquer:ReiMu","SubcavityFantasy:ReiMu"],"picked":"TightArray:ReiMu","floor":9.0},{"not_picked":["WonderfulDomain:ReiMu","LearningPray:ReiMu"],"picked":"FantasyMoon:ReiMu","floor":10.0},{"not_picked":["PayForSelf:ReiMu","SubcavityInstant:ReiMu"],"picked":"Amulet:ReiMu","floor":13.0},{"not_picked":["AirStrike:ReiMu","OctopathBindingBorder2:ReiMu"],"picked":"UpKicking:ReiMu","floor":14.0},{"not_picked":["RainPray2:ReiMu","SpringWay:ReiMu"],"picked":"PhosphorusFlame:ReiMu","floor":15.0},{"not_picked":["SubcavityFantasy:ReiMu","HakureiPhantom:ReiMu"],"picked":"CardOfSanctity:ReiMu","floor":18.0},{"not_picked":["SafetyPray:ReiMu","CareerPray:ReiMu"],"picked":"Amulet:ReiMu","floor":19.0},{"not_picked":["CareerPray:ReiMu","Meditation:ReiMu+1"],"picked":"SafetyPray:ReiMu","floor":20.0},{"not_picked":["PayForSelf:ReiMu+1","OrbThrow:ReiMu"],"picked":"MikOfLucky:ReiMu+1","floor":22},{"not_picked":["Intuition:ReiMu","CardOfSanctity:ReiMu"],"picked":"OrbThrow:ReiMu","floor":23},{"not_picked":["CleanRite:ReiMu","UpKicking:ReiMu+1"],"picked":"EmergencyTakeOff:ReiMu","floor":25},{"not_picked":["EmergencyTakeOff:ReiMu","Crusade:ReiMu"],"picked":"Amulet:ReiMu","floor":27},{"not_picked":["YinYangSign:ReiMu","Conquer:ReiMu"],"picked":"SafetyPray:ReiMu","floor":29},{"not_picked":["Amulet:ReiMu","SubAcupoint:ReiMu"],"picked":"EmergencyTakeOff:ReiMu","floor":31},{"not_picked":["WonderfulDomain:ReiMu","LovePray:ReiMu"],"picked":"SpiritualOutbreak2:ReiMu","floor":32},{"not_picked":["YinYangSange:ReiMu","RainPray2:ReiMu"],"picked":"FantasyMoon:ReiMu+1","floor":33},{"not_picked":["KyokaiOfKami:ReiMu","PrayRite:ReiMu"],"picked":"BlastKick2:ReiMu","floor":35},{"not_picked":["AlertArray:ReiMu","TightArray:ReiMu"],"picked":"TakeOff:ReiMu+1","floor":37},{"not_picked":["SubcavityInstant:ReiMu","KamiRite:ReiMu"],"picked":"WonderfulDomain:ReiMu","floor":38},{"not_picked":["RainPray2:ReiMu","CollectionFlower2:ReiMu+1"],"picked":"PhosphorusFlame:ReiMu","floor":40},{"not_picked":["SafetyPray:ReiMu","Enchanting:ReiMu+1"],"picked":"EmergencyTakeOff:ReiMu","floor":43},{"not_picked":["Intuition:ReiMu+1","RainPray2:ReiMu+1"],"picked":"OrbThrow:ReiMu","floor":44},{"not_picked":["MountainWay:ReiMu","FantasyMoon:ReiMu"],"picked":"AlertArray:ReiMu+1","floor":46},{"not_picked":["WonderfulDomain:ReiMu","OrbThrow:ReiMu"],"picked":"FoulBorder2:ReiMu","floor":47},{"not_picked":["Meditation:ReiMu","Dreaming2:ReiMu"],"picked":"AlertArray:ReiMu+1","floor":49},{"not_picked":["SubcavityInstant:ReiMu+1","Conquer:ReiMu+1"],"picked":"RainPray2:ReiMu","floor":50}],"player_experience":118566,"relics_obtained":[{"floor":9.0,"key":"Bird Faced Urn"},{"floor":11.0,"key":"Replay:Baseball"},{"floor":25,"key":"Replay:Ringing Soul"},{"floor":28,"key":"Whetstone"},{"floor":45,"key":"Bottled Tornado"},{"floor":46,"key":"Bottled Flame"},{"floor":50,"key":"RuthlessExorcism:ReiMu"}],"event_choices":[{"damage_healed":0.0,"max_hp_gain":0.0,"max_hp_loss":0.0,"gold_gain":175.0,"event_name":"Liars Game","player_choice":"AGREE","floor":3.0,"gold_loss":0.0,"damage_taken":0.0,"cards_obtained":["Doubt"]},{"damage_healed":0.0,"max_hp_gain":0.0,"max_hp_loss":0.0,"gold_gain":0.0,"event_name":"Golden Idol","player_choice":"Take Damage","floor":12.0,"gold_loss":0.0,"damage_taken":16.0,"relics_obtained":["Golden Idol"]},{"damage_healed":0.0,"max_hp_gain":0.0,"max_hp_loss":0.0,"gold_gain":0.0,"cards_transformed":["Doubt"],"event_name":"Transmorgrifier","player_choice":"Transformed","floor":21.0,"gold_loss":0.0,"damage_taken":0.0,"cards_obtained":["Overencumbered"]},{"damage_healed":0,"gold_gain":0,"player_choice":"交出神酒","damage_taken":0,"max_hp_gain":0,"max_hp_loss":0,"event_name":"ZunEvent","floor":24,"relics_lost":["ZunR:ReiMu"],"gold_loss":0,"cards_obtained":["ZunPunch:ReiMu"]},{"damage_healed":0,"gold_gain":0,"player_choice":"0 cards matched","damage_taken":0,"max_hp_gain":0,"max_hp_loss":0,"event_name":"Match and Keep!","floor":39,"gold_loss":0,"cards_obtained":[]}],"is_beta":false,"boss_relics":[{"not_picked":["SlaversCollar","Replay:Ancient Bell"],"picked":"Replay:Grab Bag"},{"not_picked":["vexMod:DeviousBotling","Cursed Key"],"picked":"vexMod:CursedCompass"},{"not_picked":["Busted Crown","vexMod:EndlessSickness"],"picked":"Sozu"},{"not_picked":["Pandora\u0027s Box","RedLine:ReiMu"],"picked":"vexMod:MegatonBomb"},{"not_picked":["Ring of Chaos","Kintsugi"],"picked":"Tiny House"},{"not_picked":["Abe\u0027s Treasure","Replay:Wanted Poster"],"picked":"Replay:Bronze Core"}],"items_purged_floors":[16],"is_endless":false,"potions_floor_spawned":[1,9,15,25,27,29,33,38,44,46],"ascension_level":0}}