{"host":"hd496gdorkfoob6n","time":1608756368,"event":{"mods":["2.2 Compatiblity","BaseMod","Colored Map","Downfall","Minty Spire (QoL Compilation)","StSLib"],"gold_per_floor":[114,42,42,42,42,42,57,93,93,68,91,109,109,128,128,258,258,276,276,301,378,303,342,360,53,99,224,224,224,224,245,245,368,368,389,457,17,0,0,19,42,42,42,62,75,75,99,119,119,119],"floor_reached":51,"playtime":3901,"items_purged":["Defend_B","Defend_B"],"score":617,"play_id":"b2f1e470-b9a4-48de-a800-a03aed76003f","local_time":"20201223154608","is_ascension_mode":false,"campfire_choices":[{"data":"Zap","floor":6,"key":"SMITH"},{"floor":13,"key":"REST"},{"data":"Redo","floor":15,"key":"SMITH"},{"data":"1","floor":28,"key":"LIFT"},{"data":"2","floor":30,"key":"LIFT"},{"floor":32,"key":"REST"},{"data":"3","floor":42,"key":"LIFT"}],"circlet_count":0,"master_deck":["Strike_B","Strike_B","Strike_B","Defend_B","Zap+1","Dualcast+1","Ball Lightning","Ball Lightning","Coolheaded","Redo+1","Ball Lightning","Conserve Battery","Glacier","Machine Learning","Loop","Conserve Battery","Double Energy","Beam Cell","Self Repair+1","Self Repair","Go for the Eyes","Gash","Leap","Storm+1","Redo+1","White Noise","Gash","Beam Cell"],"relics":["Cracked Core","Golden Idol","Girya","Shuriken","Fusion Hammer","Kunai","Ginger","Unceasing Top","Vajra","Calipers","Mummified Hand","Coffee Dripper","StoneCalendar","Lantern","Red Mask","Thread and Needle"],"acts_visited":["Exordium","TheCity","TheBeyond"],"potions_floor_usage":[18,27,27,36,40,50,50,50],"damage_taken":[{"damage":1,"enemies":"Jaw Worm","floor":1,"turns":3},{"damage":2,"enemies":"2 Louse","floor":7,"turns":2},{"damage":26,"enemies":"3 Sentries","floor":8,"turns":7},{"damage":3,"enemies":"Small Slimes","floor":11,"turns":2},{"damage":4,"enemies":"Exordium Wildlife","floor":12,"turns":3},{"damage":3,"enemies":"Looter","floor":14,"turns":2},{"damage":34,"enemies":"Slime Boss","floor":16,"turns":9},{"damage":0,"enemies":"Spheric Guardian","floor":18,"turns":2},{"damage":5,"enemies":"Chosen","floor":20,"turns":3},{"damage":12,"enemies":"Gremlin Leader","floor":23,"turns":6},{"damage":9,"enemies":"Centurion and Healer","floor":24,"turns":7},{"damage":2,"enemies":"Colosseum Slavers","floor":27,"turns":4},{"damage":4,"enemies":"Colosseum Nobs","floor":27,"turns":4},{"damage":0,"enemies":"Shelled Parasite and Fungi","floor":31,"turns":3},{"damage":25,"enemies":"Collector","floor":33,"turns":8},{"damage":0,"enemies":"3 Shapes","floor":35,"turns":3},{"damage":74,"enemies":"2 Orb Walkers","floor":36,"turns":6},{"damage":0,"enemies":"3 Darklings","floor":40,"turns":3},{"damage":0,"enemies":"Writhing Mass","floor":41,"turns":3},{"damage":0,"enemies":"Spire Growth","floor":44,"turns":3},{"damage":2,"enemies":"4 Shapes","floor":45,"turns":3},{"damage":0,"enemies":"Jaw Worm Horde","floor":47,"turns":2},{"damage":0,"enemies":"Sphere and 2 Shapes","floor":48,"turns":3},{"damage":60,"enemies":"Time Eater","floor":50,"turns":9}],"seed_played":"4748029205809820113","potions_obtained":[{"floor":8,"key":"DistilledChaos"},{"floor":12,"key":"CultistPotion"},{"floor":20,"key":"Swift Potion"},{"floor":23,"key":"DuplicationPotion"},{"floor":27,"key":"FearPotion"},{"floor":35,"key":"Regen Potion"},{"floor":40,"key":"Slimebound:ThreeZeroPotion"},{"floor":44,"key":"Regen Potion"}],"is_trial":false,"path_per_floor":["M","$","?","?","?","R","M","E","T","?","M","M","R","M","R","B",null,"M","?","M","T","$","E","M","$","T","?","R","?","R","M","R","B",null,"M","?","$","?","?","M","M","R","T","M","M","R","M","M","R","B",null],"character_chosen":"DEFECT","items_purchased":["Ball Lightning","Coolheaded","Unceasing Top","Self Repair","Lantern","Go for the Eyes","Gash","Leap"],"campfire_rested":2,"item_purchase_floors":[2,2,25,37,37,37,37,37],"current_hp_per_floor":[81,81,61,61,54,54,52,26,26,26,23,19,43,40,40,6,82,82,82,77,77,77,65,56,56,56,50,50,34,34,34,58,33,82,82,22,22,22,22,39,56,56,56,63,78,78,82,82,82,54],"gold":119,"neow_bonus":"TEN_PERCENT_HP_BONUS","is_daily":false,"chose_seed":false,"campfire_upgraded":2,"win_rate":0.0,"timestamp":1608756368,"path_taken":["M","$","?","?","?","R","M","E","T","?","M","?","R","M","R","BOSS","M","?","M","?","$","E","M","$","T","?","R","?","R","?","R","BOSS","M","?","$","?","?","M","M","R","T","M","M","R","M","?","R","BOSS"],"items_purchased_type":["Card","Card","Relic","Card","Relic","Card","Card","Card"],"build_version":"2020-12-13","purchased_purges":2,"victory":true,"max_hp_per_floor":[82,82,82,82,82,82,82,82,82,82,82,82,82,82,82,82,82,82,82,82,82,82,82,82,82,82,82,82,82,82,82,82,82,82,82,82,82,82,82,82,82,82,82,82,82,82,82,82,82,82],"card_choices":[{"not_picked":["Tempest","Compile Driver"],"picked":"Ball Lightning","floor":1},{"not_picked":["Gash","Sweeping Beam"],"picked":"Redo","floor":7},{"not_picked":["Sweeping Beam","Double Energy"],"picked":"Ball Lightning","floor":8},{"not_picked":["Streamline","Sweeping Beam","Gash"],"picked":"SKIP","floor":11},{"not_picked":["Hello World","Biased Cognition"],"picked":"Conserve Battery","floor":12},{"not_picked":["Hologram","Compile Driver"],"picked":"Glacier","floor":14},{"not_picked":["Fission","Creative AI"],"picked":"Machine Learning","floor":16},{"not_picked":["Go for the Eyes","Sweeping Beam"],"picked":"Loop","floor":18},{"not_picked":["Stack","Reinforced Body+1"],"picked":"Conserve Battery","floor":20},{"not_picked":["Stack+1","Chaos"],"picked":"Double Energy","floor":23},{"not_picked":["Steam","Doom and Gloom","Go for the Eyes"],"picked":"SKIP","floor":24},{"not_picked":["Glacier","Redo"],"picked":"Beam Cell","floor":27},{"not_picked":["Biased Cognition","Steam+1","Stack"],"picked":"SKIP","floor":31},{"not_picked":["Go for the Eyes","Stack+1","Reprogram"],"picked":"SKIP","floor":35},{"not_picked":["Barrage+1","Redo"],"picked":"Self Repair+1","floor":36},{"not_picked":["Barrage+1","Conserve Battery+1"],"picked":"Storm+1","floor":40},{"not_picked":["Conserve Battery","Creative AI"],"picked":"Redo+1","floor":41},{"not_picked":["Scrape+1","Darkness+1"],"picked":"White Noise","floor":44},{"not_picked":["Hologram","Reinforced Body+1"],"picked":"Gash","floor":45},{"not_picked":["Hologram+1","Steam Power+1"],"picked":"Beam Cell","floor":47},{"not_picked":["Go for the Eyes","Streamline+1","Compile Driver"],"picked":"SKIP","floor":48}],"player_experience":67853,"relics_obtained":[{"floor":8,"key":"Girya"},{"floor":9,"key":"Shuriken"},{"floor":21,"key":"Kunai"},{"floor":23,"key":"Ginger"},{"floor":26,"key":"Vajra"},{"floor":27,"key":"Calipers"},{"floor":27,"key":"Mummified Hand"},{"floor":36,"key":"StoneCalendar"},{"floor":43,"key":"Thread and Needle"}],"event_choices":[{"damage_healed":0,"gold_gain":0,"player_choice":"Take Damage","damage_taken":20,"relics_obtained":["Golden Idol"],"max_hp_gain":0,"max_hp_loss":0,"event_name":"Golden Idol","floor":3,"gold_loss":0},{"damage_healed":0,"gold_gain":0,"player_choice":"Grow","damage_taken":0,"max_hp_gain":0,"max_hp_loss":0,"event_name":"Living Wall","floor":4,"gold_loss":0,"cards_upgraded":["Dualcast"]},{"cards_removed":["Defend_B"],"damage_healed":0,"gold_gain":0,"player_choice":"Card Removal","damage_taken":7,"max_hp_gain":0,"max_hp_loss":0,"event_name":"Golden Wing","floor":5,"gold_loss":0},{"damage_healed":0,"gold_gain":0,"player_choice":"Left Gold","damage_taken":0,"max_hp_gain":0,"max_hp_loss":0,"event_name":"World of Goop","floor":10,"gold_loss":25},{"damage_healed":0,"gold_gain":0,"player_choice":"Ignored","damage_taken":0,"max_hp_gain":0,"max_hp_loss":0,"event_name":"The Mausoleum","floor":19,"gold_loss":0},{"damage_healed":0,"gold_gain":0,"player_choice":"Fight","damage_taken":0,"max_hp_gain":0,"max_hp_loss":0,"event_name":"Colosseum","floor":27,"gold_loss":0},{"damage_healed":0,"gold_gain":0,"player_choice":"Fought Nobs","damage_taken":0,"max_hp_gain":0,"max_hp_loss":0,"event_name":"Colosseum","floor":27,"gold_loss":0},{"damage_healed":0,"gold_gain":0,"player_choice":"Obtained Book","damage_taken":16,"max_hp_gain":0,"max_hp_loss":0,"event_name":"Cursed Tome","floor":29,"gold_loss":0},{"damage_healed":0,"gold_gain":0,"player_choice":"Fight","damage_taken":0,"max_hp_gain":0,"max_hp_loss":0,"event_name":"Mysterious Sphere","floor":36,"gold_loss":0},{"damage_healed":0,"gold_gain":0,"player_choice":"Paid","damage_taken":0,"relics_obtained":["Red Mask"],"max_hp_gain":0,"max_hp_loss":0,"event_name":"Tomb of Lord Red Mask","floor":38,"gold_loss":17},{"cards_removed":["Strike_B"],"damage_healed":0,"gold_gain":0,"player_choice":"Removed Attack","damage_taken":0,"max_hp_gain":0,"max_hp_loss":0,"event_name":"Falling","floor":39,"gold_loss":0}],"is_beta":false,"boss_relics":[{"not_picked":["FrozenCore","Astrolabe"],"picked":"Fusion Hammer"},{"not_picked":["SlaversCollar","Nuclear Battery"],"picked":"Coffee Dripper"}],"items_purged_floors":[22,37],"is_endless":false,"potions_floor_spawned":[8,12,20,23,27,35,40,44],"ascension_level":0}}