{"host":"63yhhrjweyj22b0v","time":1608717507,"event":{"mods":["BaseMod","Minty Spire (QoL Compilation)","Quick Restart"],"gold_per_floor":[117,117,22,22,41,41,5,5,5,5,5,5,25,44,44,44,44],"floor_reached":16,"playtime":268,"items_purged":[],"score":88,"play_id":"d3e10347-695c-4cd9-af42-5748f21c60b4","local_time":"20201223035827","is_ascension_mode":false,"campfire_choices":[{"data":"PathToVictory","floor":6,"key":"SMITH"},{"data":"Eruption","floor":8,"key":"SMITH"},{"data":"Swivel","floor":11,"key":"SMITH"},{"data":"Vigilance","floor":15,"key":"SMITH"}],"circlet_count":0,"master_deck":["Strike_P","Strike_P","Strike_P","Defend_P","Defend_P","Defend_P","Defend_P","Eruption+1","Vigilance+1","PathToVictory+1","Swivel+1","MentalFortress+1"],"relics":["PureWater","NeowsBlessing","Eternal Feather"],"acts_visited":["Exordium"],"potions_floor_usage":[6,14],"damage_taken":[{"damage":0,"enemies":"Jaw Worm","floor":1,"turns":1},{"damage":0,"enemies":"2 Louse","floor":5,"turns":1},{"damage":0,"enemies":"Cultist","floor":13,"turns":1},{"damage":6,"enemies":"2 Fungi Beasts","floor":14,"turns":3},{"damage":87,"enemies":"Hexaghost","floor":16,"turns":9}],"seed_played":"-1902104334464263035","potions_obtained":[{"floor":5,"key":"Strength Potion"}],"is_trial":false,"path_per_floor":["M","?","$","?","M","R","$","R","T","?","R","$","M","M","R","B"],"character_chosen":"WATCHER","items_purchased":["Fruit Juice","MentalFortress"],"campfire_rested":0,"item_purchase_floors":[3,7],"current_hp_per_floor":[72,77,77,70,70,75,75,75,75,75,81,81,81,75,81,0,0],"gold":44,"neow_bonus":"THREE_ENEMY_KILL","is_daily":false,"chose_seed":false,"campfire_upgraded":4,"win_rate":0.0,"timestamp":1608717507,"path_taken":["M","?","$","?","?","R","?","R","T","?","R","$","M","M","R","BOSS"],"items_purchased_type":["Potion","Card"],"build_version":"2020-12-22","purchased_purges":0,"victory":false,"max_hp_per_floor":[72,77,77,77,77,82,82,82,82,82,82,82,82,82,82,82,82],"card_choices":[{"not_picked":["Crescendo","SashWhip"],"picked":"PathToVictory","floor":1},{"not_picked":["WreathOfFlame","Perseverance"],"picked":"Swivel","floor":5},{"not_picked":["EmptyBody","WreathOfFlame","ThirdEye"],"picked":"SKIP","floor":13},{"not_picked":["Swivel","WreathOfFlame","ReachHeaven"],"picked":"SKIP","floor":14}],"player_experience":637765,"relics_obtained":[{"floor":9,"key":"Eternal Feather"}],"event_choices":[{"damage_healed":0,"gold_gain":0,"player_choice":"Donut","damage_taken":0,"max_hp_gain":5,"max_hp_loss":0,"event_name":"Big Fish","floor":2,"gold_loss":0},{"cards_removed":["Strike_P"],"damage_healed":0,"gold_gain":0,"player_choice":"Card Removal","damage_taken":7,"max_hp_gain":0,"max_hp_loss":0,"event_name":"Golden Wing","floor":4,"gold_loss":0},{"damage_healed":0,"gold_gain":0,"player_choice":"Upgraded","damage_taken":0,"max_hp_gain":0,"max_hp_loss":0,"event_name":"Upgrade Shrine","floor":10,"gold_loss":0,"cards_upgraded":["MentalFortress"]}],"is_beta":false,"boss_relics":[],"items_purged_floors":[],"is_endless":false,"potions_floor_spawned":[5],"killed_by":"Hexaghost","ascension_level":0}}