{"host":"vc42n08di9czm3e7","time":1608748018,"event":{"mods":["AchievementEnabler","Act Like it!","BaseMod","Colored Powertips","Downfall","Friendly Minions","GifTheSpireLib","Jorbs\u0027s Wanderer Trilogy","Minty Spire (QoL Compilation)","Rare Cards Sparkle","StSLib","The Bug Knight"],"gold_per_floor":[99,111,122,122,137,156,156,156,171,171,171,183,183,201,220,321,321,333,365,394,416,443,455,455,455],"floor_reached":23,"playtime":1084,"items_purged":[],"score":189,"play_id":"e6a6c858-b4c8-4da1-8252-f82dec9c964d","local_time":"20201223132658","is_ascension_mode":false,"campfire_choices":[{"data":"hexamod:Defend","floor":1,"key":"SMITH"},{"data":"hexamod:GhostShield","floor":10,"key":"SMITH"},{"data":"hexamod:SpectersWail","floor":13,"key":"SMITH"},{"data":"hexamod:SoulSteal","floor":18,"key":"SMITH"}],"circlet_count":0,"master_deck":["hexamod:Strike","hexamod:Strike+1","hexamod:Strike","hexamod:Strike","hexamod:Defend+1","hexamod:Defend","hexamod:Defend","hexamod:Defend","hexamod:Sear+1","hexamod:Float+1","hexamod:SpectersWail","hexamod:SpectersWail+1","hexamod:GhostShield+1","hexamod:EmpoweredFlame","hexamod:NightmareStrike","hexamod:RadiantFlame","hexamod:SoulSteal+1","hexamod:SpectersWail+1","hexamod:FifthSeal","CurseOfTheBell","hexamod:SixthSeal","hexamod:GhostflameBarrier","hexamod:ThermalTransfer+1","hexamod:EmpoweringStance","hexamod:FirstSeal"],"relics":["hexamod:SpiritBrand","Smiling Mask","Calling Bell","MawBank","HollowMod:StagPassRelic","FossilizedHelix"],"acts_visited":["Exordium","TheCity"],"potions_floor_usage":[16,16,21,21,22,22,22],"damage_taken":[{"damage":0,"enemies":"Jaw Worm","floor":2,"turns":3},{"damage":2,"enemies":"2 Louse","floor":3,"turns":3},{"damage":0,"enemies":"Small Slimes","floor":5,"turns":2},{"damage":0,"enemies":"Exordium Thugs","floor":6,"turns":4},{"damage":0,"enemies":"Lots of Slimes","floor":9,"turns":2},{"damage":20,"enemies":"Gremlin Gang","floor":12,"turns":4},{"damage":12,"enemies":"Blue Slaver","floor":14,"turns":4},{"damage":4,"enemies":"2 Fungi Beasts","floor":15,"turns":3},{"damage":12,"enemies":"downfall:Watcher","floor":16,"turns":12},{"damage":8,"enemies":"Spheric Guardian","floor":19,"turns":5},{"damage":49,"enemies":"Sentry and Sphere","floor":20,"turns":9},{"damage":3,"enemies":"Chosen and Byrds","floor":21,"turns":8},{"damage":6,"enemies":"Snecko","floor":22,"turns":5},{"damage":4,"enemies":"downfall:FleeingMerchant","floor":23,"turns":2}],"seed_played":"2036695418125625239","potions_obtained":[{"floor":6,"key":"PowerPotion"},{"floor":14,"key":"ColorlessPotion"},{"floor":20,"key":"EntropicBrew"}],"is_trial":false,"path_per_floor":["R","M","M","?","M","M","T","?","M","R","?","M","R","M","M","B",null,"R","M","M","M","M","$"],"character_chosen":"THE_SPIRIT","items_purchased":[],"campfire_rested":0,"item_purchase_floors":[],"current_hp_per_floor":[70,70,68,68,68,68,68,56,56,56,56,36,36,24,20,8,70,70,62,13,10,4,0,0,0],"gold":455,"neow_bonus":"UPGRADE_CARD","is_daily":false,"chose_seed":false,"campfire_upgraded":4,"win_rate":0.0,"timestamp":1608748018,"path_taken":["R","M","M","?","M","M","T","?","M","R","?","M","R","?","M","BOSS","R","M","?","?","M","$"],"items_purchased_type":[],"build_version":"2020-12-13","purchased_purges":0,"victory":false,"max_hp_per_floor":[70,70,70,70,70,70,70,70,70,70,70,70,70,70,70,70,70,70,70,70,67,67,67,67,67],"card_choices":[{"not_picked":["hexamod:GhostLash","hexamod:DynamicBlow"],"picked":"hexamod:SpectersWail","floor":2},{"not_picked":["hexamod:HeatMetal","hexamod:ExtraCrispy"],"picked":"hexamod:SpectersWail","floor":3},{"not_picked":["hexamod:RetreatToShadows","hexamod:BacktrackSmack"],"picked":"hexamod:GhostShield","floor":5},{"not_picked":["hexamod:SecondSeal","hexamod:RainOfEmbers"],"picked":"hexamod:EmpoweredFlame","floor":6},{"not_picked":["hexamod:InspiringFlames","hexamod:AdvancingGuard"],"picked":"hexamod:NightmareStrike","floor":9},{"not_picked":["hexamod:AdvancingGuard","hexamod:SkipABeat"],"picked":"hexamod:RadiantFlame","floor":12},{"not_picked":["hexamod:NightmareGuise","hexamod:ThermalTransfer"],"picked":"hexamod:SoulSteal","floor":14},{"not_picked":["hexamod:HauntingEcho","hexamod:SoulSteal"],"picked":"hexamod:SpectersWail","floor":15},{"not_picked":["hexamod:ParanormalForm","hexamod:CrushingStance"],"picked":"hexamod:FifthSeal","floor":16},{"not_picked":["hexamod:FirstSeal","hexamod:FourthSeal"],"picked":"hexamod:SixthSeal","floor":19},{"not_picked":["hexamod:RainOfEmbers","hexamod:SecondSeal"],"picked":"hexamod:GhostflameBarrier","floor":19},{"not_picked":["hexamod:BurningTouch+1","hexamod:GhostShield"],"picked":"hexamod:ThermalTransfer+1","floor":20},{"not_picked":["hexamod:InspiringFlames","hexamod:Again"],"picked":"hexamod:EmpoweringStance","floor":21},{"not_picked":["hexamod:SixthSeal","hexamod:FourthSeal"],"picked":"hexamod:FirstSeal","floor":22},{"not_picked":["hexamod:BurningTouch","hexamod:Again","hexamod:GhostOfSpireFuture"],"picked":"SKIP","floor":22}],"player_experience":169285,"relics_obtained":[{"floor":7,"key":"Smiling Mask"},{"floor":17,"key":"MawBank"},{"floor":17,"key":"HollowMod:StagPassRelic"},{"floor":17,"key":"FossilizedHelix"}],"event_choices":[{"damage_healed":0,"gold_gain":0,"player_choice":"Fled","damage_taken":12,"max_hp_gain":0,"max_hp_loss":0,"event_name":"Scrap Ooze","floor":8,"gold_loss":0}],"is_beta":false,"boss_relics":[{"not_picked":["Black Star","hexamod:IceCube"],"picked":"Calling Bell"}],"items_purged_floors":[],"is_endless":false,"potions_floor_spawned":[6,14,20],"killed_by":"downfall:FleeingMerchant","ascension_level":0}}