{"host":"w7o06k3e8uel8euj","time":1608725838,"event":{"mods":["AchievementEnabler","BaseMod","Colored Powertips","Custom Start","DeckTracker","Keyboard Shortcuts","Minty Spire (QoL Compilation)","Quick Restart","Relic Stats","StSLib","SuperFastMode","everything is the same but u backflip on backflip"],"gold_per_floor":[134,154,179,37,37,37,51,51,96,96,23,58,58,89,89,184,184,205,76,76,76],"floor_reached":20,"playtime":845,"items_purged":[],"score":410,"play_id":"068c2acc-10b4-45aa-857a-ab3b7c211154","local_time":"20201223211718","is_ascension_mode":true,"campfire_choices":[{"data":"Apotheosis","floor":6.0,"key":"SMITH"},{"data":"Skim","floor":8.0,"key":"SMITH"},{"data":"Ghostly","floor":10.0,"key":"SMITH"},{"data":"Well Laid Plans","floor":15,"key":"SMITH"}],"circlet_count":0,"master_deck":["AscendersBane","RitualDagger","RitualDagger","RitualDagger","Swift Strike","Swift Strike+1","Good Instincts","Good Instincts","Ghostly+1","Ghostly","Trip","Blind","Skim+1","Beam Cell+1","Well Laid Plans+1","Apotheosis+1","Impatience","Violence","Barricade","Dramatic Entrance"],"relics":["Burning Blood","PrismaticShard","Golden Idol","Toolbox","Prayer Wheel","Question Card","The Courier","Whetstone","Anchor","SacredBark","Strawberry"],"acts_visited":["Exordium","TheCity"],"potions_floor_usage":[14,14],"damage_taken":[{"damage":0.0,"enemies":"Cultist","floor":1.0,"turns":3.0},{"damage":6.0,"enemies":"Small Slimes","floor":2.0,"turns":2.0},{"damage":0.0,"enemies":"Jaw Worm","floor":3.0,"turns":2.0},{"damage":0.0,"enemies":"Red Slaver","floor":7.0,"turns":1.0},{"damage":1.0,"enemies":"Lagavulin","floor":12.0,"turns":3.0},{"damage":0,"enemies":"Gremlin Nob","floor":14,"turns":2},{"damage":15,"enemies":"The Guardian","floor":16,"turns":8},{"damage":1,"enemies":"2 Thieves","floor":18,"turns":3}],"seed_played":"-1225409083757366838","potions_obtained":[{"floor":1.0,"key":"EntropicBrew"},{"floor":12.0,"key":"SteroidPotion"},{"floor":14,"key":"Swift Potion"}],"is_trial":false,"path_per_floor":["M","M","M","$","?","R","M","R","T","R","$","E","?","E","R","B",null,"M","$","?"],"character_chosen":"IRONCLAD","items_purchased":["Apotheosis","Impatience","Strawberry"],"campfire_rested":0,"item_purchase_floors":[4,11,19],"current_hp_per_floor":[74,74,75,75,75,75,75,75,75,75,75,75,75,80,80,71,78,80,87,87,87],"gold":76,"neow_bonus":"RANDOM_COLORLESS","is_daily":false,"chose_seed":false,"campfire_upgraded":4,"win_rate":0.0,"timestamp":1608725838,"path_taken":["M","?","M","$","?","R","M","R","T","R","$","E","?","E","R","BOSS","M","$","?"],"items_purchased_type":["Card","Card","Relic"],"build_version":"2020-12-22","purchased_purges":0,"victory":false,"max_hp_per_floor":[75,75,75,75,75,75,75,75,75,75,75,75,75,80,80,80,80,80,87,87,87],"relic_stats":{"counters":[8,24],"Golden Idol":63,"Prayer Wheel":8,"Whetstone":["Beam Cell","Swift Strike"],"Question Card":19,"obtain_stats":[{"Anchor":14,"Golden Idol":0,"SacredBark":17,"Strawberry":19,"Toolbox":0,"Prayer Wheel":0,"The Courier":0,"Whetstone":12,"PrismaticShard":0,"Question Card":0,"Burning Blood":0},{"Anchor":6,"Golden Idol":0,"SacredBark":7,"Strawberry":8,"Toolbox":0,"Prayer Wheel":0,"The Courier":0,"Whetstone":5,"PrismaticShard":0,"Question Card":0,"Burning Blood":0},{"Anchor":13,"Golden Idol":0,"SacredBark":21,"Strawberry":24,"Toolbox":0,"Prayer Wheel":0,"The Courier":0,"Whetstone":11,"PrismaticShard":0,"Question Card":0,"Burning Blood":0}],"Burning Blood":23},"card_choices":[{"not_picked":["Trip","Mind Blast"],"picked":"Blind","floor":0.0},{"not_picked":["Perfected Strike","Chaos","Evolve"],"picked":"Skim","floor":1.0},{"not_picked":["Deadly Poison","Consume","Blade Dance"],"picked":"Beam Cell","floor":1.0},{"not_picked":["Enlightenment","Halt","Sucker Punch","SashWhip"],"picked":"SKIP","floor":2.0},{"not_picked":["Prepared","Capacitor","Steam","CutThroughFate"],"picked":"SKIP","floor":2.0},{"not_picked":["Warcry","Entrench","Redo"],"picked":"Well Laid Plans","floor":3.0},{"not_picked":["Intimidate","ReachHeaven","Catalyst","Clothesline"],"picked":"SKIP","floor":3.0},{"not_picked":["Thunderclap","Weave","Devotion","FollowUp"],"picked":"SKIP","floor":7.0},{"not_picked":["Study","Tantrum","SashWhip","CutThroughFate"],"picked":"SKIP","floor":7.0},{"not_picked":["Go for the Eyes","Whirlwind","Fasting2","Turbo"],"picked":"SKIP","floor":12.0},{"not_picked":["Slice","Well Laid Plans","Darkness"],"picked":"Violence","floor":14},{"not_picked":["Devotion","Seek","Ragnarok"],"picked":"Barricade","floor":16},{"not_picked":["Beam Cell","BootSequence","Acrobatics"],"picked":"Dramatic Entrance","floor":18},{"not_picked":["Clash","Redo","SandsOfTime","Swivel"],"picked":"SKIP","floor":18}],"player_experience":569488,"relics_obtained":[{"floor":12.0,"key":"Whetstone"},{"floor":14,"key":"Anchor"}],"event_choices":[{"damage_healed":0.0,"max_hp_gain":0.0,"max_hp_loss":0.0,"gold_gain":0.0,"event_name":"Liars Game","player_choice":"Ignored","floor":5.0,"gold_loss":0.0,"damage_taken":0.0},{"damage_healed":0.0,"max_hp_gain":0.0,"max_hp_loss":0.0,"gold_gain":0.0,"event_name":"Match and Keep!","player_choice":"0 cards matched","floor":13.0,"gold_loss":0.0,"damage_taken":0.0,"cards_obtained":[]},{"damage_healed":0,"gold_gain":0,"player_choice":"Simplicity","damage_taken":0,"max_hp_gain":0,"max_hp_loss":0,"event_name":"Back to Basics","floor":20,"gold_loss":0,"cards_upgraded":[]}],"is_beta":false,"boss_relics":[{"not_picked":["Mark of Pain","Pandora\u0027s Box"],"picked":"SacredBark"}],"items_purged_floors":[],"is_endless":false,"potions_floor_spawned":[1,12,14,16],"ascension_level":20}}