{"host":"qm4rv4rkpk76sbxu","time":1608707290,"event":{"mods":["BaseMod","Bestiary","Block Reminder","DeckTracker","Filter the Spire","Keyboard Shortcuts","Minty Spire (QoL Compilation)","MonsterHotkey","Potion Indicator Mod","Quick Restart","Random Character Button","Relic Stats","Slay-I","StSLib","ojb\u0027s Better Paths Mod"],"gold_per_floor":[116,130,150,150,165,165,193,207,234,234,234,266,285,300,300,374,374,391,441,455,455,455,488,488,324,324,350,440,474,474,256,256,335,335,353,377,377,1376,718,745,771,797,797,827,847,863,863,875,875,875,875],"floor_reached":50,"playtime":1951,"items_purged":["Sunder+1"],"score":1477,"play_id":"7b2e788b-f89e-4c54-ba2b-c010cc597ecc","local_time":"20201223080810","is_ascension_mode":true,"campfire_choices":[{"data":"Sunder","floor":6.0,"key":"SMITH"},{"floor":10.0,"key":"REST"},{"data":"Electrodynamics","floor":15.0,"key":"SMITH"},{"data":"Seek","floor":30.0,"key":"SMITH"},{"data":"Biased Cognition","floor":32.0,"key":"SMITH"},{"floor":49.0,"key":"RECALL"}],"circlet_count":0,"master_deck":["AscendersBane","Defend_B+1","Defend_B+1","Defend_B+1","Defend_B+1","Zap+1","Dualcast","Electrodynamics+1","Compile Driver","Ball Lightning","Ball Lightning","Steam","Lockon","Steam","Seek+1","Conserve Battery","Conserve Battery","Auto Shields","Beam Cell","Self Repair","Undo","Biased Cognition+1","Rainbow","CurseOfTheBell","Finesse","Capacitor","Fusion","Chill+1"],"relics":["Cracked Core","MealTicket","War Paint","PreservedInsect","Velvet Choker","Blood Vial","Art of War","Cables","Gambling Chip","Nunchaku","Calling Bell","Dream Catcher","Ornamental Fan","WingedGreaves","Omamori","Emotion Chip","Oddly Smooth Stone","Bag of Marbles","Eternal Feather","Incense Burner","Pantograph","Dead Branch"],"acts_visited":["Exordium","TheCity","TheBeyond"],"potions_floor_usage":[50],"damage_taken":[{"damage":2.0,"enemies":"Jaw Worm","floor":1.0,"turns":3.0},{"damage":1.0,"enemies":"Cultist","floor":2.0,"turns":3.0},{"damage":0.0,"enemies":"2 Louse","floor":3.0,"turns":1.0},{"damage":8.0,"enemies":"Red Slaver","floor":5.0,"turns":3.0},{"damage":15.0,"enemies":"3 Sentries","floor":7.0,"turns":5.0},{"damage":6.0,"enemies":"Looter","floor":8.0,"turns":2.0},{"damage":6.0,"enemies":"Lagavulin","floor":12.0,"turns":5.0},{"damage":0.0,"enemies":"2 Fungi Beasts","floor":13.0,"turns":2.0},{"damage":0.0,"enemies":"Large Slime","floor":14.0,"turns":3.0},{"damage":0.0,"enemies":"Slime Boss","floor":16.0,"turns":5.0},{"damage":21.0,"enemies":"3 Byrds","floor":18.0,"turns":3.0},{"damage":0.0,"enemies":"Chosen","floor":20.0,"turns":2.0},{"damage":7.0,"enemies":"Slavers","floor":23.0,"turns":2.0},{"damage":17.0,"enemies":"Gremlin Leader","floor":27.0,"turns":4.0},{"damage":0.0,"enemies":"Slavers","floor":29.0,"turns":1.0},{"damage":29.0,"enemies":"Automaton","floor":33.0,"turns":8.0},{"damage":0.0,"enemies":"3 Shapes","floor":35.0,"turns":4.0},{"damage":0.0,"enemies":"Nemesis","floor":40.0,"turns":5.0},{"damage":3.0,"enemies":"Reptomancer","floor":41.0,"turns":3.0},{"damage":39.0,"enemies":"Giant Head","floor":42.0,"turns":7.0},{"damage":25.0,"enemies":"Reptomancer","floor":44.0,"turns":5.0},{"damage":0.0,"enemies":"Orb Walker","floor":45.0,"turns":3.0},{"damage":0.0,"enemies":"Jaw Worm Horde","floor":46.0,"turns":2.0},{"damage":3.0,"enemies":"Writhing Mass","floor":48.0,"turns":3.0},{"damage":75,"enemies":"Awakened One","floor":50,"turns":9}],"seed_played":"7679612656154655209","potions_obtained":[{"floor":1.0,"key":"Weak Potion"},{"floor":5.0,"key":"Dexterity Potion"},{"floor":8.0,"key":"Fire Potion"},{"floor":13.0,"key":"EssenceOfSteel"},{"floor":18.0,"key":"Swift Potion"},{"floor":20.0,"key":"EntropicBrew"},{"floor":35.0,"key":"SkillPotion"},{"floor":45.0,"key":"PowerPotion"},{"floor":46.0,"key":"AttackPotion"},{"floor":48.0,"key":"PowerPotion"}],"is_trial":false,"path_per_floor":["M","M","M","?","M","R","E","M","T","R","?","E","M","M","R","B",null,"M","?","M","?","?","E","?","$","T","E","?","E","R","$","R","B",null,"M","T","?","?","$","E","E","E","T","E","M","M","T","M","R","B"],"character_chosen":"DEFECT","items_purchased":["Art of War","PowerPotion","Biased Cognition","Emotion Chip","Oddly Smooth Stone","Finesse"],"campfire_rested":1,"item_purchase_floors":[25,31,31,39,39,39],"current_hp_per_floor":[44,43,43,43,35,35,20,14,14,35,35,29,29,29,29,29,61,40,40,40,40,40,33,33,48,48,40,22,24,24,39,39,19,58,60,60,60,60,71,71,68,38,38,22,31,33,33,39,54,0,0],"gold":875,"neow_bonus":"THREE_RARE_CARDS","is_daily":false,"chose_seed":false,"campfire_upgraded":4,"win_rate":0.0,"timestamp":1608707290,"path_taken":["M","M","M","?","?","R","E","M","T","R","?","E","?","M","R","BOSS","M","?","M","?","?","E","?","$","T","E","?","E","R","$","R","BOSS","M","?","?","?","$","E","E","E","T","E","M","?","?","M","R","BOSS"],"items_purchased_type":["Relic","Potion","Card","Relic","Relic","Card"],"build_version":"2020-12-22","purchased_purges":1,"victory":false,"max_hp_per_floor":[71,71,71,71,71,71,71,71,71,71,71,71,71,71,71,71,71,71,71,71,71,71,71,71,71,71,71,71,71,71,71,71,71,71,71,71,71,71,71,71,71,71,71,71,71,71,71,71,71,71,71],"relic_stats":{"counters":[25,93],"Dead Branch":[6],"Eternal Feather":15,"PreservedInsect":432,"War Paint":["Zap","Defend_B"],"Cables":[61,48,12,1,0],"Blood Vial":18,"Nunchaku":[5],"Dream Catcher":0,"Emotion Chip":[42,30,6,4,2],"Ornamental Fan":[8],"Gambling Chip":[23],"Pantograph":17,"MealTicket":41,"Art of War":[14],"obtain_stats":[{"Dead Branch":47,"Velvet Choker":17,"Oddly Smooth Stone":39,"Eternal Feather":41,"PreservedInsect":12,"Omamori":36,"Incense Burner":42,"War Paint":9,"Cables":26,"Blood Vial":23,"Calling Bell":34,"Nunchaku":29,"Dream Catcher":34,"Emotion Chip":39,"Ornamental Fan":34,"Gambling Chip":27,"Pantograph":44,"MealTicket":7,"WingedGreaves":34,"Art of War":25,"Bag of Marbles":40,"Cracked Core":0},{"Dead Branch":23,"Velvet Choker":10,"Oddly Smooth Stone":17,"Eternal Feather":19,"PreservedInsect":7,"Omamori":17,"Incense Burner":20,"War Paint":6,"Cables":13,"Blood Vial":13,"Calling Bell":16,"Nunchaku":15,"Dream Catcher":16,"Emotion Chip":17,"Ornamental Fan":16,"Gambling Chip":14,"Pantograph":21,"MealTicket":5,"WingedGreaves":16,"Art of War":13,"Bag of Marbles":18,"Cracked Core":0},{"Dead Branch":81,"Velvet Choker":32,"Oddly Smooth Stone":56,"Eternal Feather":64,"PreservedInsect":22,"Omamori":56,"Incense Burner":71,"War Paint":17,"Cables":39,"Blood Vial":39,"Calling Bell":52,"Nunchaku":44,"Dream Catcher":52,"Emotion Chip":56,"Ornamental Fan":52,"Gambling Chip":43,"Pantograph":76,"MealTicket":15,"WingedGreaves":52,"Art of War":39,"Bag of Marbles":61,"Cracked Core":0}]},"card_choices":[{"not_picked":["Reboot","Creative AI"],"picked":"Electrodynamics","floor":0.0},{"not_picked":["Leap","Redo","Hologram"],"picked":"SKIP","floor":1.0},{"not_picked":["Steam Power","Turbo"],"picked":"Compile Driver","floor":2.0},{"not_picked":["Stack","Melter"],"picked":"Sunder","floor":3.0},{"not_picked":["Gash","Steam"],"picked":"Ball Lightning","floor":5.0},{"not_picked":["Recycle","Loop"],"picked":"Ball Lightning","floor":7.0},{"not_picked":["Rebound","Ball Lightning"],"picked":"Steam","floor":8.0},{"not_picked":["Coolheaded","Gash","Chaos"],"picked":"SKIP","floor":12.0},{"not_picked":["Hyperbeam","Sweeping Beam"],"picked":"Lockon","floor":13.0},{"not_picked":["Go for the Eyes","Recycle"],"picked":"Steam","floor":14.0},{"not_picked":["Creative AI","Reboot"],"picked":"Seek","floor":16.0},{"not_picked":["Steam Power+1","Force Field"],"picked":"Conserve Battery","floor":18.0},{"not_picked":["Redo","Stack"],"picked":"Conserve Battery","floor":20.0},{"not_picked":["Static Discharge","Hologram","White Noise"],"picked":"SKIP","floor":23.0},{"not_picked":["Beam Cell","Redo"],"picked":"Undo","floor":27.0},{"not_picked":["Steam","Doom and Gloom","Sweeping Beam"],"picked":"SKIP","floor":29.0},{"not_picked":["Multi-Cast","Biased Cognition"],"picked":"Rainbow","floor":33.0},{"not_picked":["Heatsinks","Ball Lightning","Genetic Algorithm"],"picked":"SKIP","floor":35.0},{"not_picked":["Electrodynamics","Cold Snap"],"picked":"Capacitor","floor":40.0},{"not_picked":["Darkness","Beam Cell","Gash"],"picked":"SKIP","floor":41.0},{"not_picked":["Rebound","Compile Driver","Redo"],"picked":"SKIP","floor":42.0},{"not_picked":["Heatsinks","Conserve Battery","Streamline"],"picked":"SKIP","floor":44.0},{"not_picked":["Go for the Eyes","Streamline"],"picked":"Fusion","floor":45.0},{"not_picked":["Redo","Gash+1","Capacitor"],"picked":"SKIP","floor":46.0},{"not_picked":["Steam Power","Ball Lightning+1"],"picked":"Chill+1","floor":48.0}],"player_experience":1094840,"relics_obtained":[{"floor":7.0,"key":"MealTicket"},{"floor":9.0,"key":"War Paint"},{"floor":12.0,"key":"PreservedInsect"},{"floor":23.0,"key":"Blood Vial"},{"floor":26.0,"key":"Cables"},{"floor":27.0,"key":"Gambling Chip"},{"floor":29.0,"key":"Nunchaku"},{"floor":34.0,"key":"Dream Catcher"},{"floor":34.0,"key":"Ornamental Fan"},{"floor":34.0,"key":"WingedGreaves"},{"floor":36.0,"key":"Omamori"},{"floor":40.0,"key":"Bag of Marbles"},{"floor":41.0,"key":"Eternal Feather"},{"floor":42.0,"key":"Incense Burner"},{"floor":44.0,"key":"Pantograph"},{"floor":47.0,"key":"Dead Branch"}],"event_choices":[{"cards_removed":["Strike_B"],"damage_healed":0.0,"max_hp_gain":0.0,"max_hp_loss":0.0,"gold_gain":0.0,"event_name":"Bonfire Elementals","player_choice":"Offered Basic","floor":4.0,"gold_loss":0.0,"damage_taken":0.0},{"cards_removed":["Strike_B"],"damage_healed":0.0,"max_hp_gain":0.0,"max_hp_loss":0.0,"gold_gain":0.0,"event_name":"Purifier","player_choice":"Purged","floor":11.0,"gold_loss":0.0,"damage_taken":0.0},{"damage_healed":0.0,"max_hp_gain":0.0,"max_hp_loss":0.0,"gold_gain":50.0,"event_name":"Nest","player_choice":"Stole From Cult","floor":19.0,"gold_loss":0.0,"damage_taken":0.0},{"damage_healed":0.0,"max_hp_gain":0.0,"max_hp_loss":0.0,"gold_gain":0.0,"cards_transformed":["Strike_B","Strike_B"],"event_name":"Drug Dealer","player_choice":"Became Test Subject","floor":21.0,"gold_loss":0.0,"damage_taken":0.0,"cards_obtained":["Auto Shields","Beam Cell"]},{"damage_healed":0.0,"max_hp_gain":0.0,"max_hp_loss":0.0,"gold_gain":0.0,"event_name":"Back to Basics","player_choice":"Simplicity","floor":22.0,"gold_loss":0.0,"damage_taken":0.0,"cards_upgraded":["Defend_B","Defend_B","Defend_B"]},{"damage_healed":0.0,"max_hp_gain":0.0,"max_hp_loss":0.0,"gold_gain":0.0,"event_name":"The Library","player_choice":"Read","floor":24.0,"gold_loss":0.0,"damage_taken":0.0,"cards_obtained":["Self Repair"]},{"damage_healed":0.0,"max_hp_gain":0.0,"max_hp_loss":0.0,"gold_gain":90.0,"event_name":"Knowing Skull","player_choice":"POTION GOLD ","floor":28.0,"potions_obtained":["SmokeBomb"],"gold_loss":0.0,"damage_taken":18.0,"cards_obtained":[]},{"damage_healed":0.0,"max_hp_gain":0.0,"max_hp_loss":0.0,"gold_gain":0.0,"event_name":"Tomb of Lord Red Mask","player_choice":"Ignored","floor":37.0,"gold_loss":0.0,"damage_taken":0.0},{"damage_healed":0.0,"max_hp_gain":0.0,"max_hp_loss":0.0,"gold_gain":999.0,"event_name":"MindBloom","player_choice":"Gold","floor":38.0,"gold_loss":0.0,"damage_taken":0.0,"cards_obtained":["Normality","Normality"]}],"is_beta":false,"boss_relics":[{"not_picked":["Runic Pyramid","Nuclear Battery"],"picked":"Velvet Choker"},{"not_picked":["Runic Dome","Empty Cage"],"picked":"Calling Bell"}],"items_purged_floors":[39],"is_endless":false,"potions_floor_spawned":[1,5,8,13,18,20,35,45,46,48],"killed_by":"Awakened One","ascension_level":20}}