{"host":"gx7yyrn1gkym3qpb","time":1608722795,"event":{"mods":["AchievementEnabler","BaseMod","Better Altar","Better Match","Better Note","Better Sensory Stone","Better Skull","Better Third Choice","Highlight Path","Minty Spire (QoL Compilation)","Permanent Neow","Quick Restart","StSLib","Unceasing Turn Reminder"],"gold_per_floor":[115,126,137,62,75,105,121,151,200,200,200,200,200,218,218,314,314,337,360,381,381,394,394,394,435,435,435,435],"floor_reached":27,"playtime":1132,"items_purged":["Strike_G"],"score":429,"play_id":"e289515b-79a4-4164-93ab-04ee0005c40e","local_time":"20201223062635","is_ascension_mode":true,"campfire_choices":[{"floor":12.0,"key":"REST"},{"data":"Neutralize","floor":15,"key":"SMITH"},{"data":"Wraith Form v2","floor":24,"key":"SMITH"}],"circlet_count":0,"master_deck":["AscendersBane","Strike_G+1","Strike_G+1","Strike_G+1","Strike_G+1","Defend_G+1","Defend_G+1","Defend_G+1","Defend_G+1","Defend_G+1","Survivor","Neutralize+1","Dagger Spray","Cloak And Dagger","Terror","Blade Dance","Wraith Form v2","Blade Dance","Dash","Wraith Form v2+1","Deadly Poison+1","Infinite Blades+1"],"relics":["SacredBark","Ancient Tea Set","Paper Crane","Omamori","Golden Idol","SlaversCollar","Eternal Feather","Toxic Egg 2"],"acts_visited":["Exordium","TheCity"],"potions_floor_usage":[18,22,25],"damage_taken":[{"damage":1.0,"enemies":"Cultist","floor":1.0,"turns":4.0},{"damage":1.0,"enemies":"Small Slimes","floor":2.0,"turns":4.0},{"damage":2.0,"enemies":"Jaw Worm","floor":3.0,"turns":4.0},{"damage":32.0,"enemies":"Gremlin Gang","floor":5.0,"turns":6.0},{"damage":16.0,"enemies":"Lagavulin","floor":6.0,"turns":10.0},{"damage":1.0,"enemies":"Large Slime","floor":7.0,"turns":6.0},{"damage":51.0,"enemies":"3 Sentries","floor":8.0,"turns":13.0},{"damage":0,"enemies":"Looter","floor":14,"turns":3},{"damage":15,"enemies":"Hexaghost","floor":16,"turns":13},{"damage":5,"enemies":"Shell Parasite","floor":18,"turns":7},{"damage":3,"enemies":"3 Byrds","floor":19,"turns":5},{"damage":14,"enemies":"Centurion and Healer","floor":20,"turns":8},{"damage":0,"enemies":"3 Cultists","floor":22,"turns":3},{"damage":8,"enemies":"Book of Stabbing","floor":25,"turns":6},{"damage":20,"enemies":"Slavers","floor":27,"turns":1}],"seed_played":"-3968021923363617165","potions_obtained":[{"floor":3.0,"key":"FairyPotion"},{"floor":7.0,"key":"EntropicBrew"},{"floor":8.0,"key":"Explosive Potion"},{"floor":16,"key":"Explosive Potion"},{"floor":18,"key":"SteroidPotion"}],"is_trial":false,"path_per_floor":["M","M","M","$","M","E","M","E","T","?","?","R","?","M","R","B",null,"M","M","M","?","M","?","R","E","T","E"],"character_chosen":"THE_SILENT","items_purchased":[],"campfire_rested":1,"item_purchase_floors":[],"current_hp_per_floor":[58,57,55,55,23,7,6,3,3,3,3,21,21,21,21,6,47,42,39,25,25,25,25,25,17,17,0,0],"gold":435,"neow_bonus":"BOSS_RELIC","is_daily":false,"chose_seed":false,"campfire_upgraded":2,"win_rate":0.0,"timestamp":1608722795,"path_taken":["M","M","M","$","M","E","M","E","T","?","?","R","?","M","R","BOSS","M","?","M","?","M","?","R","E","T","E"],"items_purchased_type":[],"build_version":"2020-12-22","purchased_purges":1,"victory":false,"max_hp_per_floor":[66,66,66,66,66,66,66,66,66,66,60,60,60,60,60,60,60,60,60,60,60,60,60,60,60,60,60,60],"card_choices":[{"not_picked":["Tactician","Caltrops"],"picked":"Dagger Spray","floor":1.0},{"not_picked":["Backflip","Dodge and Roll"],"picked":"Cloak And Dagger","floor":2.0},{"not_picked":["Sucker Punch","Dagger Throw"],"picked":"Terror","floor":3.0},{"not_picked":["Acrobatics","Accuracy","Prepared"],"picked":"SKIP","floor":5.0},{"not_picked":["Predator","Outmaneuver"],"picked":"Blade Dance","floor":6.0},{"not_picked":["Blade Dance","Dagger Spray"],"picked":"Wraith Form v2","floor":7.0},{"not_picked":["Deflect","Acrobatics","Heel Hook"],"picked":"SKIP","floor":8.0},{"not_picked":["PiercingWail","Prepared"],"picked":"Dash","floor":14},{"not_picked":["Tools of the Trade","Phantasmal Killer"],"picked":"Wraith Form v2","floor":16},{"not_picked":["Dagger Throw","Cloak And Dagger"],"picked":"Deadly Poison+1","floor":18},{"not_picked":["Cloak And Dagger","Distraction"],"picked":"Infinite Blades+1","floor":19},{"not_picked":["Underhanded Strike","Heel Hook","Distraction"],"picked":"SKIP","floor":20},{"not_picked":["Expertise","All Out Attack","Dodge and Roll"],"picked":"SKIP","floor":22},{"not_picked":["Sucker Punch","Flying Knee","Cloak And Dagger"],"picked":"SKIP","floor":25}],"player_experience":353142,"relics_obtained":[{"floor":6.0,"key":"Ancient Tea Set"},{"floor":8.0,"key":"Paper Crane"},{"floor":9.0,"key":"Omamori"},{"floor":25,"key":"Eternal Feather"},{"floor":26,"key":"Toxic Egg 2"}],"event_choices":[{"damage_healed":0.0,"max_hp_gain":0.0,"max_hp_loss":0.0,"gold_gain":0.0,"event_name":"betterThird:BetterSerpent","player_choice":"Ignored","floor":10.0,"gold_loss":0.0,"damage_taken":200.0},{"damage_healed":0.0,"max_hp_gain":0.0,"max_hp_loss":6.0,"gold_gain":0.0,"event_name":"Golden Idol","player_choice":"Lose Max HP","floor":11.0,"gold_loss":0.0,"damage_taken":0.0,"relics_obtained":["Golden Idol"]},{"cards_removed":["Wraith Form v2"],"damage_healed":0,"gold_gain":0,"player_choice":"Take \u0026 Give","damage_taken":0,"max_hp_gain":0,"max_hp_loss":0,"event_name":"betterNote:BetterNote","floor":13,"gold_loss":0,"cards_obtained":["Blade Dance"]},{"damage_healed":0,"gold_gain":0,"player_choice":"Simplicity","damage_taken":0,"max_hp_gain":0,"max_hp_loss":9,"event_name":"betterThird:BetterWriting","floor":21,"gold_loss":0},{"damage_healed":0,"gold_gain":0,"player_choice":"Ignored","damage_taken":0,"max_hp_gain":0,"max_hp_loss":0,"event_name":"Ghosts","floor":23,"gold_loss":0}],"is_beta":false,"boss_relics":[{"not_picked":["Calling Bell","Fusion Hammer"],"picked":"SlaversCollar"}],"items_purged_floors":[4],"is_endless":false,"potions_floor_spawned":[3,7,8,16,18],"killed_by":"Slavers","ascension_level":15}}