{"host":"jpyc2kczef5p02oc","time":1608705071,"event":{"mods":["ATMod(阿瑾Mod)","BaseMod","Friendly Minions","Hubris","Marisa（F雨　魔理沙）","Minty Spire (QoL Compilation)","StSLib","Td1madao Mod","The Servant 0.9.4","【功能Mod】聪明的最终Boss"],"gold_per_floor":[141,141,141,141,202,310,380,418,418,457,519,578,578,644,644,795,795,880,880,917,1023,1023,1123,1149,1149,440,494,694,799,799,898,898,1037,1037,769,820,929,983,983,497,552,552,659,659,684,684,684,68,149,174],"floor_reached":56,"playtime":2400,"items_purged":[],"score":2805,"play_id":"8d364ee4-f988-43f2-be12-602aa5b870a4","local_time":"20201223143111","is_ascension_mode":true,"campfire_choices":[{"data":"Armaments","floor":15.0,"key":"SMITH"},{"floor":24.0,"key":"REST"},{"data":"AT_ShrugMaster","floor":32,"key":"SMITH"},{"floor":46,"key":"RECALL"},{"data":"AT_PowerWithin","floor":49,"key":"SMITH"},{"data":"Bash","floor":52,"key":"SMITH"}],"circlet_count":0,"master_deck":["AscendersBane","Strike_R","Strike_R","Strike_R","Strike_R","Strike_R","Defend_R","Defend_R","Defend_R+1","Defend_R","Bash+1","AT_IchimonjiDouble+1","Shrug It Off","Armaments+1","Battle Trance+1","Headbutt","Immolate","Shrug It Off","Warcry","AT_ShrugMaster+1","AT_IchimonjiDouble","Bludgeon","Wraith","AT_PowerWithin+1"],"relics":["Burning Blood","AT_ATBox","AT_MibuBalloonWealth","hubris:Towel","hubris:Icosahedron","AT_TimeSand","Potion Belt","hubris:Teleporter","AT_TrinityForce","Dream Catcher","AT_BellowingDragoncrestRing","AT_RedTearstoneRing","Meat on the Bone","MealTicket","Cauldron","hubris:SphereOfDissonance","hubris:GlazedTorus","Bottled Lightning","Paper Frog","hubris:CrackedHourglass","Happy Flower","WingedGreaves","hubris:Reverence","PreservedInsect","AT_LudenTempest","AT_SunfireAegis","Bottled Flame","hubris:Spice","hubris:CrystalStatue"],"acts_visited":["Exordium","TheCity","TheBeyond","TheEnding"],"potions_floor_usage":[45],"damage_taken":[{"damage":14.0,"enemies":"Jaw Worm","floor":1.0,"turns":4.0},{"damage":1.0,"enemies":"2 Louse","floor":5.0,"turns":3.0},{"damage":11.0,"enemies":"3 Sentries","floor":6.0,"turns":7.0},{"damage":8.0,"enemies":"Small Slimes","floor":7.0,"turns":4.0},{"damage":8.0,"enemies":"Blue Slaver","floor":8.0,"turns":4.0},{"damage":4.0,"enemies":"Looter","floor":10.0,"turns":3.0},{"damage":5.0,"enemies":"2 Fungi Beasts","floor":11.0,"turns":3.0},{"damage":15.0,"enemies":"Lagavulin","floor":12.0,"turns":4.0},{"damage":7.0,"enemies":"Large Slime","floor":14.0,"turns":4.0},{"damage":16.0,"enemies":"Slime Boss","floor":16.0,"turns":7.0},{"damage":26.0,"enemies":"3 Byrds","floor":18.0,"turns":5.0},{"damage":26.0,"enemies":"Shell Parasite","floor":21.0,"turns":3.0},{"damage":0.0,"enemies":"Gremlin Leader","floor":23.0,"turns":4.0},{"damage":33.0,"enemies":"Slavers","floor":25.0,"turns":7.0},{"damage":0,"enemies":"Book of Stabbing","floor":29,"turns":2},{"damage":0,"enemies":"Colosseum Slavers","floor":30,"turns":1},{"damage":0,"enemies":"Colosseum Nobs","floor":30,"turns":2},{"damage":10,"enemies":"Slavers","floor":31,"turns":2},{"damage":0,"enemies":"Collector","floor":33,"turns":6},{"damage":0,"enemies":"3 Darklings","floor":35,"turns":2},{"damage":6,"enemies":"Nemesis","floor":40,"turns":3},{"damage":25,"enemies":"Reptomancer","floor":41,"turns":2},{"damage":0,"enemies":"Nemesis","floor":42,"turns":2},{"damage":1,"enemies":"Giant Head","floor":45,"turns":3},{"damage":2,"enemies":"Reptomancer","floor":47,"turns":1},{"damage":7,"enemies":"hubris:GrandSnecko","floor":50,"turns":3},{"damage":2,"enemies":"Shield and Spear","floor":54,"turns":2},{"damage":17,"enemies":"The Heart","floor":55,"turns":3}],"seed_played":"-1443155998987567261","potions_obtained":[{"floor":5.0,"key":"Block Potion"},{"floor":6.0,"key":"Dexterity Potion"},{"floor":8.0,"key":"BloodPotion"},{"floor":11.0,"key":"AttackPotion"},{"floor":12.0,"key":"ColorlessPotion"},{"floor":21.0,"key":"CultistPotion"},{"floor":28,"key":"SmokeBomb"},{"floor":28,"key":"LiquidBronze"},{"floor":28,"key":"Explosive Potion"},{"floor":28,"key":"Explosive Potion"},{"floor":30,"key":"Strength Potion"},{"floor":41,"key":"LiquidMemories"},{"floor":45,"key":"Fruit Juice"},{"floor":54,"key":"Weak Potion"}],"is_trial":false,"path_per_floor":["M","?","?","?","M","E","M","M","T","M","M","E","?","M","R","B",null,"M","?","M","E","R","E","T","?","$","E","?","E","R","B",null,"M","?","$","E","E","E","T","$","E","R","E","R","B",null,"R","$","E","B",null],"character_chosen":"IRONCLAD","items_purchased":["Meat on the Bone","MealTicket","AT_ShrugMaster","Cauldron","Happy Flower","AT_PowerWithin","AT_LudenTempest","AT_SunfireAegis","hubris:CrystalStatue","hubris:Spice"],"campfire_rested":1,"item_purchase_floors":[28,28,28,28,38,38,44,44,53,53],"current_hp_per_floor":[60,60,60,60,65,60,58,71,71,73,74,65,42,41,41,31,64,44,59,39,45,67,40,40,10,10,28,52,48,48,54,70,75,75,75,75,56,62,62,75,80,80,88,88,87,88,88,96,88,77],"gold":174,"neow_bonus":"RANDOM_COMMON_RELIC","is_daily":false,"chose_seed":false,"campfire_upgraded":4,"win_rate":0.0,"timestamp":1608705071,"path_taken":["M","?","?","?","M","E","M","?","T","M","M","E","?","M","R","BOSS","M","?","M","E","R","E","T","?","$","E","?","E","R","BOSS","M","?","$","E","E","E","T","$","E","R","E","R","BOSS","R","$","E","BOSS"],"items_purchased_type":["Relic","Relic","Card","Relic","Relic","Card","Relic","Relic","Relic","Relic"],"build_version":"2020-12-22","purchased_purges":0,"victory":true,"max_hp_per_floor":[75,75,75,75,75,75,75,75,75,75,75,75,75,75,75,75,75,75,75,75,75,75,75,75,75,75,75,75,75,75,75,75,75,75,75,75,75,75,75,75,80,80,88,88,88,88,88,96,88,88],"card_choices":[{"not_picked":["Flex","Clash"],"picked":"Shrug It Off","floor":1.0},{"not_picked":["Disarm","Perfected Strike","AT_ManFootWork"],"picked":"SKIP","floor":5.0},{"not_picked":["AT_BodySlamDance","Iron Wave","Havoc"],"picked":"SKIP","floor":6.0},{"not_picked":["Power Through","Sword Boomerang"],"picked":"Armaments","floor":7.0},{"not_picked":["AT_CaressingTears","Twin Strike"],"picked":"Battle Trance","floor":8.0},{"not_picked":["Anger","AT_IchimonjiDouble","Fire Breathing"],"picked":"SKIP","floor":10.0},{"not_picked":["Pommel Strike","Power Through"],"picked":"Headbutt","floor":11.0},{"not_picked":["Body Slam","Rampage","Whirlwind"],"picked":"SKIP","floor":12.0},{"not_picked":["Heavy Blade","Infernal Blade","Clothesline"],"picked":"SKIP","floor":14.0},{"not_picked":["Fiend Fire","Corruption"],"picked":"Immolate","floor":16.0},{"not_picked":["Dropkick","Armaments"],"picked":"Shrug It Off","floor":18.0},{"not_picked":["hubris:ReadiedAction","Iron Wave","AT_DiedThrough"],"picked":"SKIP","floor":21.0},{"not_picked":["Clothesline","Iron Wave"],"picked":"Warcry","floor":23.0},{"not_picked":["Havoc","Flex","AT_ManFootWork"],"picked":"SKIP","floor":25.0},{"not_picked":["Flex+1","Battle Trance"],"picked":"AT_IchimonjiDouble","floor":29},{"not_picked":["AT_GerminateFire","Body Slam","Whirlwind"],"picked":"SKIP","floor":31},{"not_picked":["Juggernaut","Impervious"],"picked":"Bludgeon","floor":33},{"not_picked":["Headbutt","Dual Wield","Warcry"],"picked":"SKIP","floor":35},{"not_picked":["Whirlwind","Second Wind","Inflame"],"picked":"SKIP","floor":40},{"not_picked":["Sentinel","Sword Boomerang","AT_IchimonjiDouble"],"picked":"SKIP","floor":41},{"not_picked":["Dual Wield","hubris:CleavingFinish","Evolve"],"picked":"SKIP","floor":42},{"not_picked":["Flex+1","Twin Strike","Armaments"],"picked":"SKIP","floor":45},{"not_picked":["Flex+1","Twin Strike","Armaments"],"picked":"SKIP","floor":45},{"not_picked":["Rampage","AT_IchimonjiDouble","Inflame+1"],"picked":"SKIP","floor":47},{"not_picked":["AT_DrawKnifeCut+1","Shrug It Off","AT_BodySlamDance"],"picked":"SKIP","floor":54}],"player_experience":258971,"relics_obtained":[{"floor":6.0,"key":"AT_TimeSand"},{"floor":9.0,"key":"Potion Belt"},{"floor":12.0,"key":"hubris:Teleporter"},{"floor":23.0,"key":"Dream Catcher"},{"floor":25.0,"key":"AT_BellowingDragoncrestRing"},{"floor":26.0,"key":"AT_RedTearstoneRing"},{"floor":29,"key":"hubris:SphereOfDissonance"},{"floor":30,"key":"hubris:GlazedTorus"},{"floor":30,"key":"Bottled Lightning"},{"floor":31,"key":"Paper Frog"},{"floor":40,"key":"WingedGreaves"},{"floor":41,"key":"hubris:Reverence"},{"floor":42,"key":"PreservedInsect"},{"floor":45,"key":"Bottled Flame"},{"floor":47,"key":"hubris:Spice"},{"floor":54,"key":"hubris:Spice"}],"event_choices":[{"damage_healed":0.0,"max_hp_gain":0.0,"max_hp_loss":0.0,"gold_gain":0.0,"event_name":"Shining Light","player_choice":"Entered Light","floor":13.0,"gold_loss":0.0,"damage_taken":23.0,"cards_upgraded":["Battle Trance","Defend_R"]},{"damage_healed":15.0,"max_hp_gain":0.0,"max_hp_loss":0.0,"gold_gain":0.0,"event_name":"The Library","player_choice":"Heal","floor":19.0,"gold_loss":0.0,"damage_taken":0.0},{"damage_healed":0,"gold_gain":0,"player_choice":"Fight","damage_taken":0,"max_hp_gain":0,"max_hp_loss":0,"event_name":"Colosseum","floor":30,"gold_loss":0},{"damage_healed":0,"gold_gain":0,"player_choice":"Fought Nobs","damage_taken":0,"max_hp_gain":0,"max_hp_loss":0,"event_name":"Colosseum","floor":30,"gold_loss":0},{"damage_healed":0,"gold_gain":0,"player_choice":"Ignored","damage_taken":0,"max_hp_gain":0,"max_hp_loss":0,"event_name":"OrinTheCat","floor":36,"gold_loss":0}],"is_beta":false,"boss_relics":[{"not_picked":["hubris:GrandSneckoEye","Velvet Choker"],"picked":"AT_TrinityForce"},{"not_picked":["Mark of Pain","hubris:Backtick"],"picked":"hubris:CrackedHourglass"}],"items_purged_floors":[],"is_endless":false,"potions_floor_spawned":[5,6,8,11,12,21,30,33,41,42,45,54],"ascension_level":17}}