{"host":"qm4rv4rkpk76sbxu","time":1608711504,"event":{"mods":["BaseMod","Bestiary","Block Reminder","DeckTracker","Filter the Spire","Keyboard Shortcuts","Minty Spire (QoL Compilation)","MonsterHotkey","Potion Indicator Mod","Quick Restart","Random Character Button","Relic Stats","Slay-I","StSLib","ojb\u0027s Better Paths Mod"],"gold_per_floor":[111,111,122,122,137,171,187,214,214,214,228,10,42,52,52,123,123,137,137,137,153,41,70,70,95,121,150,165,80,108,138,138,222,222,258,258,322,345,67,98,98,138,138,165,165,197,224,250,250,250,250],"floor_reached":50,"playtime":3032,"items_purged":["Writhe"],"score":1370,"play_id":"1e6408f6-bbd1-4ad5-9c30-6146fccc41e0","local_time":"20201223091824","is_ascension_mode":true,"campfire_choices":[{"data":"Beam Cell","floor":10.0,"key":"SMITH"},{"data":"Static Discharge","floor":15.0,"key":"SMITH"},{"data":"Seek","floor":24.0,"key":"SMITH"},{"data":"Ghostly","floor":32.0,"key":"SMITH"},{"data":"Ghostly","floor":41.0,"key":"SMITH"},{"data":"Chaos","floor":45.0,"key":"SMITH"},{"floor":49.0,"key":"RECALL"}],"circlet_count":0,"master_deck":["AscendersBane","Strike_B","Strike_B","Defend_B","Defend_B","Defend_B","Defend_B","Zap","Dualcast","Core Surge","Go for the Eyes","Beam Cell+1","Ball Lightning","Static Discharge+1","Chill","Seek+1","Hologram","Ball Lightning","Reboot","Ghostly+1","Ghostly+1","Ghostly","Genetic Algorithm","Static Discharge","Conserve Battery","Beam Cell","Beam Cell","Seek","Hologram","Beam Cell+1","Compile Driver","Fusion","Stack","Chaos+1","Coolheaded","Lockon","Trip","Master of Strategy","Dark Shackles","Steam+1","Cold Snap"],"relics":["Cracked Core","Toy Ornithopter","Incense Burner","Letter Opener","OrangePellets","Bottled Flame","Busted Crown","Symbiotic Virus","Shuriken","CeramicFish","Potion Belt","Blue Candle","Prayer Wheel","SacredBark","TungstenRod","Orrery","Dream Catcher","Oddly Smooth Stone","DataDisk"],"acts_visited":["Exordium","TheCity","TheBeyond"],"potions_floor_usage":[50,50,50],"damage_taken":[{"damage":1.0,"enemies":"Cultist","floor":1.0,"turns":3.0},{"damage":0.0,"enemies":"2 Louse","floor":3.0,"turns":2.0},{"damage":0.0,"enemies":"Small Slimes","floor":5.0,"turns":3.0},{"damage":25.0,"enemies":"Lagavulin","floor":6.0,"turns":7.0},{"damage":7.0,"enemies":"Blue Slaver","floor":7.0,"turns":3.0},{"damage":6.0,"enemies":"Gremlin Nob","floor":8.0,"turns":3.0},{"damage":0.0,"enemies":"3 Louse","floor":11.0,"turns":3.0},{"damage":10.0,"enemies":"Lagavulin","floor":13.0,"turns":5.0},{"damage":10.0,"enemies":"Exordium Wildlife","floor":14.0,"turns":3.0},{"damage":6.0,"enemies":"Hexaghost","floor":16.0,"turns":5.0},{"damage":22.0,"enemies":"2 Thieves","floor":18.0,"turns":3.0},{"damage":3.0,"enemies":"3 Byrds","floor":21.0,"turns":3.0},{"damage":4.0,"enemies":"Slavers","floor":23.0,"turns":3.0},{"damage":3.0,"enemies":"Book of Stabbing","floor":25.0,"turns":6.0},{"damage":2.0,"enemies":"3 Cultists","floor":27.0,"turns":4.0},{"damage":6.0,"enemies":"Centurion and Healer","floor":28.0,"turns":6.0},{"damage":3.0,"enemies":"Slavers","floor":30.0,"turns":6.0},{"damage":4.0,"enemies":"Chosen and Byrds","floor":31.0,"turns":4.0},{"damage":6.0,"enemies":"Automaton","floor":33.0,"turns":8.0},{"damage":6.0,"enemies":"3 Darklings","floor":35.0,"turns":3.0},{"damage":34.0,"enemies":"2 Orb Walkers","floor":37.0,"turns":5.0},{"damage":0.0,"enemies":"Orb Walker","floor":38.0,"turns":3.0},{"damage":0.0,"enemies":"Giant Head","floor":40.0,"turns":7.0},{"damage":0.0,"enemies":"Nemesis","floor":42.0,"turns":7.0},{"damage":9.0,"enemies":"Reptomancer","floor":46.0,"turns":5.0},{"damage":5.0,"enemies":"3 Darklings","floor":47.0,"turns":6.0},{"damage":0.0,"enemies":"4 Shapes","floor":48.0,"turns":6.0},{"damage":18,"enemies":"Donu and Deca","floor":50,"turns":9}],"seed_played":"-8893192198498565796","potions_obtained":[{"floor":7.0,"key":"FocusPotion"},{"floor":11.0,"key":"DistilledChaos"},{"floor":14.0,"key":"FocusPotion"},{"floor":21.0,"key":"Dexterity Potion"},{"floor":27.0,"key":"Fruit Juice"},{"floor":28.0,"key":"GamblersBrew"},{"floor":35.0,"key":"BlessingOfTheForge"},{"floor":40.0,"key":"SpeedPotion"},{"floor":42.0,"key":"GamblersBrew"},{"floor":47.0,"key":"CultistPotion"},{"floor":48.0,"key":"Weak Potion"}],"is_trial":false,"path_per_floor":["M","?","M","?","M","E","M","E","T","R","M","$","E","M","R","B",null,"M","?","?","M","$","E","R","E","T","M","M","?","E","M","R","B",null,"M","?","?","M","$","E","R","E","T","?","R","E","M","M","R","B"],"character_chosen":"DEFECT","items_purchased":["OrangePellets","Strength Potion","Genetic Algorithm","Orrery","Coolheaded","SkillPotion","SteroidPotion"],"campfire_rested":0,"item_purchase_floors":[12,12,22,39,39,39,39],"current_hp_per_floor":[63,63,63,63,63,38,31,30,30,30,30,30,20,15,15,14,57,35,35,35,32,32,28,28,30,30,28,22,22,24,20,20,19,31,25,25,6,6,6,11,11,16,16,7,7,8,3,3,3,0,0],"gold":250,"neow_bonus":"ONE_RANDOM_RARE_CARD","is_daily":false,"chose_seed":false,"campfire_upgraded":6,"win_rate":0.0,"timestamp":1608711504,"path_taken":["M","?","?","?","M","E","M","E","T","R","?","$","E","M","R","BOSS","M","?","?","M","?","E","R","E","T","?","M","?","E","M","R","BOSS","M","?","?","M","$","E","R","E","T","?","R","E","?","M","R","BOSS"],"items_purchased_type":["Relic","Potion","Card","Relic","Card","Potion","Potion"],"build_version":"2020-12-22","purchased_purges":1,"victory":false,"max_hp_per_floor":[71,71,71,71,71,71,71,71,71,71,71,71,71,71,71,71,71,71,35,35,35,35,35,35,35,35,35,35,35,35,35,35,35,35,35,35,45,45,45,45,45,45,45,45,45,45,45,45,45,45,45],"relic_stats":{"OrangePellets":[2],"Dream Catcher":0,"Busted Crown":60,"counters":[28,131],"Shuriken":[23],"CeramicFish":153,"Blue Candle":[2],"Prayer Wheel":5,"Letter Opener":[361],"obtain_stats":[{"Potion Belt":26,"CeramicFish":25,"Blue Candle":29,"SacredBark":34,"Oddly Smooth Stone":42,"Incense Burner":8,"Letter Opener":9,"OrangePellets":12,"Bottled Flame":13,"Dream Catcher":40,"DataDisk":46,"Busted Crown":17,"Shuriken":23,"Orrery":39,"Prayer Wheel":30,"Cracked Core":0,"Symbiotic Virus":20,"Toy Ornithopter":6,"TungstenRod":37},{"Potion Belt":14,"CeramicFish":14,"Blue Candle":16,"SacredBark":19,"Oddly Smooth Stone":24,"Incense Burner":6,"Letter Opener":6,"OrangePellets":7,"Bottled Flame":8,"Dream Catcher":23,"DataDisk":25,"Busted Crown":10,"Shuriken":13,"Orrery":22,"Prayer Wheel":17,"Cracked Core":0,"Symbiotic Virus":11,"Toy Ornithopter":4,"TungstenRod":21},{"Potion Belt":52,"CeramicFish":52,"Blue Candle":62,"SacredBark":80,"Oddly Smooth Stone":105,"Incense Burner":21,"Letter Opener":21,"OrangePellets":24,"Bottled Flame":29,"Dream Catcher":98,"DataDisk":110,"Busted Crown":37,"Shuriken":46,"Orrery":91,"Prayer Wheel":68,"Cracked Core":0,"Symbiotic Virus":40,"Toy Ornithopter":15,"TungstenRod":88}],"Toy Ornithopter":70,"TungstenRod":23},"card_choices":[{"not_picked":["Conserve Battery","Aggregate"],"picked":"Go for the Eyes","floor":1.0},{"not_picked":["Leap","Blizzard"],"picked":"Beam Cell","floor":3.0},{"not_picked":["Gash","Reprogram","Coolheaded"],"picked":"SKIP","floor":5.0},{"not_picked":["Stack","Sweeping Beam"],"picked":"Ball Lightning","floor":6.0},{"not_picked":["Tempest","Sweeping Beam"],"picked":"Static Discharge","floor":7.0},{"not_picked":["Heatsinks","Redo"],"picked":"Chill","floor":8.0},{"not_picked":["Leap","Scrape"],"picked":"Seek","floor":11.0},{"not_picked":["Rebound","Turbo"],"picked":"Hologram","floor":13.0},{"not_picked":["Sweeping Beam","Rebound"],"picked":"Ball Lightning","floor":14.0},{"not_picked":["Multi-Cast","Amplify"],"picked":"Reboot","floor":16.0},{"not_picked":["Beam Cell"],"picked":"SKIP","floor":18.0},{"not_picked":["Redo"],"picked":"SKIP","floor":21.0},{"not_picked":[],"picked":"Static Discharge","floor":23.0},{"not_picked":["Barrage"],"picked":"SKIP","floor":25.0},{"not_picked":[],"picked":"Conserve Battery","floor":27.0},{"not_picked":["Barrage+1"],"picked":"SKIP","floor":28.0},{"not_picked":["Hello World"],"picked":"SKIP","floor":30.0},{"not_picked":[],"picked":"Beam Cell","floor":31.0},{"not_picked":[],"picked":"Beam Cell","floor":31.0},{"not_picked":[],"picked":"Seek","floor":33.0},{"not_picked":[],"picked":"Hologram","floor":35.0},{"not_picked":[],"picked":"Beam Cell+1","floor":35.0},{"not_picked":[],"picked":"Compile Driver","floor":37.0},{"not_picked":[],"picked":"Fusion","floor":38.0},{"not_picked":["Beam Cell"],"picked":"SKIP","floor":38.0},{"not_picked":[],"picked":"Stack","floor":39.0},{"not_picked":[],"picked":"Chaos","floor":39.0},{"not_picked":["Darkness+1"],"picked":"SKIP","floor":40.0},{"not_picked":[],"picked":"Lockon","floor":42.0},{"not_picked":[],"picked":"Trip","floor":44.0},{"not_picked":[],"picked":"Master of Strategy","floor":44.0},{"not_picked":[],"picked":"Dark Shackles","floor":44.0},{"not_picked":["Gash"],"picked":"SKIP","floor":46.0},{"not_picked":[],"picked":"Steam+1","floor":47.0},{"not_picked":["Sunder"],"picked":"SKIP","floor":47.0},{"not_picked":[],"picked":"Cold Snap","floor":48.0},{"not_picked":["Rebound"],"picked":"SKIP","floor":48.0}],"player_experience":1096791,"relics_obtained":[{"floor":6.0,"key":"Toy Ornithopter"},{"floor":8.0,"key":"Incense Burner"},{"floor":9.0,"key":"Letter Opener"},{"floor":13.0,"key":"Bottled Flame"},{"floor":23.0,"key":"Shuriken"},{"floor":25.0,"key":"CeramicFish"},{"floor":26.0,"key":"Potion Belt"},{"floor":30.0,"key":"Prayer Wheel"},{"floor":37.0,"key":"TungstenRod"},{"floor":40.0,"key":"Dream Catcher"},{"floor":42.0,"key":"Oddly Smooth Stone"},{"floor":46.0,"key":"DataDisk"}],"event_choices":[{"cards_removed":["Strike_B"],"damage_healed":0.0,"max_hp_gain":0.0,"max_hp_loss":0.0,"gold_gain":0.0,"event_name":"Purifier","player_choice":"Purged","floor":2.0,"gold_loss":0.0,"damage_taken":0.0},{"cards_removed":["Strike_B"],"damage_healed":0.0,"max_hp_gain":0.0,"max_hp_loss":0.0,"gold_gain":0.0,"event_name":"Bonfire Elementals","player_choice":"Offered Basic","floor":4.0,"gold_loss":0.0,"damage_taken":0.0},{"damage_healed":0.0,"max_hp_gain":0.0,"max_hp_loss":36.0,"gold_gain":0.0,"event_name":"Ghosts","player_choice":"Became a Ghost","floor":19.0,"gold_loss":0.0,"damage_taken":0.0,"cards_obtained":["Ghostly","Ghostly","Ghostly"]},{"damage_healed":0.0,"max_hp_gain":0.0,"max_hp_loss":0.0,"gold_gain":0.0,"event_name":"The Mausoleum","player_choice":"Opened","floor":20.0,"gold_loss":0.0,"damage_taken":0.0,"relics_obtained":["Symbiotic Virus"],"cards_obtained":["Writhe"]},{"damage_healed":0.0,"max_hp_gain":0.0,"max_hp_loss":0.0,"gold_gain":0.0,"event_name":"Addict","player_choice":"Obtained Relic","floor":29.0,"gold_loss":85.0,"damage_taken":0.0,"relics_obtained":["Blue Candle"]},{"damage_healed":0.0,"max_hp_gain":0.0,"max_hp_loss":0.0,"gold_gain":0.0,"event_name":"Tomb of Lord Red Mask","player_choice":"Ignored","floor":36.0,"gold_loss":0.0,"damage_taken":0.0},{"damage_healed":0.0,"max_hp_gain":0.0,"max_hp_loss":0.0,"gold_gain":0.0,"event_name":"Mysterious Sphere","player_choice":"Fight","floor":37.0,"gold_loss":0.0,"damage_taken":0.0},{"damage_healed":0.0,"max_hp_gain":0.0,"max_hp_loss":0.0,"gold_gain":0.0,"event_name":"SensoryStone","player_choice":"Memory 3","floor":44.0,"gold_loss":0.0,"damage_taken":10.0}],"is_beta":false,"boss_relics":[{"not_picked":["Runic Dome","Velvet Choker"],"picked":"Busted Crown"},{"not_picked":["FrozenCore","Pandora\u0027s Box"],"picked":"SacredBark"}],"items_purged_floors":[22],"is_endless":false,"potions_floor_spawned":[7,11,13,14,21,23,27,28,35,40,42,47,48],"killed_by":"Donu and Deca","ascension_level":20}}