{"host":"00tqcjwpycel7e54","time":1608701259,"event":{"mods":["ATMod(阿瑾Mod)","BaseMod","Colored Powertips","Displayed Cursed Tome","Downfall","Hermit","Highlight Path","KomeijiMod","Luminous","Marisa（F雨　魔理沙）","Minty Spire (QoL Compilation)","Remilia（蕾米莉亚）","Replay The Spire","Robot Space Explorer","Shop Mod","Spicy Shops","StSLib","The Administrix","The Bug Knight","The Cursed","The Dragon Tamer","The Gatherer","The Hierophant","The Runesmith","The Senshi","The Servant 0.9.4","WarShipGirlsR/战舰少女R mod","Youmu（魂魄妖梦）","Yuyuko","【东方二次创作】八云紫mod","【遗物卡牌】REMEMod"],"gold_per_floor":[111,111,121,121,131,165,179,179,203,229,242,270,319,100,100,172,172,189,189,204,224,139,173,173,173,241,252,13,13,213,242,242,319,319,333,348,41,41,60,60,80,112,112,137,137,137,165,183,183,183],"floor_reached":51,"playtime":4581,"items_purged":["Pain","AT_ArcaneSupremacy"],"score":1843,"play_id":"67eed18b-7a66-4006-8122-7e9d7213f9f8","local_time":"20201223132739","is_ascension_mode":true,"campfire_choices":[{"floor":8.0,"key":"REST"},{"floor":15.0,"key":"REST"},{"data":"Apotheosis","floor":24.0,"key":"SMITH"},{"data":"REME_PuzzleBox","floor":32.0,"key":"SMITH"},{"data":"Accuracy","floor":40.0,"key":"SMITH"},{"floor":46,"key":"REST"},{"floor":49,"key":"REST"}],"circlet_count":0,"master_deck":["AscendersBane","Strike_G+1","Strike_G","Strike_G","Defend_G+1","Defend_G","Defend_G","Defend_G","Defend_G","Survivor","Neutralize","AT_ManFootWork","Accuracy+1","expansioncontent:DashGenerateEvil+1","Cloak And Dagger","Calculated Gamble","Blade Dance","Acrobatics","REME_BodyOfCthun","Terror","Apotheosis+1","REME_PuzzleBox+1","Blade Dance","Master of Strategy","Infinite Blades","Replay:Bag of Tricks","AT_EssenceShift","Blade Dance","expansioncontent:QuickStudy","Eviscerate","Leg Sweep+1"],"relics":["AT_ATBox","REME_ComplimentaryCards","REME_LowDesire","Lantern","Anchor","WarpedTongs","Vajra","Ancient Tea Set","Centennial Puzzle","Regal Pillow","ReplayTheSpireMod:ShopPack","Cursed Key","Juzu Bracelet","Replay:Bottled Flurry","Gremlin Horn","Bag of Marbles","Omamori","Iron Hammer","Snecko Eye","AT_SpeedBoots","theSenshi:FeatherClipsRelic","Simple Rune","Onion Ring"],"acts_visited":["TheCity","TheBeyond"],"potions_floor_usage":[50],"damage_taken":[{"damage":0.0,"enemies":"Small Slimes","floor":1.0,"turns":5.0},{"damage":3.0,"enemies":"Cultist","floor":3.0,"turns":5.0},{"damage":2.0,"enemies":"2 Louse","floor":5.0,"turns":4.0},{"damage":35.0,"enemies":"HollowMod:MossKnight","floor":6.0,"turns":14.0},{"damage":7.0,"enemies":"Exordium Thugs","floor":7.0,"turns":4.0},{"damage":8.0,"enemies":"Gremlin Nob","floor":10.0,"turns":3.0},{"damage":6.0,"enemies":"Large Slime","floor":11.0,"turns":5.0},{"damage":12.0,"enemies":"3 Sentries","floor":12.0,"turns":6.0},{"damage":1.0,"enemies":"Blue Slaver","floor":13.0,"turns":4.0},{"damage":0.0,"enemies":"Slime Boss","floor":16.0,"turns":6.0},{"damage":1.0,"enemies":"3 Byrds","floor":18.0,"turns":5.0},{"damage":0.0,"enemies":"Centurion and Healer","floor":20.0,"turns":6.0},{"damage":0.0,"enemies":"Snecko","floor":21.0,"turns":4.0},{"damage":0.0,"enemies":"Book of Stabbing","floor":23.0,"turns":3.0},{"damage":0.0,"enemies":"Cultist and Chosen","floor":27.0,"turns":3.0},{"damage":5.0,"enemies":"Gremlin Leader","floor":31.0,"turns":1.0},{"damage":13.0,"enemies":"Automaton","floor":33.0,"turns":5.0},{"damage":0.0,"enemies":"3 Shapes","floor":35.0,"turns":3.0},{"damage":11.0,"enemies":"3 Darklings","floor":36.0,"turns":3.0},{"damage":6.0,"enemies":"Writhing Mass","floor":39.0,"turns":4.0},{"damage":10.0,"enemies":"Spire Growth","floor":41.0,"turns":3.0},{"damage":5.0,"enemies":"Reptomancer","floor":42.0,"turns":2.0},{"damage":5.0,"enemies":"Nemesis","floor":44.0,"turns":3.0},{"damage":27,"enemies":"R_Hoarder","floor":47,"turns":3},{"damage":0,"enemies":"3 Darklings","floor":48,"turns":1},{"damage":0,"enemies":"Awakened One","floor":50,"turns":4}],"seed_played":"121169846883729151","potions_obtained":[{"floor":1.0,"key":"Ancient Potion"},{"floor":3.0,"key":"FearPotion"},{"floor":7.0,"key":"Fire Potion"},{"floor":10.0,"key":"Block Potion"},{"floor":12.0,"key":"REME_GoldPotion"},{"floor":23.0,"key":"SkillPotion"},{"floor":27.0,"key":"Milkshake"},{"floor":31.0,"key":"DuplicationPotion"}],"is_trial":false,"path_per_floor":["M","?","M","?","M","E","M","R","T","E","M","E","M","$","R","B",null,"M","?","M","M","$","E","R","?","T","M","$","?","?","E","R","B",null,"M","M","$","?","M","R","M","E","T","E","?","R","E","M","R","B",null],"character_chosen":"THE_SILENT","items_purchased":["ReplayTheSpireMod:ShopPack","Juzu Bracelet","Bag of Marbles","Omamori","expansioncontent:QuickStudy"],"campfire_rested":4,"item_purchase_floors":[14,22,28,28,37],"current_hp_per_floor":[59,59,56,56,54,19,12,31,31,23,17,5,4,4,38,38,59,60,60,60,60,60,65,65,65,65,68,68,68,68,63,63,52,65,65,54,54,54,48,48,48,48,48,49,39,69,48,54,69,69],"gold":183,"neow_bonus":"BOSS_RELIC","is_daily":false,"chose_seed":false,"campfire_upgraded":3,"win_rate":0.0,"timestamp":1608701259,"path_taken":["M","?","?","?","M","E","?","R","T","E","M","E","M","$","R","BOSS","M","?","M","M","?","E","R","?","T","M","$","?","?","E","R","BOSS","M","M","$","?","M","R","M","E","T","E","?","R","E","M","R","BOSS"],"items_purchased_type":["Relic","Relic","Relic","Relic","Card"],"build_version":"2020-12-22","purchased_purges":2,"victory":true,"max_hp_per_floor":[66,66,66,66,66,66,66,66,66,66,66,66,66,66,66,66,66,66,66,66,66,66,66,66,66,66,69,69,69,69,69,69,69,69,69,69,69,69,69,69,69,69,69,69,69,69,69,69,69,69],"card_choices":[{"not_picked":["Dagger Throw","Riddle With Holes","Deep Breath"],"picked":"Accuracy","floor":1.0},{"not_picked":["Deflect","Flying Knee","Fluid Movement"],"picked":"expansioncontent:DashGenerateEvil","floor":3.0},{"not_picked":["ReplayTheSpireMod:Exploit Weakness","Outmaneuver","expansioncontent:Corrupt"],"picked":"Cloak And Dagger","floor":5.0},{"not_picked":["AT_KneejerkReflex","AT_WindFlip","Trip"],"picked":"Calculated Gamble","floor":6.0},{"not_picked":["ReplayTheSpireMod:Tripwire","Eviscerate","expansioncontent:Collect"],"picked":"Blade Dance","floor":7.0},{"not_picked":["Noxious Fumes","PiercingWail","ReplayTheSpireMod:Trickstab"],"picked":"Acrobatics","floor":10.0},{"not_picked":["Outmaneuver","Dagger Throw","Catalyst"],"picked":"REME_BodyOfCthun","floor":11.0},{"not_picked":["Quick Slash","REME_ShadowStrike","Replay:Sssssssssshield"],"picked":"Terror","floor":12.0},{"not_picked":["Distraction","Poisoned Stab","Sucker Punch","Finesse"],"picked":"SKIP","floor":13.0},{"not_picked":["expansioncontent:QuickStudy","AT_EmpoweredMortalDraw","Sadistic Nature"],"picked":"Apotheosis","floor":14.0},{"not_picked":["expansioncontent:DonusPower","Apotheosis","Poisoned Strike"],"picked":"REME_PuzzleBox","floor":14.0},{"not_picked":["Burst","Atom Bomb","Replay:SS_hec_1"],"picked":"AT_ArcaneSupremacy","floor":16.0},{"not_picked":["PiercingWail","Footwork","Replay:SS_hec_4"],"picked":"Blade Dance","floor":18.0},{"not_picked":["Flying Knee","ReplayTheSpireMod:The Works","Sucker Punch"],"picked":"Master of Strategy","floor":20.0},{"not_picked":["Prepared+1","Replay:Poison Smokescreen","Fluid Movement","Trip"],"picked":"SKIP","floor":21.0},{"not_picked":["AT_WindFlip+1","Calculated Gamble","Flash of Steel"],"picked":"Infinite Blades","floor":23.0},{"not_picked":["Hidden Blade","Concentrate","Deadly Poison","Impatience"],"picked":"SKIP","floor":27.0},{"not_picked":["Concentrate+1","Bane+1","expansioncontent:ManipulateTime"],"picked":"Replay:Bag of Tricks","floor":31.0},{"not_picked":["REME_ShadowForm","Corpse Explosion","expansioncontent:PrepareCrush"],"picked":"AT_EssenceShift","floor":33.0},{"not_picked":["Backstab","Dodge and Roll+1","Quick Slash","expansioncontent:DonusPower"],"picked":"SKIP","floor":35.0},{"not_picked":["Backstab","Dodge and Roll+1","Quick Slash","expansioncontent:DonusPower"],"picked":"SKIP","floor":35.0},{"not_picked":["Bane","Terror","expansioncontent:Flail"],"picked":"Blade Dance","floor":36.0},{"not_picked":["Quick Slash+1","Dodge and Roll","Hidden Blade","Mind Blast"],"picked":"SKIP","floor":39.0},{"not_picked":["Slice+1","Outmaneuver","Flying Knee+1","expansioncontent:AwakenDeath"],"picked":"SKIP","floor":41.0},{"not_picked":["Terror","Dagger Throw+1","Mind Blast+1"],"picked":"Eviscerate","floor":42.0},{"not_picked":["Sucker Punch+1","Dagger Spray+1","Flying Knee+1","Dark Shackles+1"],"picked":"SKIP","floor":44.0},{"not_picked":["Toxin Wave+1","AT_WomanClash","Underhanded Strike","expansioncontent:DashGenerateEvil"],"picked":"SKIP","floor":47},{"not_picked":["Prepared","Poisoned Stab","ReplayTheSpireMod:Private Reserves+1"],"picked":"Leg Sweep+1","floor":48}],"player_experience":693514,"relics_obtained":[{"floor":0.0,"key":"Lantern"},{"floor":0.0,"key":"Anchor"},{"floor":6.0,"key":"Vajra"},{"floor":9.0,"key":"Ancient Tea Set"},{"floor":10.0,"key":"Centennial Puzzle"},{"floor":12.0,"key":"Regal Pillow"},{"floor":23.0,"key":"Replay:Bottled Flurry"},{"floor":26.0,"key":"Gremlin Horn"},{"floor":31.0,"key":"Iron Hammer"},{"floor":42.0,"key":"AT_SpeedBoots"},{"floor":43.0,"key":"theSenshi:FeatherClipsRelic"},{"floor":44.0,"key":"Simple Rune"},{"floor":47,"key":"Onion Ring"}],"event_choices":[{"damage_healed":0.0,"max_hp_gain":0.0,"max_hp_loss":0.0,"gold_gain":0.0,"event_name":"Accursed Blacksmith","player_choice":"Rummage","floor":2.0,"gold_loss":0.0,"damage_taken":0.0,"relics_obtained":["WarpedTongs"],"cards_obtained":["Pain"]},{"damage_healed":0.0,"max_hp_gain":0.0,"max_hp_loss":0.0,"gold_gain":0.0,"event_name":"Upgrade Shrine","player_choice":"Upgraded","floor":4.0,"gold_loss":0.0,"damage_taken":0.0,"cards_upgraded":["expansioncontent:DashGenerateEvil"]},{"cards_removed":["Strike_G"],"damage_healed":0.0,"max_hp_gain":0.0,"max_hp_loss":0.0,"gold_gain":0.0,"event_name":"Purifier","player_choice":"Purged","floor":19.0,"gold_loss":0.0,"damage_taken":0.0},{"cards_removed":["Strike_G"],"damage_healed":0.0,"max_hp_gain":0.0,"max_hp_loss":0.0,"gold_gain":0.0,"event_name":"Back to Basics","player_choice":"Elegance","floor":25.0,"gold_loss":0.0,"damage_taken":0.0},{"damage_healed":0.0,"max_hp_gain":0.0,"max_hp_loss":0.0,"gold_gain":200.0,"event_name":"Wheel of Change","player_choice":"Gold","floor":30.0,"gold_loss":0.0,"damage_taken":0.0},{"damage_healed":0,"gold_gain":0,"player_choice":"Damaged","damage_taken":10,"max_hp_gain":0,"max_hp_loss":0,"event_name":"Wheel of Change","floor":45,"gold_loss":0}],"is_beta":false,"boss_relics":[{"not_picked":["Ring of Chaos","Coffee Dripper"],"picked":"Cursed Key"},{"not_picked":["ReplayTheSpireMod:DimensionalGlitch","REME_ChargedStone"],"picked":"Snecko Eye"}],"items_purged_floors":[14,37],"is_endless":false,"potions_floor_spawned":[1,3,7,10,12,23,27,31,35,41,42],"ascension_level":18}}