{"host":"1c52r9kaxdyo25eq","time":1608756619,"event":{"mods":["AchievementEnabler","BaseMod","Minty Spire (QoL Compilation)","Rare Cards Sparkle","SuperFastMode","everything is the same but u backflip on backflip"],"gold_per_floor":[19,19,19,19,19,19,40,63,145,10,10,10,23,67,67,198,198,219,244,244,244],"floor_reached":20,"playtime":343,"items_purged":[],"score":232,"play_id":"610f9c35-ba33-4dcc-861d-1288a17493bc","local_time":"20201224055019","is_ascension_mode":true,"campfire_choices":[{"data":"Pummel","floor":6,"key":"SMITH"},{"data":"Limit Break","floor":12,"key":"SMITH"},{"floor":15,"key":"REST"}],"circlet_count":0,"master_deck":["Bash","Pummel+1","Bloodletting","Inflame","Shockwave","Limit Break+1","Limit Break","Rage","Shrug It Off","Demon Form","Sword Boomerang","Hemokinesis","Pummel","Dark Embrace"],"relics":["Burning Blood","Golden Idol","Gremlin Horn","Paper Frog","Incense Burner","Pandora\u0027s Box"],"acts_visited":["Exordium","TheCity"],"potions_floor_usage":[16,20],"damage_taken":[{"damage":7,"enemies":"Small Slimes","floor":1,"turns":3},{"damage":7,"enemies":"Jaw Worm","floor":7,"turns":3},{"damage":0,"enemies":"Cultist","floor":8,"turns":2},{"damage":7,"enemies":"Red Slaver","floor":13,"turns":2},{"damage":34,"enemies":"Gremlin Nob","floor":14,"turns":4},{"damage":23,"enemies":"Slime Boss","floor":16,"turns":7},{"damage":33,"enemies":"Shell Parasite","floor":18,"turns":5},{"damage":37,"enemies":"3 Byrds","floor":19,"turns":5},{"damage":0,"enemies":"3 Cultists","floor":20,"turns":2}],"seed_played":"-2269024476791488893","potions_obtained":[{"floor":8,"key":"Dexterity Potion"},{"floor":13,"key":"ElixirPotion"},{"floor":19,"key":"FearPotion"}],"is_trial":false,"path_per_floor":["M","?","?","T","$","R","M","M","T","$","$","R","M","E","R","B",null,"M","M","M"],"character_chosen":"IRONCLAD","items_purchased":["Limit Break"],"campfire_rested":1,"item_purchase_floors":[10],"current_hp_per_floor":[71,51,35,35,35,35,34,40,40,40,40,40,39,11,35,18,65,38,7,7,7],"gold":244,"neow_bonus":"TRANSFORM_TWO_CARDS","is_daily":false,"chose_seed":false,"campfire_upgraded":2,"win_rate":0.0,"timestamp":1608756619,"path_taken":["M","?","?","?","$","R","?","M","T","?","$","R","M","E","R","BOSS","M","M","M"],"items_purchased_type":["Card"],"build_version":"2020-12-22","purchased_purges":0,"victory":false,"max_hp_per_floor":[80,80,80,80,80,80,80,80,80,80,80,80,80,80,80,80,80,80,80,80,80],"card_choices":[{"not_picked":["Clothesline","Havoc","Flame Barrier"],"picked":"SKIP","floor":1},{"not_picked":["Bloodletting","Shrug It Off"],"picked":"Inflame","floor":7},{"not_picked":["Thunderclap","Sword Boomerang"],"picked":"Shockwave","floor":8},{"not_picked":["Intimidate","Inflame","Sever Soul"],"picked":"SKIP","floor":13},{"not_picked":["Anger","Inflame","Uppercut"],"picked":"SKIP","floor":14},{"not_picked":["Reaper","Barricade"],"picked":"Limit Break","floor":16},{"not_picked":["Headbutt+1","Rupture","Twin Strike"],"picked":"SKIP","floor":18},{"not_picked":["Flame Barrier","Pummel","Thunderclap"],"picked":"SKIP","floor":19}],"player_experience":514604,"relics_obtained":[{"floor":4,"key":"Gremlin Horn"},{"floor":9,"key":"Paper Frog"},{"floor":14,"key":"Incense Burner"}],"event_choices":[{"damage_healed":0,"gold_gain":0,"player_choice":"Take Damage","damage_taken":20,"relics_obtained":["Golden Idol"],"max_hp_gain":0,"max_hp_loss":0,"event_name":"Golden Idol","floor":2,"gold_loss":0},{"damage_healed":0,"gold_gain":0,"player_choice":"Entered Light","damage_taken":16,"max_hp_gain":0,"max_hp_loss":0,"event_name":"Shining Light","floor":3,"gold_loss":0,"cards_upgraded":["Strike_R","Defend_R"]}],"is_beta":false,"boss_relics":[{"not_picked":["SlaversCollar","Snecko Eye"],"picked":"Pandora\u0027s Box"}],"items_purged_floors":[],"is_endless":false,"potions_floor_spawned":[8,13,19],"killed_by":"3 Cultists","ascension_level":7}}