{"host":"i3w38rq1z4slkels","time":1608739457,"event":{"mods":["2.2 Compatiblity","Act Like it!","BaseMod","Better Match","Better Vampires","BetterRewards","Conspire","Downfall","Hallownest","Infinite Spire","Minty Spire (QoL Compilation)","Rare Cards Sparkle","Replay The Spire","StSLib","The Bug Knight"],"gold_per_floor":[99,99,99,99,99,127,151,151,76,93,105,120,120,131,141,245,245,245,245,345,345,357,392,447,465,485,518,536,461,461,478,488,585,585,585,595,612,279,290,316,316,341,341,358,372,297,114,132,150,250,250,250,264,279,279,299,399,423,423,435,465,465,483,483,509,529,624,624,624,643,743,743,755,755,781,781,781,798,249,265,284,310,320,424,424,424,434,448,448,465,465,497,497,497,514,514,547,558,171,186,186,186,186],"floor_reached":101,"playtime":5777,"items_purged":["Guardian:CrystalBeam","Guardian:Strike_Guardian","Pain"],"score":2323,"play_id":"9ca01661-721b-4478-be42-ca411308b1a8","local_time":"20201223230417","is_ascension_mode":true,"campfire_choices":[{"floor":1,"key":"RECALL"},{"data":"Guardian:CurlUp","floor":9,"key":"SMITH"},{"data":"Guardian:TwinSlam","floor":13,"key":"SMITH"},{"data":"Guardian:ArmoredProtocol","floor":18,"key":"SMITH"},{"data":"Guardian:VentSteam","floor":29,"key":"SMITH"},{"data":"Guardian:AncientConstruct","floor":35,"key":"SMITH"},{"floor":46,"key":"REST"},{"data":"Guardian:SphericShield","floor":52,"key":"SMITH"},{"data":"Guardian:PrimingBeam","floor":59,"key":"SMITH"},{"data":"Guardian:Strike_Guardian","floor":62,"key":"SMITH"},{"data":"Guardian:Strike_Guardian","floor":64,"key":"SMITH"},{"data":"Guardian:Defend_Guardian","floor":69,"key":"SMITH"},{"floor":74,"key":"REST"},{"data":"Guardian:PrismaticBeam","floor":76,"key":"SMITH"},{"floor":86,"key":"DIG"},{"floor":96,"key":"REST"}],"circlet_count":0,"master_deck":["Guardian:Strike_Guardian+1","Guardian:Strike_Guardian+1","Guardian:Defend_Guardian","Guardian:Defend_Guardian+1","Guardian:CurlUp+1","Guardian:TwinSlam+1","Guardian:VentSteam+1","Guardian:AncientConstruct+1","Guardian:PolyBeam+1","Guardian:StasisStrike+1","Guardian:PrismaticBarrier+1","Guardian:SphericShield+1","Guardian:ArmoredProtocol+1","Guardian:PrimingBeam+1","infinitespire:SealOfDarkness+","Guardian:PrismaticBeam+1","RitualDagger+1","infinitespire:UltimateForm","Guardian:ExploitGems","infinitespire:FutureSight","Guardian:GatlingBeam"],"relics":["Guardian:ModeShifter","downfall:HeartsMalice","InkBottle","downfall:HeartBlessingRed","conspire:SpecialSausage","Ring of Fury","Mango","Shuriken","Meat on the Bone","Pen Nib","downfall:HeartBlessingGreen","downfall:RedIOU","SlaversCollar","conspire:Flyswatter","TungstenRod","downfall:HeartBlessingBlue","StrikeDummy","DollysMirror","Busted Crown","Replay:Ringing Soul","Replay:Wax Seal","Empty Cage","Prayer Wheel","Mercury Hourglass","Boot","Guardian:GemstoneGun","Garlic","conspire:GiftBox","BargainBundle","infinitespire:Broken Mirror","conspire:TreasureMap"],"acts_visited":["Exordium","TheCity","TheBeyond","Exordium","TheCity","TheBeyond"],"potions_floor_usage":[12,15,16,16,22,23,23,28,33,39,42,44,47,49,57,63,71,82,84,87,90,92,100],"damage_taken":[{"damage":0,"enemies":"Cultist","floor":3,"turns":1},{"damage":0,"enemies":"Gremlin Nob","floor":6,"turns":1},{"damage":0,"enemies":"2 Louse","floor":8,"turns":1},{"damage":0,"enemies":"Small Slimes","floor":10,"turns":2},{"damage":1,"enemies":"Exordium Thugs","floor":11,"turns":3},{"damage":7,"enemies":"Exordium Wildlife","floor":12,"turns":2},{"damage":0,"enemies":"2 Fungi Beasts","floor":14,"turns":2},{"damage":0,"enemies":"3 Louse","floor":15,"turns":2},{"damage":36,"enemies":"downfall:Ironclad","floor":16,"turns":9},{"damage":13,"enemies":"downfall:Defect","floor":20,"turns":5},{"damage":0,"enemies":"3 Byrds","floor":22,"turns":3},{"damage":35,"enemies":"Gremlin Leader","floor":23,"turns":4},{"damage":10,"enemies":"Snake Plant","floor":25,"turns":3},{"damage":0,"enemies":"3 Cultists","floor":26,"turns":4},{"damage":9,"enemies":"HollowMod:Nosk","floor":27,"turns":6},{"damage":8,"enemies":"Shelled Parasite and Fungi","floor":28,"turns":2},{"damage":3,"enemies":"Centurion and Healer","floor":31,"turns":3},{"damage":0,"enemies":"3 Cultists","floor":32,"turns":4},{"damage":13,"enemies":"downfall:Watcher","floor":33,"turns":5},{"damage":3,"enemies":"Orb Walker","floor":36,"turns":2},{"damage":1,"enemies":"3 Shapes","floor":37,"turns":3},{"damage":21,"enemies":"3 Darklings","floor":39,"turns":4},{"damage":40,"enemies":"Nightmare","floor":42,"turns":6},{"damage":16,"enemies":"Sphere and 2 Shapes","floor":44,"turns":5},{"damage":26,"enemies":"Maw","floor":45,"turns":6},{"damage":0,"enemies":"downfall:FleeingMerchant","floor":47,"turns":4},{"damage":0,"enemies":"Spire Growth","floor":48,"turns":3},{"damage":11,"enemies":"Writhing Mass","floor":49,"turns":3},{"damage":14,"enemies":"downfall:Defect","floor":50,"turns":4},{"damage":0,"enemies":"Small Slimes","floor":53,"turns":2},{"damage":0,"enemies":"2 Louse","floor":54,"turns":1},{"damage":0,"enemies":"Cultist","floor":56,"turns":2},{"damage":10,"enemies":"downfall:Heads","floor":57,"turns":4},{"damage":0,"enemies":"Exordium Wildlife","floor":60,"turns":2},{"damage":15,"enemies":"Replay:BlueRogue","floor":61,"turns":3},{"damage":9,"enemies":"3 Louse","floor":63,"turns":2},{"damage":0,"enemies":"Gremlin Nob","floor":65,"turns":2},{"damage":0,"enemies":"Large Slime","floor":66,"turns":1},{"damage":46,"enemies":"Hexaghost","floor":67,"turns":4},{"damage":0,"enemies":"Spheric Guardian","floor":70,"turns":3},{"damage":7,"enemies":"downfall:Silent","floor":71,"turns":4},{"damage":22,"enemies":"Chosen","floor":73,"turns":2},{"damage":0,"enemies":"Gremlin Leader","floor":75,"turns":4},{"damage":6,"enemies":"Centurion and Healer","floor":78,"turns":4},{"damage":6,"enemies":"Shelled Parasite and Fungi","floor":80,"turns":2},{"damage":0,"enemies":"Snecko","floor":81,"turns":2},{"damage":29,"enemies":"Slavers","floor":82,"turns":3},{"damage":6,"enemies":"Centurion and Healer","floor":83,"turns":5},{"damage":21,"enemies":"Collector","floor":84,"turns":4},{"damage":20,"enemies":"Orb Walker","floor":87,"turns":3},{"damage":0,"enemies":"3 Shapes","floor":88,"turns":3},{"damage":17,"enemies":"Transient","floor":90,"turns":5},{"damage":84,"enemies":"Nemesis","floor":92,"turns":4},{"damage":13,"enemies":"Spire Growth","floor":95,"turns":3},{"damage":0,"enemies":"Giant Head","floor":97,"turns":4},{"damage":14,"enemies":"Jaw Worm Horde","floor":98,"turns":3},{"damage":72,"enemies":"Writhing Mass","floor":100,"turns":2},{"damage":38,"enemies":"infinitespire:MassOfShapes","floor":101,"turns":1}],"seed_played":"-1565551083434939691","potions_obtained":[{"floor":6,"key":"Explosive Potion"},{"floor":10,"key":"PowerPotion"},{"floor":11,"key":"Languid Potion"},{"floor":14,"key":"Adrenaline Potion"},{"floor":20,"key":"infinitespire:BlackPotion"},{"floor":21,"key":"Strength Potion"},{"floor":21,"key":"Languid Potion"},{"floor":23,"key":"SteroidPotion"},{"floor":25,"key":"SpeedPotion"},{"floor":31,"key":"Elixir"},{"floor":32,"key":"Adrenaline Potion"},{"floor":39,"key":"Block Potion"},{"floor":42,"key":"Swift Potion"},{"floor":44,"key":"LiquidBronze"},{"floor":45,"key":"Adrenaline Potion"},{"floor":49,"key":"Guardian:DefensiveModePotion"},{"floor":54,"key":"Strength Potion"},{"floor":60,"key":"Explosive Potion"},{"floor":63,"key":"Ancient Potion"},{"floor":66,"key":"PowerPotion"},{"floor":72,"key":"CultistPotion"},{"floor":84,"key":"PowerPotion"},{"floor":88,"key":"infinitespire:BlackPotion"},{"floor":90,"key":"PowerPotion"},{"floor":97,"key":"Elixir"},{"floor":98,"key":"SkillPotion"}],"is_trial":false,"path_per_floor":["R","?","M","?","?","E","T","M","R","M","M","M","R","M","M","B",null,"R","?","?","?","M","E","T","M","M","E","M","R","?","M","M","B",null,"R","M","M","?","M","T","T","NM","?","M","M","R","$","M","M","B",null,"R","M","M","AVR","M","?","T","R","M","E","R","M","R","E","M","B",null,"R","M","?","?","M","R","E","R","AVR","M","$","M","M","E","M","B",null,"R","M","M","?","M","AVR","E","?","?","M","R","E","M","$","M","B"],"character_chosen":"GUARDIAN","items_purchased":["StrikeDummy","DollysMirror","Guardian:GemstoneGun","Garlic","infinitespire:Broken Mirror","conspire:TreasureMap"],"campfire_rested":3,"item_purchase_floors":[47,47,79,79,99,99],"current_hp_per_floor":[72,72,72,72,72,72,72,72,72,72,71,64,64,64,64,28,67,67,67,68,68,68,33,33,35,47,50,54,54,54,51,51,50,83,83,80,79,106,85,85,85,57,57,53,39,83,83,83,72,70,105,105,105,105,105,105,95,95,95,95,80,80,71,71,71,71,37,96,96,99,92,95,73,109,109,109,112,109,109,103,103,77,71,65,117,120,103,103,127,110,110,41,41,41,43,94,94,92,92,32,0,0,0],"gold":186,"neow_bonus":"THREE_ENEMY_KILL","is_daily":false,"chose_seed":false,"campfire_upgraded":11,"win_rate":0.0,"timestamp":1608739457,"path_taken":["R","?","M","?","?","E","T","?","R","M","M","M","R","M","M","BOSS","R","?","?","?","?","E","T","M","M","E","M","R","?","M","M","BOSS","R","M","M","?","M","?","T","NM","?","M","M","R","$","M","M","BOSS","R","M","M","AVR","?","?","T","R","M","E","R","M","R","E","M","BOSS","R","M","?","?","M","R","E","R","AVR","M","$","M","M","E","M","BOSS","R","M","M","?","M","AVR","E","?","?","M","R","E","M","$","M","BOSS"],"items_purchased_type":["Relic","Relic","Relic","Relic","Relic","Relic"],"build_version":"2020-12-22","purchased_purges":3,"victory":false,"max_hp_per_floor":[80,80,80,80,80,80,80,80,80,80,80,80,80,80,80,80,80,80,80,94,94,94,94,94,94,94,94,94,94,94,94,94,94,94,94,94,94,106,106,106,106,106,106,106,106,116,116,116,116,116,116,116,116,116,116,116,116,116,116,116,116,116,116,116,116,116,116,116,116,119,119,122,122,122,122,122,125,128,128,128,128,131,131,134,134,137,140,140,164,164,164,167,167,167,170,170,170,170,170,170,170,170,170],"card_choices":[{"not_picked":["Guardian:WalkerClaw","Guardian:RollAttack"],"picked":"Guardian:Gem_Lightblue","floor":3},{"not_picked":["Guardian:RollAttack","Guardian:TemporalShield"],"picked":"Guardian:Gem_Fragmented","floor":6},{"not_picked":["Guardian:FloatingOrbs","Guardian:CrystalBeam"],"picked":"Guardian:VentSteam","floor":8},{"not_picked":["Guardian:TimeBomb","Guardian:GuardianWhirl"],"picked":"Guardian:Gem_Orange","floor":10},{"not_picked":["Guardian:Recover","Guardian:Reroute","Guardian:PrimingBeam"],"picked":"SKIP","floor":11},{"not_picked":["Guardian:CrystalBeam","Guardian:Reroute","Guardian:RollAttack"],"picked":"SKIP","floor":12},{"not_picked":["Guardian:PrimingBeam","Guardian:FuturePlans","Guardian:Reroute"],"picked":"SKIP","floor":14},{"not_picked":["Guardian:TemporalShield","Guardian:Gem_Green"],"picked":"Guardian:ArmoredProtocol","floor":15},{"not_picked":["Guardian:FierceBash","Guardian:SphericShield"],"picked":"Guardian:AncientConstruct","floor":16},{"not_picked":["Guardian:Reroute+1","Guardian:Emergency"],"picked":"Guardian:Gem_White","floor":20},{"not_picked":["Guardian:Gem_Red","Guardian:Recover","Guardian:TimeCapacitor"],"picked":"SKIP","floor":22},{"not_picked":["Guardian:ShieldCharger","Guardian:Preprogram","Guardian:Planning"],"picked":"SKIP","floor":23},{"not_picked":["Guardian:WalkerClaw","Guardian:Recover+1","Guardian:ChargeCore"],"picked":"SKIP","floor":25},{"not_picked":["Guardian:FuturePlans","Guardian:Orbwalk+1","Guardian:BronzeArmor"],"picked":"SKIP","floor":26},{"not_picked":["Guardian:RollAttack","Guardian:RefractedBeam","Guardian:Planning"],"picked":"SKIP","floor":27},{"not_picked":["Guardian:Gem_Green","Guardian:CrystalBeam"],"picked":"Guardian:PolyBeam+1","floor":28},{"not_picked":["Guardian:TemporalShield","Guardian:ChargeCore+1"],"picked":"Guardian:Gem_Blue","floor":31},{"not_picked":["Guardian:WalkerClaw","Guardian:Incinerate","Guardian:Gem_Red"],"picked":"SKIP","floor":32},{"not_picked":["Guardian:StasisField","Guardian:CompilePackage"],"picked":"Guardian:StasisStrike","floor":33},{"not_picked":["Guardian:VentSteam","Guardian:ShieldCharger+1","Guardian:Gem_Cyan"],"picked":"SKIP","floor":36},{"not_picked":["Guardian:ShieldCharger+1","Guardian:Recover","Guardian:Gem_Red"],"picked":"SKIP","floor":37},{"not_picked":["Guardian:RollAttack","Guardian:ShieldCharger+1"],"picked":"Guardian:CrystalBeam","floor":39},{"not_picked":["Guardian:VentSteam","Guardian:StasisStrike"],"picked":"Guardian:PrismaticBarrier+1","floor":42},{"not_picked":["Guardian:PrimingBeam+1","Guardian:BronzeOrb+1"],"picked":"Guardian:Gem_Fragmented","floor":44},{"not_picked":["Guardian:ShieldCharger+1","Guardian:Reroute","Guardian:VentSteam+1"],"picked":"SKIP","floor":45},{"not_picked":["Guardian:Gem_Green","Guardian:TimeCapacitor+1"],"picked":"Guardian:Orbwalk+1","floor":47},{"not_picked":["Guardian:VentSteam","Guardian:ChargeUp","Guardian:RollAttack"],"picked":"SKIP","floor":48},{"not_picked":["Guardian:PolyBeam+1","Guardian:WalkerClaw"],"picked":"Guardian:PrimingBeam","floor":49},{"not_picked":["Guardian:Gem_Orange","Guardian:FierceBash"],"picked":"Guardian:Gem_Synthetic","floor":50},{"not_picked":["Guardian:Recover"],"picked":"SKIP","floor":53},{"not_picked":["Guardian:TemporalStrike"],"picked":"SKIP","floor":54},{"not_picked":["Guardian:Recover"],"picked":"SKIP","floor":56},{"not_picked":["Guardian:CrystalBeam"],"picked":"SKIP","floor":60},{"not_picked":["Guardian:Orbwalk"],"picked":"SKIP","floor":61},{"not_picked":["Guardian:WalkerClaw"],"picked":"SKIP","floor":63},{"not_picked":["Guardian:WalkerClaw"],"picked":"SKIP","floor":65},{"not_picked":["Guardian:VentSteam"],"picked":"SKIP","floor":66},{"not_picked":[],"picked":"Guardian:PrismaticBeam","floor":70},{"not_picked":["Guardian:PiercingHide"],"picked":"SKIP","floor":73},{"not_picked":["Guardian:Incinerate"],"picked":"SKIP","floor":73},{"not_picked":["Guardian:TemporalStrike"],"picked":"SKIP","floor":75},{"not_picked":[],"picked":"Guardian:Gem_Purple","floor":78},{"not_picked":["Guardian:TemporalShield+1"],"picked":"SKIP","floor":78},{"not_picked":["Guardian:Planning"],"picked":"SKIP","floor":80},{"not_picked":["Guardian:WalkerClaw"],"picked":"SKIP","floor":80},{"not_picked":["Guardian:CrystalBeam"],"picked":"SKIP","floor":81},{"not_picked":["Guardian:PrismaticBarrier"],"picked":"SKIP","floor":81},{"not_picked":[],"picked":"Guardian:ExploitGems","floor":82},{"not_picked":["Guardian:TimeBomb"],"picked":"SKIP","floor":83},{"not_picked":["Guardian:ArmoredProtocol"],"picked":"SKIP","floor":83},{"not_picked":["infinitespire:UltimateForm","infinitespire:DeathsTouch"],"picked":"infinitespire:FutureSight","floor":84},{"not_picked":[],"picked":"Guardian:GatlingBeam","floor":86},{"not_picked":[],"picked":"Guardian:Gem_Crimson","floor":87},{"not_picked":["Guardian:CrystalBeam"],"picked":"SKIP","floor":87},{"not_picked":["Guardian:GuardianWhirl"],"picked":"SKIP","floor":88},{"not_picked":["Guardian:Repulse+1"],"picked":"SKIP","floor":88},{"not_picked":["Guardian:PiercingHide+1"],"picked":"SKIP","floor":90},{"not_picked":["Guardian:TemporalShield+1"],"picked":"SKIP","floor":90},{"not_picked":["Guardian:PiercingHide+1"],"picked":"SKIP","floor":90},{"not_picked":["Guardian:TemporalShield+1"],"picked":"SKIP","floor":90},{"not_picked":[],"picked":"Guardian:Gem_Blue","floor":92},{"not_picked":[],"picked":"Guardian:Gem_Orange","floor":95},{"not_picked":["Guardian:FuturePlans"],"picked":"SKIP","floor":95},{"not_picked":["Guardian:Gem_Cyan"],"picked":"SKIP","floor":97},{"not_picked":["Guardian:WalkerClaw+1"],"picked":"SKIP","floor":98},{"not_picked":["Guardian:TemporalStrike"],"picked":"SKIP","floor":98},{"not_picked":["Guardian:ChargeCore"],"picked":"SKIP","floor":100},{"not_picked":["Guardian:Recover+1"],"picked":"SKIP","floor":100}],"player_experience":472648,"relics_obtained":[{"floor":6,"key":"InkBottle"},{"floor":7,"key":"Smiling Mask"},{"floor":19,"key":"Ring of Fury"},{"floor":20,"key":"Mango"},{"floor":20,"key":"Shuriken"},{"floor":23,"key":"Meat on the Bone"},{"floor":24,"key":"Pen Nib"},{"floor":27,"key":"Replay:Bottled Flurry"},{"floor":41,"key":"conspire:Flyswatter"},{"floor":42,"key":"TungstenRod"},{"floor":58,"key":"Replay:Wax Seal"},{"floor":71,"key":"Prayer Wheel"},{"floor":71,"key":"Mercury Hourglass"},{"floor":86,"key":"conspire:GiftBox"}],"event_choices":[{"damage_healed":0,"gold_gain":0,"player_choice":"Got Potions","damage_taken":0,"max_hp_gain":0,"max_hp_loss":0,"event_name":"Lab","floor":21,"gold_loss":0},{"damage_healed":0,"gold_gain":0,"player_choice":"Leave","damage_taken":0,"max_hp_gain":0,"max_hp_loss":0,"event_name":"conspire:Investor","floor":93,"gold_loss":0},{"cards_removed":["Guardian:ArmoredProtocol"],"damage_healed":0,"gold_gain":0,"player_choice":"Removed Power","damage_taken":0,"max_hp_gain":0,"max_hp_loss":0,"event_name":"Falling","floor":94,"gold_loss":0}],"is_beta":false,"boss_relics":[{"not_picked":["Pandora\u0027s Box","ReplayTheSpireMod:SealedPack"],"picked":"conspire:SpecialSausage"},{"not_picked":["Runic Dome","conspire:SeveredTorchhead"],"picked":"SlaversCollar"},{"not_picked":["Honey Jar","Kintsugi"],"picked":"Busted Crown"},{"not_picked":["ReplayTheSpireMod:DimensionalGlitch","Pandora\u0027s Box"],"picked":"Empty Cage"},{"not_picked":["Painkiller Herb","conspire:SeveredTorchhead","Replay:Bronze Core"]}],"items_purged_floors":[47,55,91],"is_endless":true,"potions_floor_spawned":[6,10,11,14,20,23,25,31,32,39,42,44,45,49,54,60,63,66,70,75,81,84,88,90,97,98],"killed_by":"infinitespire:MassOfShapes","ascension_level":6}}