{"host":"0azimyi6n3ugndj4","time":1608746724,"event":{"mods":["BaseMod","Bestiary","Conspire","Curses Come First","Defuse TimeMaze Blight","Hyrulean Relics","Infinite Spire","Minty Spire (QoL Compilation)","Relic Sorter","Relic Stats","Replay The Spire","StSLib","SuperFastMode","Uncapped","¡¼?Úª?ø«¡½REMEMod"],"gold_per_floor":[147,147,147,183,26,122,155,230,279,375,375,414,459,507,507,744,753,807,857,857,911,959,1049,1049,1142,1142,1232,1232,1232,1286,1325,1325,1325,1325,1370,1430,1469,1478,1478,1571,1571,1664,1664,1760,1760,1760,1820,2381,2381,2606,2834,2834,2865,2906,2928,2937,2846,2846,2943,2943,2943,2979,3025,3116,3116,3116,3116,3255,3255,3302,3302,3502,3534,3543,3543,3634,3634,3657,3723,3762,3841,3857,3857,3857,4096,4096,4130,4080,4131,4140,4188,4284,4284,4351,4351,4351,4351,4420,4468,4468,4468,4353,4353],"floor_reached":102,"playtime":2058,"items_purged":["Eruption"],"score":5148,"play_id":"041b4cb7-fe70-42b1-ac11-39a453d4d92c","local_time":"20201224030524","daily_mods":["Insanity","Chimera","Specialized","Vintage","ControlledChaos","Allstar","Diverse","Colorless Cards","Heirloom","Time Dilation","Binary","Elite Swarm","Lethality","Midas","Uncertain Future"],"is_ascension_mode":true,"campfire_choices":[{"floor":11.0,"key":"REST"},{"floor":15.0,"key":"REST"},{"floor":24.0,"key":"REST"},{"floor":28.0,"key":"REST"},{"floor":32.0,"key":"REST"},{"floor":41.0,"key":"REST"},{"floor":46.0,"key":"REST"},{"floor":49.0,"key":"REST"},{"floor":58.0,"key":"REST"},{"floor":60.0,"key":"REST"},{"floor":67.0,"key":"REST"},{"floor":75.0,"key":"REST"},{"floor":77.0,"key":"REST"},{"floor":84.0,"key":"REST"},{"floor":93,"key":"REST"},{"floor":96,"key":"REST"},{"floor":101,"key":"REST"}],"circlet_count":0,"master_deck":["Demon Form+1","Wraith Form v2+1","Echo Form","DevaForm","AscendersBane","Bash","Survivor","Zap+1","Strike_R+1","Strike_G","Strike_B","Defend_R","Defend_G","Defend_P","Wallop+1","EmptyBody","Crippling Poison","Quick Slash","Blade Dance","Shrug It Off","Riddle With Holes","ReplayGash","Coolheaded","infinitespire:OneForAll","Twin Strike+1","Cloak And Dagger","EmptyFist","Reckless Charge","Panic Button","Replay:Sssssssssstrike","Iron Wave","Body Slam+1","Thunderclap","FlurryOfBlows","Prostrate","ReplayTheSpireMod:Limb From Limb","Redo","Swivel","REME_MusicOfDeath","Mind Blast","Cleave+1","Warcry","Prostrate","Iron Wave","Consecrate","Dark Shackles","Deadly Poison+1","JustLucky","Survey Options","Dash","EmptyBody","Thunderclap","FlyingSleeves","Cold Snap","Underhanded Strike","Cloak And Dagger+1","Twin Strike","Evolve","Swift Strike","Sword Boomerang","EmptyFist","REME_Repentance","Flying Knee","Redo","ReplayTheSpireMod:Necrosis+1","ReplayTheSpireMod:Necrosis+1","ReplayTheSpireMod:Necrosis+1","Panacea","Discovery","Finesse","Transmutation","Transmutation+1","Hyperbeam+1","AbeCurse","Ghostly"],"relics":["Burning Blood","Frozen Eye","REME_ComplimentaryCards","Champion Belt","Singing Bowl","Boot","Strawberry","Replay:Bottled Eggs","Chemical X","zeldaRelics:CourageTriforce","CeramicFish","zeldaRelics:WisdomTriforce","Replay:Mystery Machine","Mummified Hand","Art of War","Abe\u0027s Treasure","infinitespire:Broken Mirror","Garlic","Smiling Mask","zeldaRelics:PowerTriforce","conspire:RunicOctahedron","infinitespire:Beetle Shell","Akabeko","Pen Nib","zeldaRelics:MasterSword","ReplayTheSpireMod:Ninjato","Potion Belt","Bottled Lightning","REME_OnlineShoppingPlatform","Paper Frog","Gremlin Food","conspire:InfiniteJournal","Omamori","Runic Cube","Replay:Accelerometer","Sundial","White Beast Statue","Replay:Lucky Slots","Darkstone Periapt","Juzu Bracelet","Thread and Needle","Quantum Egg","Torii","Mark of Pain","Onion Ring","Magic Flower","Replay:Bronze Core","Centennial Puzzle","conspire:TopHat","Replay:Towering Pillar of Hats","Prayer Wheel","HornCleat","Replay:Bandana","infinitespire:Burning Sword","Lantern","Pet Ghost","infinitespire:Lucky Rock","Kunai","infinitespire:WardingShard","Eternal Feather","conspire:GlowingRock","ReplayTheSpireMod:Ring of Challenge","ReplayTheSpireMod:Ring of Exchange","REME_PuzzleBoxRelic","Orichalcum","Replay:Baseball"],"acts_visited":["Exordium","TheCity","TheBeyond","Exordium","TheCity","TheBeyond"],"potions_floor_usage":[102,102,102,102,102,102,102,102,102,102,102,102,102],"damage_taken":[{"damage":0.0,"enemies":"Jaw Worm","floor":1.0,"turns":1.0},{"damage":3.0,"enemies":"conspire:RoseBush","floor":4.0,"turns":1.0},{"damage":12.0,"enemies":"Lagavulin","floor":6.0,"turns":3.0},{"damage":0.0,"enemies":"infinitespire:Voidling","floor":7.0,"turns":1.0},{"damage":0.0,"enemies":"Gremlin Nob","floor":8.0,"turns":2.0},{"damage":0.0,"enemies":"Lagavulin","floor":10.0,"turns":2.0},{"damage":0.0,"enemies":"Large Slime","floor":12.0,"turns":1.0},{"damage":14.0,"enemies":"3 Louse","floor":13.0,"turns":3.0},{"damage":18.0,"enemies":"Lots of Slimes","floor":14.0,"turns":2.0},{"damage":59.0,"enemies":"The Guardian","floor":16.0,"turns":6.0},{"damage":47.0,"enemies":"3 Byrds","floor":18.0,"turns":3.0},{"damage":0.0,"enemies":"Chosen","floor":21.0,"turns":2.0},{"damage":0.0,"enemies":"Snecko","floor":22.0,"turns":2.0},{"damage":14.0,"enemies":"Slavers","floor":23.0,"turns":4.0},{"damage":21.0,"enemies":"REME_1_Revenger","floor":25.0,"turns":3.0},{"damage":8.0,"enemies":"Nightmare","floor":27.0,"turns":4.0},{"damage":14.0,"enemies":"Shelled Parasite and Fungi","floor":30.0,"turns":2.0},{"damage":0.0,"enemies":"Centurion and Healer","floor":31.0,"turns":2.0},{"damage":30.0,"enemies":"conspire:MysteriousRune","floor":33.0,"turns":6.0},{"damage":0.0,"enemies":"3 Darklings","floor":35.0,"turns":1.0},{"damage":0.0,"enemies":"3 Shapes","floor":36.0,"turns":1.0},{"damage":17.0,"enemies":"Sphere and 2 Shapes","floor":37.0,"turns":2.0},{"damage":0.0,"enemies":"Nightmare","floor":40.0,"turns":1.0},{"damage":0.0,"enemies":"Reptomancer","floor":42.0,"turns":1.0},{"damage":0.0,"enemies":"Giant Head","floor":44.0,"turns":1.0},{"damage":0.0,"enemies":"3 Darklings","floor":47.0,"turns":1.0},{"damage":38.0,"enemies":"infinitespire:MassOfShapes","floor":50.0,"turns":1.0},{"damage":30.0,"enemies":"Time Eater","floor":51.0,"turns":3.0},{"damage":0.0,"enemies":"Jaw Worm","floor":53.0,"turns":1.0},{"damage":0.0,"enemies":"2 Louse","floor":54.0,"turns":1.0},{"damage":0.0,"enemies":"Small Slimes","floor":55.0,"turns":1.0},{"damage":0.0,"enemies":"Lagavulin","floor":59.0,"turns":1.0},{"damage":0.0,"enemies":"Nightmare","floor":62.0,"turns":4.0},{"damage":0.0,"enemies":"3 Louse","floor":63.0,"turns":1.0},{"damage":0.0,"enemies":"3 Sentries","floor":64.0,"turns":1.0},{"damage":0.0,"enemies":"Fading Forest","floor":68.0,"turns":7.0},{"damage":0.0,"enemies":"Shell Parasite","floor":70.0,"turns":1.0},{"damage":0.0,"enemies":"Chosen","floor":73.0,"turns":1.0},{"damage":0.0,"enemies":"Slavers","floor":76.0,"turns":1.0},{"damage":0.0,"enemies":"Nightmare","floor":79.0,"turns":3.0},{"damage":0.0,"enemies":"Centurion and Healer","floor":80.0,"turns":1.0},{"damage":0.0,"enemies":"Slavers","floor":81.0,"turns":1.0},{"damage":0.0,"enemies":"Sentry and Sphere","floor":82.0,"turns":1.0},{"damage":0.0,"enemies":"Collector","floor":85.0,"turns":2.0},{"damage":5.0,"enemies":"3 Darklings","floor":87.0,"turns":1.0},{"damage":0.0,"enemies":"3 Shapes","floor":89.0,"turns":1.0},{"damage":0,"enemies":"3 Darklings","floor":91,"turns":1},{"damage":0,"enemies":"Reptomancer","floor":92,"turns":1},{"damage":2,"enemies":"R_Hoarder","floor":94,"turns":2},{"damage":1,"enemies":"Nightmare_Alpha","floor":98,"turns":5},{"damage":0,"enemies":"Writhing Mass","floor":99,"turns":1},{"damage":100051,"enemies":"LordOfAnnihilation","floor":102,"turns":3}],"seed_played":"-2379161789161133068","potions_obtained":[{"floor":1.0,"key":"GamblersBrew"},{"floor":10.0,"key":"SpeedPotion"},{"floor":13.0,"key":"Strength Potion"},{"floor":16.0,"key":"Elixir"},{"floor":18.0,"key":"Death Potion"},{"floor":31.0,"key":"ColorlessPotion"},{"floor":36.0,"key":"SteroidPotion"}],"is_trial":true,"path_per_floor":["M","?","?","M","$","E","M","E","T","E","R","M","M","M","R","B",null,"M","?","?","M","M","E","R","E","T","NM","R","AVR","M","M","R","B",null,"M","M","M","AVR","?","NM","R","E","T","E","?","R","M","?","R","B","B",null,"M","M","M","AVR","?","R","E","R","T","NM","M","E","?","?","R","B",null,"M","?","?","M","AVR","R","E","R","T","NM","M","E","M","?","R","B",null,"M","?","M","AVR","M","E","R","E","T","R","?","NM","M","?","R","B"],"character_chosen":"IRONCLAD","items_purchased":["Chemical X"],"campfire_rested":17,"item_purchase_floors":[5],"current_hp_per_floor":[74,48,55,58,58,54,60,68,68,76,88,88,80,68,88,37,77,36,36,100,100,100,94,102,89,89,89,106,106,98,104,106,82,86,86,86,75,75,56,64,90,92,92,94,90,100,100,69,99,69,49,93,99,105,108,108,108,108,110,110,110,114,114,116,121,114,121,123,123,123,123,123,123,123,123,125,125,125,127,127,129,129,129,129,131,131,131,131,131,131,131,133,133,137,137,137,137,141,141,141,141,0,0],"gold":4353,"neow_bonus":"","is_daily":false,"chose_seed":false,"campfire_upgraded":0,"win_rate":0.0,"timestamp":1608746724,"path_taken":["M","?","?","M","$","E","M","E","T","E","R","M","?","M","R","BOSS","M","?","?","M","M","E","R","E","T","NM","R","AVR","M","?","R","BOSS","M","M","M","AVR","?","NM","R","E","T","E","?","R","M","?","R","BOSS","BOSS","M","M","M","AVR","?","R","E","R","T","NM","M","E","?","?","R","BOSS","M","?","?","M","AVR","R","E","R","T","NM","M","E","M","?","R","BOSS","M","?","M","AVR","M","E","R","E","T","R","?","NM","M","?","R","BOSS"],"items_purchased_type":["Relic"],"build_version":"2020-12-22","purchased_purges":1,"victory":false,"max_hp_per_floor":[75,75,82,82,82,84,84,86,86,88,88,88,88,88,88,90,90,90,90,100,100,100,102,102,104,104,106,106,106,106,106,106,106,86,86,86,86,86,88,90,90,92,92,94,100,100,100,102,102,104,108,108,108,108,108,108,108,108,110,110,110,114,114,116,121,121,121,123,123,123,123,123,123,123,123,125,125,125,127,127,129,129,129,129,131,131,131,131,131,131,131,133,133,137,137,137,137,141,141,141,141,151,151],"relic_stats":{"Darkstone Periapt":0,"Singing Bowl":62,"Torii":4,"counters":[52,104],"CeramicFish":54,"Magic Flower":[21],"Eternal Feather":0,"Pen Nib":[27],"Juzu Bracelet":2,"Orichalcum":[0],"Boot":[18],"Smiling Mask":0,"Burning Blood":143,"Centennial Puzzle":[9],"Mummified Hand":[99],"Sundial":[2],"Prayer Wheel":0,"Art of War":[1],"Champion Belt":[29],"Chemical X":[61],"Kunai":[12],"obtain_stats":[{"Replay:Accelerometer":53,"CeramicFish":7,"Boot":2,"Centennial Puzzle":76,"conspire:GlowingRock":95,"HornCleat":81,"Sundial":54,"Strawberry":3,"Replay:Bronze Core":74,"Prayer Wheel":80,"zeldaRelics:MasterSword":34,"Kunai":91,"zeldaRelics:PowerPiece":26,"REME_OnlineShoppingPlatform":38,"Runic Cube":52,"zeldaRelics:WisdomPiece":10,"Eternal Feather":94,"infinitespire:Beetle Shell":29,"Pen Nib":31,"zeldaRelics:CourageTriforce":9,"Akabeko":30,"Replay:Baseball":100,"infinitespire:Broken Mirror":18,"Onion Ring":70,"Mark of Pain":69,"Abe\u0027s Treasure":17,"Darkstone Periapt":59,"ReplayTheSpireMod:Ring of Exchange":97,"Lantern":87,"Singing Bowl":1,"Torii":64,"Magic Flower":73,"Juzu Bracelet":61,"Replay:Mystery Machine":12,"Smiling Mask":22,"Burning Blood":0,"zeldaRelics:WisdomTriforce":25,"conspire:TopHat":78,"Pet Ghost":89,"conspire:InfiniteJournal":44,"Frozen Eye":0,"Replay:Bandana":82,"Mummified Hand":13,"Replay:Lucky Slots":56,"zeldaRelics:CouragePiece":6,"Chemical X":5,"Replay:Bottled Eggs":4,"Paper Frog":42,"Potion Belt":36,"Gremlin Food":43,"ReplayTheSpireMod:Ninjato":35,"Replay:Towering Pillar of Hats":79,"Quantum Egg":63,"conspire:RunicOctahedron":29,"Thread and Needle":62,"Omamori":47,"zeldaRelics:PowerTriforce":40,"infinitespire:Lucky Rock":90,"Orichalcum":99,"White Beast Statue":55,"infinitespire:WardingShard":92,"Art of War":14,"Garlic":21,"infinitespire:Burning Sword":86,"Champion Belt":0,"Bottled Lightning":37,"ReplayTheSpireMod:Ring of Challenge":97,"REME_PuzzleBoxRelic":98,"REME_ComplimentaryCards":0},{"Replay:Accelerometer":29,"CeramicFish":4,"Boot":1,"Centennial Puzzle":39,"conspire:GlowingRock":49,"HornCleat":42,"Sundial":30,"Strawberry":1,"Replay:Bronze Core":38,"Prayer Wheel":41,"zeldaRelics:MasterSword":19,"Kunai":47,"zeldaRelics:PowerPiece":15,"REME_OnlineShoppingPlatform":22,"Runic Cube":28,"zeldaRelics:WisdomPiece":6,"Eternal Feather":49,"infinitespire:Beetle Shell":16,"Pen Nib":18,"zeldaRelics:CourageTriforce":5,"Akabeko":17,"Replay:Baseball":51,"infinitespire:Broken Mirror":11,"Onion Ring":37,"Mark of Pain":36,"Abe\u0027s Treasure":10,"Darkstone Periapt":32,"ReplayTheSpireMod:Ring of Exchange":49,"Lantern":45,"Singing Bowl":1,"Torii":35,"Magic Flower":38,"Juzu Bracelet":32,"Replay:Mystery Machine":7,"Smiling Mask":13,"Burning Blood":0,"zeldaRelics:WisdomTriforce":15,"conspire:TopHat":39,"Pet Ghost":46,"conspire:InfiniteJournal":25,"Frozen Eye":0,"Replay:Bandana":43,"Mummified Hand":8,"Replay:Lucky Slots":31,"zeldaRelics:CouragePiece":3,"Chemical X":2,"Replay:Bottled Eggs":2,"Paper Frog":24,"Potion Belt":21,"Gremlin Food":24,"ReplayTheSpireMod:Ninjato":20,"Replay:Towering Pillar of Hats":40,"Quantum Egg":34,"conspire:RunicOctahedron":16,"Thread and Needle":33,"Omamori":26,"zeldaRelics:PowerTriforce":23,"infinitespire:Lucky Rock":46,"Orichalcum":51,"White Beast Statue":31,"infinitespire:WardingShard":48,"Art of War":9,"Garlic":12,"infinitespire:Burning Sword":44,"Champion Belt":0,"Bottled Lightning":22,"ReplayTheSpireMod:Ring of Challenge":49,"REME_PuzzleBoxRelic":50,"REME_ComplimentaryCards":0},{"Replay:Accelerometer":63,"CeramicFish":6,"Boot":1,"Centennial Puzzle":82,"conspire:GlowingRock":96,"HornCleat":87,"Sundial":64,"Strawberry":1,"Replay:Bronze Core":81,"Prayer Wheel":86,"zeldaRelics:MasterSword":50,"Kunai":93,"zeldaRelics:PowerPiece":36,"REME_OnlineShoppingPlatform":54,"Runic Cube":62,"zeldaRelics:WisdomPiece":10,"Eternal Feather":96,"infinitespire:Beetle Shell":40,"Pen Nib":44,"zeldaRelics:CourageTriforce":8,"Akabeko":42,"Replay:Baseball":102,"infinitespire:Broken Mirror":25,"Onion Ring":80,"Mark of Pain":79,"Abe\u0027s Treasure":22,"Darkstone Periapt":66,"ReplayTheSpireMod:Ring of Exchange":96,"Lantern":91,"Singing Bowl":1,"Torii":72,"Magic Flower":81,"Juzu Bracelet":66,"Replay:Mystery Machine":11,"Smiling Mask":29,"Burning Blood":0,"zeldaRelics:WisdomTriforce":36,"conspire:TopHat":82,"Pet Ghost":92,"conspire:InfiniteJournal":57,"Frozen Eye":0,"Replay:Bandana":88,"Mummified Hand":14,"Replay:Lucky Slots":65,"zeldaRelics:CouragePiece":5,"Chemical X":2,"Replay:Bottled Eggs":2,"Paper Frog":56,"Potion Belt":52,"Gremlin Food":56,"ReplayTheSpireMod:Ninjato":51,"Replay:Towering Pillar of Hats":85,"Quantum Egg":71,"conspire:RunicOctahedron":40,"Thread and Needle":70,"Omamori":58,"zeldaRelics:PowerTriforce":55,"infinitespire:Lucky Rock":92,"Orichalcum":102,"White Beast Statue":65,"infinitespire:WardingShard":94,"Art of War":16,"Garlic":27,"infinitespire:Burning Sword":90,"Champion Belt":0,"Bottled Lightning":54,"ReplayTheSpireMod:Ring of Challenge":96,"REME_PuzzleBoxRelic":101,"REME_ComplimentaryCards":0}],"Runic Cube":[3]},"card_choices":[{"not_picked":["REME_ForAll","Exhume"],"picked":"Singing Bowl","floor":6.0},{"not_picked":["Seek","REME_TheLastStrike"],"picked":"Singing Bowl","floor":8.0},{"not_picked":["Wish","Barricade"],"picked":"Singing Bowl","floor":10.0},{"not_picked":["DeusExMachina","REME_PuzzleBox"],"picked":"Singing Bowl","floor":16.0},{"not_picked":["Bullet Time","Devotion"],"picked":"Singing Bowl","floor":23.0},{"not_picked":["REME_AllRoundStrike","REME_ForAll"],"picked":"Singing Bowl","floor":25.0},{"not_picked":["REME_HeartOfCthun","Mayhem"],"picked":"Singing Bowl","floor":27.0},{"not_picked":["infinitespire:Gouge","infinitespire:SealOfDarkness+","ReplayTheSpireMod:Echoes of Time"],"picked":"Singing Bowl","floor":39.0},{"not_picked":["Echo Form","REME_ProfessionalPlagiarism"],"picked":"Singing Bowl","floor":40.0},{"not_picked":["REME_Fury","REME_ForAll"],"picked":"Singing Bowl","floor":42.0},{"not_picked":["Phantasmal Killer","Meteor Strike"],"picked":"Singing Bowl","floor":44.0},{"not_picked":["PanicButton","ReplayTheSpireMod:Private Reserves"],"picked":"Singing Bowl","floor":45.0},{"not_picked":["conspire:Banana","REME_MagicPocketWatch"],"picked":"Singing Bowl","floor":45.0},{"not_picked":["Flash of Steel","Replay:Dark Deal"],"picked":"Singing Bowl","floor":45.0},{"not_picked":["ClearTheMind+1","conspire:PoisonWeapons"],"picked":"Singing Bowl","floor":48.0},{"not_picked":["Bullet Time","REME_WorshipGod"],"picked":"Singing Bowl","floor":50.0},{"not_picked":["Replay:Bag of Tricks","LessonLearned"],"picked":"Singing Bowl","floor":51.0},{"not_picked":["infinitespire:FinalStrike","infinitespire:Collect","ReplayTheSpireMod:Haul"],"picked":"Singing Bowl","floor":51.0},{"not_picked":["Crow Ritual","Biased Cognition"],"picked":"Singing Bowl","floor":59.0},{"not_picked":["infinitespire:FutureSight","infinitespire:NeuralNetwork","ReplayTheSpireMod:Chaos Vortex"],"picked":"Singing Bowl","floor":62.0},{"not_picked":["REME_WorshipGod","REME_HeartOfCthun"],"picked":"Singing Bowl","floor":62.0},{"not_picked":["Brilliance","Mayhem"],"picked":"Singing Bowl","floor":64.0},{"not_picked":["Fiend Fire","Burst"],"picked":"Singing Bowl","floor":68.0},{"not_picked":["Bludgeon","Unload"],"picked":"Singing Bowl","floor":76.0},{"not_picked":["Burst","REME_CRH"],"picked":"Singing Bowl","floor":79.0},{"not_picked":["Demonic Infusion","Burst"],"picked":"Singing Bowl","floor":81.0},{"not_picked":["Secret Weapon","Unload"],"picked":"Singing Bowl","floor":85.0},{"not_picked":["Venomology","Replay:LoomingThreat"],"picked":"Singing Bowl","floor":92},{"not_picked":["REME_BuildACard","REME_EmptyShield"],"picked":"Singing Bowl","floor":94},{"not_picked":["infinitespire:SevenWalls","infinitespire:Punishment","infinitespire:Oblivion"],"picked":"Singing Bowl","floor":98},{"not_picked":["Corruption","Double Tap"],"picked":"Singing Bowl","floor":98}],"player_experience":1491775,"relics_obtained":[{"floor":1.0,"key":"Singing Bowl"},{"floor":4.0,"key":"Replay:Bottled Eggs"},{"floor":6.0,"key":"zeldaRelics:CouragePiece"},{"floor":7.0,"key":"CeramicFish"},{"floor":8.0,"key":"zeldaRelics:CouragePiece"},{"floor":9.0,"key":"zeldaRelics:CouragePiece"},{"floor":10.0,"key":"zeldaRelics:WisdomPiece"},{"floor":12.0,"key":"Replay:Mystery Machine"},{"floor":13.0,"key":"Mummified Hand"},{"floor":14.0,"key":"Art of War"},{"floor":18.0,"key":"infinitespire:Broken Mirror"},{"floor":21.0,"key":"Garlic"},{"floor":22.0,"key":"Smiling Mask"},{"floor":23.0,"key":"zeldaRelics:WisdomPiece"},{"floor":25.0,"key":"zeldaRelics:WisdomPiece"},{"floor":26.0,"key":"zeldaRelics:PowerPiece"},{"floor":27.0,"key":"zeldaRelics:PowerPiece"},{"floor":30.0,"key":"Akabeko"},{"floor":31.0,"key":"Pen Nib"},{"floor":35.0,"key":"ReplayTheSpireMod:Ninjato"},{"floor":36.0,"key":"Potion Belt"},{"floor":37.0,"key":"Bottled Lightning"},{"floor":40.0,"key":"zeldaRelics:PowerPiece"},{"floor":42.0,"key":"Paper Frog"},{"floor":43.0,"key":"Gremlin Food"},{"floor":44.0,"key":"conspire:InfiniteJournal"},{"floor":47.0,"key":"Omamori"},{"floor":53.0,"key":"Replay:Accelerometer"},{"floor":54.0,"key":"Sundial"},{"floor":55.0,"key":"White Beast Statue"},{"floor":59.0,"key":"Darkstone Periapt"},{"floor":61.0,"key":"Juzu Bracelet"},{"floor":62.0,"key":"Thread and Needle"},{"floor":63.0,"key":"Quantum Egg"},{"floor":64.0,"key":"Torii"},{"floor":70.0,"key":"Onion Ring"},{"floor":73.0,"key":"Magic Flower"},{"floor":76.0,"key":"Centennial Puzzle"},{"floor":78.0,"key":"conspire:TopHat"},{"floor":79.0,"key":"Replay:Towering Pillar of Hats"},{"floor":80.0,"key":"Prayer Wheel"},{"floor":81.0,"key":"HornCleat"},{"floor":82.0,"key":"Replay:Bandana"},{"floor":87.0,"key":"Lantern"},{"floor":89.0,"key":"Pet Ghost"},{"floor":91,"key":"Kunai"},{"floor":92,"key":"infinitespire:WardingShard"},{"floor":94,"key":"Eternal Feather"},{"floor":95,"key":"conspire:GlowingRock"},{"floor":97,"key":"ReplayTheSpireMod:Ring of Challenge"},{"floor":97,"key":"ReplayTheSpireMod:Ring of Exchange"},{"floor":98,"key":"REME_PuzzleBoxRelic"},{"floor":99,"key":"Orichalcum"}],"event_choices":[{"damage_healed":0.0,"max_hp_gain":0.0,"max_hp_loss":0.0,"gold_gain":0.0,"event_name":"Scrap Ooze","player_choice":"Success","floor":2.0,"gold_loss":0.0,"damage_taken":26.0,"relics_obtained":["Boot"]},{"damage_healed":0.0,"max_hp_gain":0.0,"max_hp_loss":0.0,"gold_gain":0.0,"event_name":"WeMeetAgain","player_choice":"Gave Potion","floor":3.0,"gold_loss":0.0,"damage_taken":0.0,"relics_obtained":["Strawberry"]},{"damage_healed":0.0,"max_hp_gain":0.0,"max_hp_loss":0.0,"gold_gain":50.0,"event_name":"Nest","player_choice":"Stole From Cult","floor":19.0,"gold_loss":0.0,"damage_taken":0.0},{"cards_removed":["ReplayTheSpireMod:Necrosis"],"damage_healed":54.0,"max_hp_gain":10.0,"max_hp_loss":0.0,"gold_gain":0.0,"event_name":"Bonfire Elementals","player_choice":"Offered Rare","floor":20.0,"gold_loss":0.0,"damage_taken":0.0},{"damage_healed":0.0,"max_hp_gain":0.0,"max_hp_loss":0.0,"gold_gain":0.0,"event_name":"SensoryStone","player_choice":"Memory 3","floor":45.0,"gold_loss":0.0,"damage_taken":10.0},{"damage_healed":0.0,"max_hp_gain":0.0,"max_hp_loss":0.0,"gold_gain":0.0,"event_name":"conspire:LoneGhost","player_choice":"Argue","floor":57.0,"gold_loss":0.0,"damage_taken":0.0},{"damage_healed":0.0,"max_hp_gain":5.0,"max_hp_loss":0.0,"gold_gain":0.0,"event_name":"Big Fish","player_choice":"Donut","floor":65.0,"gold_loss":0.0,"damage_taken":0.0},{"damage_healed":0.0,"max_hp_gain":0.0,"max_hp_loss":0.0,"gold_gain":0.0,"event_name":"The Woman in Blue","player_choice":"Bought 0 Potions","floor":66.0,"gold_loss":0.0,"damage_taken":0.0},{"damage_healed":0.0,"max_hp_gain":0.0,"max_hp_loss":0.0,"gold_gain":200.0,"event_name":"Wheel of Change","player_choice":"Gold","floor":72.0,"gold_loss":0.0,"damage_taken":0.0},{"cards_removed":["ReplayTheSpireMod:Necrosis"],"damage_healed":0.0,"max_hp_gain":0.0,"max_hp_loss":0.0,"gold_gain":0.0,"event_name":"Back to Basics","player_choice":"Elegance","floor":83.0,"gold_loss":0.0,"damage_taken":0.0},{"damage_healed":0.0,"max_hp_gain":0.0,"max_hp_loss":0.0,"gold_gain":0.0,"event_name":"Designer","player_choice":"Upgrade","floor":88.0,"gold_loss":50.0,"damage_taken":0.0,"cards_upgraded":["Demon Form"]},{"damage_healed":0,"gold_gain":0,"player_choice":"Gave Potion","damage_taken":0,"relics_obtained":["Replay:Baseball"],"max_hp_gain":0,"max_hp_loss":0,"event_name":"WeMeetAgain","floor":100,"gold_loss":0}],"is_beta":false,"boss_relics":[{"not_picked":["Cursed Key","ReplayTheSpireMod:DimensionalGlitch"],"picked":"Abe\u0027s Treasure"},{"not_picked":["ChewingGum","REME_DemonsWealth"],"picked":"zeldaRelics:MasterSword"},{"not_picked":["infinitespire:Cupcake","Runic Pyramid"],"picked":"Runic Cube"},{"not_picked":["Snecko Eye","infinitespire:Cupcake"],"picked":"Mark of Pain"},{"not_picked":["Runic Pyramid","Astrolabe"],"picked":"infinitespire:Burning Sword"}],"items_purged_floors":[29],"is_endless":true,"potions_floor_spawned":[1,10,13,16,18,23,31,33,36,40,42,47,53,59,63,64,68,70,73,76,79,80,81,82,85,87,89,91,92,94,99],"killed_by":"LordOfAnnihilation","ascension_level":20}}