{"host":"627up2rvtmm0cf0r","time":1608728746,"event":{"mods":["ATMod(阿瑾Mod)","Act Like it!","BaseMod","CapriCore","Card Filter","Card Forge","DeckTracker","Dota2Spire","Friendly Minions","Highlight Path","Minty Spire (QoL Compilation)","MostiFishMod","Permanent Neow","Quick Restart","Relic Stats","Shop Mod","Spicy Shops","StSLib","SuperFastMode","TestMod","[地精首领爬塔]The Maniac","【遗物卡牌】REMEMod","篝火指南"],"gold_per_floor":[114,114,130,142,142,187,187,197,274,291,320,338,338,364,364,463,463,480,480,194,220,235,868,868,901,980,828,828,235,235,270,270,388,388,401,401,424,424,22,66,87,3,3,303,159,210,256,272,272,277,277,277,158,196,212],"floor_reached":56,"playtime":1849,"items_purged":["FlurryOfBlows+1"],"score":2010,"play_id":"b7fae245-6249-488d-82ca-e2c5535cdfb5","local_time":"20201223210546","is_ascension_mode":true,"campfire_choices":[{"data":"AT_FamilyPortrait","floor":7,"key":"SMITH"},{"floor":13,"key":"REST"},{"data":"MostiFishMod:Hijack","floor":15,"key":"SMITH"},{"data":"MostiFishMod:StarOceanP","floor":24,"key":"SMITH"},{"data":"ConjureBlade","floor":32,"key":"SMITH"},{"floor":49,"key":"RECALL"},{"data":"1","floor":52,"key":"LIFT"}],"circlet_count":0,"master_deck":["AT_FamilyPortrait+1","MostiFishMod:Hijack+1","MostiFishMod:StarOceanP+1","DevaForm+1","MostiFishMod:SparklingWater+1","MostiFishMod:PerfectForm+1","Thinking Ahead+1"],"relics":["PureWater","Hammer of Thor","Seething Fire","Anvil of the Gods","DaveBox","testmod-TestBox","REME_ComplimentaryCards","AT_ATBox","testmod-ChristmasGift","BirthdayGift-Tetrahedron","WarpedTongs","testmod-BlackFramedGlasses","Yang","Dota2Spire:PowerTreads","testmod-Fortitude","testmod-TheFather","Dota2Spire:OctarineCore","Toy Ornithopter","Red Mask","AT_GuinsooRageblade","ChiLing","Chi","Ling","Dota2Spire:EyeOfSkadi","AT_SilvercatRing","OrangePellets","AT_SpeedBoots","testmod-CasingShield","MoonlightInvasionPlan","Dota2Spire:BattleFury","BrkXgEgg","Happy Flower","Old Coin","MerchantsRug","Girya","Pantograph","Shuriken"],"acts_visited":["Exordium","TheCity","TheBeyond","TheEnding"],"potions_floor_usage":[14,21,21,21,21,22,22,22,22,22,22,22,22,22,35,35],"damage_taken":[{"damage":0,"enemies":"Jaw Worm","floor":1,"turns":1},{"damage":2,"enemies":"Cultist","floor":3,"turns":2},{"damage":1,"enemies":"Small Slimes","floor":4,"turns":1},{"damage":19,"enemies":"3 Sentries","floor":6,"turns":3},{"damage":17,"enemies":"Red Slaver","floor":8,"turns":2},{"damage":13,"enemies":"Blue Slaver","floor":10,"turns":2},{"damage":14,"enemies":"Lagavulin","floor":11,"turns":3},{"damage":21,"enemies":"3 Louse","floor":12,"turns":2},{"damage":15,"enemies":"3 Sentries","floor":14,"turns":2},{"damage":28,"enemies":"The Guardian","floor":16,"turns":5},{"damage":5,"enemies":"Shell Parasite","floor":18,"turns":2},{"damage":2,"enemies":"2 Thieves","floor":21,"turns":2},{"damage":13,"enemies":"Shelled Parasite and Fungi","floor":22,"turns":2},{"damage":5,"enemies":"Book of Stabbing","floor":23,"turns":2},{"damage":0,"enemies":"Masked Bandits","floor":25,"turns":1},{"damage":2,"enemies":"Slavers","floor":31,"turns":1},{"damage":5,"enemies":"Collector","floor":33,"turns":2},{"damage":2,"enemies":"Orb Walker","floor":35,"turns":1},{"damage":1,"enemies":"3 Shapes","floor":37,"turns":1},{"damage":3,"enemies":"Giant Head","floor":40,"turns":1},{"damage":3,"enemies":"Writhing Mass","floor":41,"turns":1},{"damage":3,"enemies":"Mind Bloom Boss Battle","floor":46,"turns":1},{"damage":2,"enemies":"3 Darklings","floor":48,"turns":1},{"damage":5,"enemies":"Time Eater","floor":50,"turns":2},{"damage":3,"enemies":"Shield and Spear","floor":54,"turns":1},{"damage":8,"enemies":"The Heart","floor":55,"turns":3}],"seed_played":"-153662111223154769","potions_obtained":[{"floor":3,"key":"Regen Potion"},{"floor":6,"key":"testmod-EscapePotion"},{"floor":8,"key":"PowerPotion"},{"floor":14,"key":"EntropicBrew"},{"floor":23,"key":"Regen Potion"},{"floor":25,"key":"DistilledChaos"},{"floor":33,"key":"SteroidPotion"},{"floor":41,"key":"Dota2Spire:HealingSalve"},{"floor":48,"key":"DuplicationPotion"}],"is_trial":false,"path_per_floor":["M","?","M","M","?","E","R","M","T","M","E","M","R","E","R","B",null,"M","?","$","M","M","E","R","?","T","$","?","$","T","E","R","B",null,"M","?","M","?","$","E","M","R","T","T","R","?","$","M","R","B",null,"R","$","E","B",null],"character_chosen":"WATCHER","items_purchased":["testmod-TheFather","ChiLing","Dota2Spire:EyeOfSkadi","AT_SilvercatRing","OrangePellets","Dota2Spire:BattleFury","BrkXgEgg","WindmillStrike","BowlingBash","MerchantsRug","Pantograph"],"campfire_rested":1,"item_purchase_floors":[20,27,29,29,29,39,39,42,42,45,53],"current_hp_per_floor":[68,68,67,71,71,57,57,45,45,39,31,16,37,26,26,12,57,57,44,44,46,39,47,47,51,51,51,51,56,56,59,59,63,77,82,72,73,73,73,78,82,82,82,82,82,82,82,81,81,82,82,82,82,82,82],"gold":212,"neow_bonus":"ONE_RANDOM_RARE_CARD","is_daily":false,"chose_seed":false,"campfire_upgraded":4,"win_rate":0.0,"timestamp":1608728746,"path_taken":["M","?","?","?","?","E","R","M","T","M","E","?","R","E","R","BOSS","M","?","$","M","M","E","R","?","T","$","?","$","?","E","R","BOSS","M","?","M","?","$","E","M","R","T","?","R","?","$","M","R","BOSS","R","$","E","BOSS"],"items_purchased_type":["Relic","Relic","Relic","Relic","Relic","Relic","Relic","Card","Card","Relic","Relic"],"build_version":"2020-12-22","purchased_purges":1,"victory":true,"max_hp_per_floor":[72,72,72,72,72,72,72,72,72,72,72,72,72,72,72,72,72,72,77,77,77,77,77,77,77,77,77,77,82,82,82,82,82,82,82,82,82,82,82,82,82,82,82,82,82,82,82,82,82,82,82,82,82,82,82],"relic_stats":{"OrangePellets":[20],"Happy Flower":[3],"counters":[26,47],"Shuriken":[1],"Pantograph":0,"Yang":[66],"obtain_stats":[{"Dota2Spire:PowerTreads":11,"AT_ATBox":0,"DaveBox":0,"Chi":27,"Yang":9,"Hammer of Thor":0,"testmod-KeyOfTheVoid":17,"testmod-BlackFramedGlasses":6,"testmod-CasingShield":31,"Old Coin":44,"Dota2Spire:EyeOfSkadi":29,"Pantograph":53,"testmod-TheFather":20,"Red Mask":25,"testmod-ChristmasGift":0,"AT_GuinsooRageblade":26,"BirthdayGift-Tetrahedron":0,"MerchantsRug":45,"Girya":46,"testmod-TestBox":0,"Happy Flower":40,"MoonlightInvasionPlan":34,"Dota2Spire:BattleFury":39,"BrkXgEgg":39,"Seething Fire":0,"AT_SilvercatRing":29,"WarpedTongs":5,"testmod-Fortitude":14,"OrangePellets":29,"Ling":27,"AT_SpeedBoots":30,"Anvil of the Gods":0,"Shuriken":54,"Dota2Spire:OctarineCore":22,"PureWater":0,"Toy Ornithopter":23,"REME_ComplimentaryCards":0,"ChiLing":27},{"Dota2Spire:PowerTreads":7,"AT_ATBox":0,"DaveBox":0,"Chi":15,"Yang":5,"Hammer of Thor":0,"testmod-KeyOfTheVoid":10,"testmod-BlackFramedGlasses":4,"testmod-CasingShield":16,"Old Coin":21,"Dota2Spire:EyeOfSkadi":15,"Pantograph":24,"testmod-TheFather":11,"Red Mask":15,"testmod-ChristmasGift":0,"AT_GuinsooRageblade":15,"BirthdayGift-Tetrahedron":0,"MerchantsRug":21,"Girya":22,"testmod-TestBox":0,"Happy Flower":20,"MoonlightInvasionPlan":17,"Dota2Spire:BattleFury":19,"BrkXgEgg":19,"Seething Fire":0,"AT_SilvercatRing":15,"WarpedTongs":3,"testmod-Fortitude":9,"OrangePellets":15,"Ling":15,"AT_SpeedBoots":15,"Anvil of the Gods":0,"Shuriken":25,"Dota2Spire:OctarineCore":13,"PureWater":0,"Toy Ornithopter":14,"REME_ComplimentaryCards":0,"ChiLing":15},{"Dota2Spire:PowerTreads":14,"AT_ATBox":0,"DaveBox":0,"Chi":32,"Yang":9,"Hammer of Thor":0,"testmod-KeyOfTheVoid":23,"testmod-BlackFramedGlasses":7,"testmod-CasingShield":33,"Old Coin":39,"Dota2Spire:EyeOfSkadi":32,"Pantograph":43,"testmod-TheFather":25,"Red Mask":32,"testmod-ChristmasGift":0,"AT_GuinsooRageblade":32,"BirthdayGift-Tetrahedron":0,"MerchantsRug":39,"Girya":40,"testmod-TestBox":0,"Happy Flower":38,"MoonlightInvasionPlan":35,"Dota2Spire:BattleFury":37,"BrkXgEgg":37,"Seething Fire":0,"AT_SilvercatRing":32,"WarpedTongs":4,"testmod-Fortitude":18,"OrangePellets":32,"Ling":32,"AT_SpeedBoots":32,"Anvil of the Gods":0,"Shuriken":44,"Dota2Spire:OctarineCore":29,"PureWater":0,"Toy Ornithopter":31,"REME_ComplimentaryCards":0,"ChiLing":32}],"Toy Ornithopter":2,"WarpedTongs":[34]},"card_choices":[{"not_picked":["Halt","SignatureMove","Prostrate"],"picked":"SKIP","floor":1},{"not_picked":["Protect","MostiFishMod:Nomercy","EmptyBody"],"picked":"SKIP","floor":3},{"not_picked":["FlurryOfBlows","SashWhip","Wallop"],"picked":"SKIP","floor":4},{"not_picked":["Wireheading","BowlingBash","FearNoEvil"],"picked":"SKIP","floor":6},{"not_picked":["Evaluate","REME_Repentance","WindmillStrike"],"picked":"SKIP","floor":8},{"not_picked":["PathToVictory","Wireheading","Perseverance"],"picked":"SKIP","floor":10},{"not_picked":["REME_Repentance","MentalFortress","MostiFishMod:PathToVictory"],"picked":"SKIP","floor":11},{"not_picked":["JustLucky","EmptyBody","FlyingSleeves"],"picked":"SKIP","floor":12},{"not_picked":["REME_CRH","BowlingBash","ThirdEye"],"picked":"SKIP","floor":14},{"not_picked":["AT_ChampionKick","MasterReality"],"picked":"MostiFishMod:StarOceanP","floor":16},{"not_picked":["FlyingSleeves","SignatureMove","JustLucky+1"],"picked":"SKIP","floor":18},{"not_picked":["FlurryOfBlows","AT_DivineConfetti","Crescendo"],"picked":"SKIP","floor":21},{"not_picked":["FearNoEvil","Pray","CrushJoints+1"],"picked":"SKIP","floor":22},{"not_picked":["BowlingBash","Judgement","JustLucky"],"picked":"SKIP","floor":23},{"not_picked":["BowlingBash","Judgement","JustLucky"],"picked":"SKIP","floor":23},{"not_picked":["PathToVictory","FlurryOfBlows","Halt"],"picked":"SKIP","floor":31},{"not_picked":["AT_MachinaRedman","MostiFishMod:ScryFuture"],"picked":"DevaForm","floor":33},{"not_picked":["Evaluate+1","Prostrate","Halt+1"],"picked":"SKIP","floor":35},{"not_picked":["REME_MagicPocketWatch","testmod-RabbitOfFibonacci"],"picked":"MostiFishMod:PerfectForm","floor":36},{"not_picked":["testmod-PocketStoneCalender","testmod-Librarian"],"picked":"Thinking Ahead","floor":36},{"not_picked":["EmptyBody+1","CrushJoints","FollowUp"],"picked":"SKIP","floor":37},{"not_picked":["MentalFortress+1","CutThroughFate","Protect+1"],"picked":"SKIP","floor":40},{"not_picked":["BattleHymn","Sanctity","AT_DivineConfetti+1"],"picked":"SKIP","floor":41},{"not_picked":["CutThroughFate","Evaluate"],"picked":"FlurryOfBlows","floor":46},{"not_picked":["REME_Repentance+1","AT_DivineConfetti","ReachHeaven"],"picked":"SKIP","floor":48},{"not_picked":["SashWhip+1","Collect","AT_DivineConfetti"],"picked":"SKIP","floor":54}],"player_experience":23853,"relics_obtained":[{"floor":6,"key":"testmod-BlackFramedGlasses"},{"floor":9,"key":"Yang"},{"floor":11,"key":"Dota2Spire:PowerTreads"},{"floor":14,"key":"testmod-Fortitude"},{"floor":23,"key":"Toy Ornithopter"},{"floor":25,"key":"Red Mask"},{"floor":26,"key":"AT_GuinsooRageblade"},{"floor":30,"key":"AT_SpeedBoots"},{"floor":31,"key":"testmod-CasingShield"},{"floor":40,"key":"Happy Flower"},{"floor":44,"key":"Old Coin"},{"floor":46,"key":"Girya"},{"floor":54,"key":"Shuriken"}],"event_choices":[{"damage_healed":0,"gold_gain":0,"cards_transformed":["Eruption"],"player_choice":"Transformed","damage_taken":0,"max_hp_gain":0,"max_hp_loss":0,"event_name":"Transmorgrifier","floor":2,"gold_loss":0,"cards_obtained":["ConjureBlade"]},{"damage_healed":0,"gold_gain":0,"player_choice":"Rummage","damage_taken":0,"relics_obtained":["WarpedTongs"],"max_hp_gain":0,"max_hp_loss":0,"event_name":"Accursed Blacksmith","floor":5,"gold_loss":0,"cards_obtained":["Pain"]},{"damage_healed":0,"gold_gain":0,"player_choice":"Shed Blood","damage_taken":18,"max_hp_gain":5,"max_hp_loss":0,"event_name":"Forgotten Altar","floor":19,"gold_loss":0},{"damage_healed":0,"gold_gain":0,"player_choice":"Fought Bandits","damage_taken":0,"max_hp_gain":0,"max_hp_loss":0,"event_name":"Masked Bandits","floor":25,"gold_loss":0},{"damage_healed":0,"gold_gain":0,"player_choice":"Ignored","damage_taken":0,"max_hp_gain":0,"max_hp_loss":0,"event_name":"Beggar","floor":28,"gold_loss":0},{"damage_healed":0,"gold_gain":0,"player_choice":"Memory 3","damage_taken":10,"max_hp_gain":0,"max_hp_loss":0,"event_name":"SensoryStone","floor":36,"gold_loss":0},{"cards_removed":["MostiFishMod:TheEndOfMoonlight"],"damage_healed":0,"gold_gain":0,"player_choice":"Removed Attack","damage_taken":0,"max_hp_gain":0,"max_hp_loss":0,"event_name":"Falling","floor":38,"gold_loss":0},{"damage_healed":0,"gold_gain":0,"player_choice":"Fight","damage_taken":0,"max_hp_gain":0,"max_hp_loss":0,"event_name":"MindBloom","floor":46,"gold_loss":0}],"is_beta":false,"boss_relics":[{"not_picked":["Cursed Key","FrostBlade"],"picked":"testmod-KeyOfTheVoid"},{"not_picked":["BloodWine","OneHitWonderSystem"],"picked":"MoonlightInvasionPlan"}],"items_purged_floors":[47],"is_endless":false,"potions_floor_spawned":[3,6,8,12,14,16,23,25,33,37,41,48],"ascension_level":6}}