{"host":"szp1d6dso4pv7ddl","time":1608693808,"event":{"mods":["AchievementEnabler","Alarm Clock","BaseMod","Bestiary","Block Reminder","Colored Map","Colored Powertips","Curses Come First","Displayed Cursed Tome","Highlight Path","Minty Spire (QoL Compilation)","Permanent Neow","Quick Restart","Relic Sorter","Relic Stats","StSLib","Synergy Search"],"gold_per_floor":[16,34,49,49,124,154,165,192,192,192,212,21,21,39,39,39,39],"floor_reached":16,"playtime":1599,"items_purged":[],"score":162,"play_id":"da4e4eae-be54-4195-bf7f-b3f2547d199c","local_time":"20201222192328","is_ascension_mode":true,"campfire_choices":[{"floor":13,"key":"REST"},{"floor":15,"key":"REST"}],"circlet_count":0,"master_deck":["Strike_G+1","Strike_G+1","Strike_G","Strike_G","Strike_G+1","Defend_G","Defend_G","Defend_G","Defend_G","Defend_G","Survivor","Neutralize","Quick Slash+1","Burst","Parasite","Dodge and Roll","Dagger Throw","Flying Knee"],"relics":["Ring of the Snake","Happy Flower","CaptainsWheel","Whetstone","Darkstone Periapt","Blood Vial"],"acts_visited":["Exordium"],"potions_floor_usage":[6,6,7,16],"damage_taken":[{"damage":0,"enemies":"2 Louse","floor":1,"turns":3},{"damage":0,"enemies":"Jaw Worm","floor":2,"turns":4},{"damage":0,"enemies":"Cultist","floor":3,"turns":4},{"damage":20,"enemies":"Lagavulin","floor":6,"turns":3},{"damage":2,"enemies":"Lots of Slimes","floor":7,"turns":5},{"damage":14,"enemies":"Gremlin Nob","floor":8,"turns":5},{"damage":1,"enemies":"Looter","floor":11,"turns":4},{"damage":27,"enemies":"Gremlin Gang","floor":14,"turns":5},{"damage":45,"enemies":"Hexaghost","floor":16,"turns":14}],"seed_played":"-8562402724060221231","potions_obtained":[{"floor":2,"key":"CunningPotion"},{"floor":3,"key":"SteroidPotion"},{"floor":6,"key":"DuplicationPotion"},{"floor":11,"key":"SpeedPotion"}],"is_trial":false,"path_per_floor":["M","M","M","?","?","E","M","E","T","?","M","$","R","M","R","B"],"character_chosen":"THE_SILENT","items_purchased":["Dagger Throw","Blood Vial"],"campfire_rested":2,"item_purchase_floors":[12,12],"current_hp_per_floor":[63,63,63,49,38,18,16,2,2,25,24,24,46,21,43,0,0],"gold":39,"neow_bonus":"ONE_RARE_RELIC","is_daily":false,"chose_seed":false,"campfire_upgraded":0,"win_rate":0.0,"timestamp":1608693808,"path_taken":["M","M","M","?","?","E","M","E","T","?","M","$","R","M","R","BOSS"],"items_purchased_type":["Card","Relic"],"build_version":"2020-12-13","purchased_purges":0,"victory":false,"max_hp_per_floor":[70,70,70,70,70,70,70,70,70,76,76,76,76,76,76,76,76],"relic_stats":{"Darkstone Periapt":6,"Blood Vial":4,"Happy Flower":[11],"counters":[9,47],"Whetstone":["Strike_G","Strike_G"],"obtain_stats":[{"Darkstone Periapt":9,"Blood Vial":12,"CaptainsWheel":0,"Happy Flower":6,"Whetstone":8,"Ring of the Snake":0},{"Darkstone Periapt":6,"Blood Vial":7,"CaptainsWheel":0,"Happy Flower":4,"Whetstone":6,"Ring of the Snake":0},{"Darkstone Periapt":24,"Blood Vial":28,"CaptainsWheel":0,"Happy Flower":14,"Whetstone":24,"Ring of the Snake":0}],"Ring of the Snake":[18]},"card_choices":[{"not_picked":["Deadly Poison","Backflip","Deflect"],"picked":"SKIP","floor":1},{"not_picked":["Setup","Calculated Gamble"],"picked":"Quick Slash","floor":2},{"not_picked":["Skewer","Reflex","PiercingWail"],"picked":"SKIP","floor":3},{"not_picked":["Acrobatics","Riddle With Holes"],"picked":"Burst","floor":6},{"not_picked":["Deadly Poison","Infinite Blades","Poisoned Stab"],"picked":"SKIP","floor":7},{"not_picked":["Acrobatics","Footwork","Outmaneuver"],"picked":"SKIP","floor":8},{"not_picked":["Caltrops","Setup"],"picked":"Dodge and Roll","floor":11},{"not_picked":["Deflect","Dodge and Roll"],"picked":"Flying Knee","floor":14}],"player_experience":983651,"relics_obtained":[{"floor":6,"key":"Happy Flower"},{"floor":8,"key":"Whetstone"},{"floor":9,"key":"Darkstone Periapt"}],"event_choices":[{"damage_healed":0,"gold_gain":0,"player_choice":"Entered Light","damage_taken":14,"max_hp_gain":0,"max_hp_loss":0,"event_name":"Shining Light","floor":4,"gold_loss":0,"cards_upgraded":["Quick Slash","Strike_G"]},{"damage_healed":0,"gold_gain":75,"player_choice":"Gather Gold","damage_taken":11,"max_hp_gain":0,"max_hp_loss":0,"event_name":"World of Goop","floor":5,"gold_loss":0},{"damage_healed":17,"gold_gain":0,"player_choice":"Healed and dodged fight","damage_taken":0,"max_hp_gain":0,"max_hp_loss":0,"event_name":"Mushrooms","floor":10,"gold_loss":0,"cards_obtained":["Parasite"]}],"is_beta":false,"boss_relics":[],"items_purged_floors":[],"is_endless":false,"potions_floor_spawned":[2,3,6,11],"killed_by":"Hexaghost","ascension_level":9}}