{"host":"foq4mrde4mssg7vt","time":1608714209,"event":{"mods":["AchievementEnabler","BaseMod","Colored Map","Colored Powertips","Highlight Path","Minty Spire (QoL Compilation)","Relic Stats","everything is the same but u backflip on backflip"],"gold_per_floor":[368,443,453,69,81,111,111,121,121,151,163,163,163,177,177,279,279,298,298,298,315,329,329,348,124,171,43,56,56,56,66,66,161,161,172,182,182,182,182,209,209,223,248,283,206,220,220,220],"floor_reached":47,"playtime":1911,"items_purged":["Strike_B","Strike_B","Strike_B"],"score":771,"play_id":"027d7158-0c49-49ec-a17f-5f9bd1180a10","local_time":"20201223170329","is_ascension_mode":true,"campfire_choices":[{"floor":7.0,"key":"REST"},{"data":"Static Discharge","floor":15.0,"key":"SMITH"},{"floor":23.0,"key":"REST"},{"floor":30.0,"key":"REST"},{"data":"Loop","floor":32.0,"key":"SMITH"},{"floor":41,"key":"REST"}],"circlet_count":0,"master_deck":["Strike_B","Defend_B","Defend_B","Defend_B","Defend_B","Zap","Dualcast","Cold Snap","Barrage","Electrodynamics","Undo","Compile Driver","Coolheaded","Static Discharge+1","Fission","Force Field+1","FTL","Gash+1","Self Repair","Loop+1","White Noise","Biased Cognition","Conserve Battery","Finesse","Echo Form","Parasite","Stack"],"relics":["Cracked Core","Singing Bowl","Cables","Mummified Hand","Nuclear Battery","CultistMask","Bronze Scales","Matryoshka","Sozu","Smiling Mask","StrikeDummy","PreservedInsect","Question Card"],"acts_visited":["Exordium","TheCity","TheBeyond"],"potions_floor_usage":[33,33],"damage_taken":[{"damage":1.0,"enemies":"Cultist","floor":1.0,"turns":4.0},{"damage":10.0,"enemies":"Small Slimes","floor":3.0,"turns":3.0},{"damage":2.0,"enemies":"2 Louse","floor":5.0,"turns":2.0},{"damage":16.0,"enemies":"Gremlin Nob","floor":6.0,"turns":3.0},{"damage":3.0,"enemies":"Blue Slaver","floor":8.0,"turns":3.0},{"damage":8.0,"enemies":"Lagavulin","floor":10.0,"turns":5.0},{"damage":11.0,"enemies":"Exordium Thugs","floor":11.0,"turns":2.0},{"damage":6.0,"enemies":"Looter","floor":14.0,"turns":2.0},{"damage":10.0,"enemies":"Hexaghost","floor":16.0,"turns":9.0},{"damage":0.0,"enemies":"3 Byrds","floor":18.0,"turns":2.0},{"damage":26.0,"enemies":"2 Thieves","floor":21.0,"turns":4.0},{"damage":18.0,"enemies":"Shelled Parasite and Fungi","floor":22.0,"turns":6.0},{"damage":23.0,"enemies":"Snake Plant","floor":24.0,"turns":4.0},{"damage":23.0,"enemies":"Centurion and Healer","floor":28.0,"turns":2.0},{"damage":3.0,"enemies":"Cultist and Chosen","floor":31.0,"turns":6.0},{"damage":27,"enemies":"Collector","floor":33,"turns":11},{"damage":28,"enemies":"3 Darklings","floor":35,"turns":5},{"damage":7,"enemies":"Orb Walker","floor":36,"turns":2},{"damage":48,"enemies":"Nemesis","floor":40,"turns":7},{"damage":5,"enemies":"Writhing Mass","floor":42,"turns":15},{"damage":41,"enemies":"Reptomancer","floor":44,"turns":4},{"damage":5,"enemies":"Spire Growth","floor":46,"turns":6},{"damage":29,"enemies":"Giant Head","floor":47,"turns":6}],"seed_played":"-34214876793810840","potions_obtained":[{"floor":6.0,"key":"ColorlessPotion"},{"floor":8.0,"key":"Weak Potion"},{"floor":16.0,"key":"Fruit Juice"},{"floor":21.0,"key":"SpeedPotion"},{"floor":24.0,"key":"CultistPotion"},{"floor":31.0,"key":"PowerPotion"},{"floor":33,"key":"BlessingOfTheForge"}],"is_trial":false,"path_per_floor":["M","?","M","$","M","E","R","M","T","E","M","?","?","M","R","B",null,"M","?","?","M","M","R","M","$","T","$","M","T","R","M","R","B",null,"M","M","?","?","?","E","R","M","T","E","$","M","E"],"character_chosen":"DEFECT","items_purchased":["Barrage","Singing Bowl","Self Repair","PowerPotion","Loop","FocusPotion","Stack"],"campfire_rested":4,"item_purchase_floors":[4,4,25,25,27,27,45],"current_hp_per_floor":[49,38,28,28,26,12,35,32,32,24,13,13,38,32,32,22,63,63,63,63,37,19,42,26,26,26,26,10,10,35,41,41,21,70,49,51,51,51,51,10,36,47,47,22,22,26,0,0],"gold":220,"neow_bonus":"TWO_FIFTY_GOLD","is_daily":false,"chose_seed":false,"campfire_upgraded":2,"win_rate":0.0,"timestamp":1608714209,"path_taken":["M","?","M","$","M","E","R","M","T","E","M","?","?","M","R","BOSS","M","?","?","M","M","R","?","$","T","$","M","?","R","M","R","BOSS","M","M","?","?","?","E","R","M","T","E","?","M","E"],"items_purchased_type":["Card","Relic","Card","Potion","Card","Potion","Card"],"build_version":"2020-12-22","purchased_purges":3,"victory":false,"max_hp_per_floor":[75,75,75,75,75,77,77,77,77,77,77,77,77,77,77,77,77,77,77,77,77,77,77,84,84,84,84,84,84,84,86,86,86,86,86,88,88,88,88,88,88,90,90,92,92,94,94,94],"relic_stats":{"Sozu":3,"Singing Bowl":14,"counters":[23,112],"Mummified Hand":[73],"Bronze Scales":[202],"PreservedInsect":190,"Smiling Mask":75,"Question Card":1,"obtain_stats":[{"Singing Bowl":4,"PreservedInsect":43,"Smiling Mask":40,"Question Card":44,"Cables":6,"Nuclear Battery":17,"Sozu":34,"Matryoshka":29,"Mummified Hand":10,"Bronze Scales":26,"CultistMask":20,"Cracked Core":0,"StrikeDummy":43},{"Singing Bowl":2,"PreservedInsect":20,"Smiling Mask":19,"Question Card":21,"Cables":4,"Nuclear Battery":9,"Sozu":16,"Matryoshka":14,"Mummified Hand":6,"Bronze Scales":13,"CultistMask":10,"Cracked Core":0,"StrikeDummy":20},{"Singing Bowl":7,"PreservedInsect":96,"Smiling Mask":81,"Question Card":100,"Cables":12,"Nuclear Battery":33,"Sozu":67,"Matryoshka":51,"Mummified Hand":20,"Bronze Scales":49,"CultistMask":35,"Cracked Core":0,"StrikeDummy":96}],"Cables":[89,43,39,0,7]},"card_choices":[{"not_picked":["Redo","Steam"],"picked":"Cold Snap","floor":1.0},{"not_picked":["Compile Driver","Gash"],"picked":"Ball Lightning","floor":3.0},{"not_picked":["Leap","Stack"],"picked":"Electrodynamics","floor":5.0},{"not_picked":["Reprogram","Force Field","Recycle"],"picked":"Singing Bowl","floor":6.0},{"not_picked":["Sweeping Beam","Hologram"],"picked":"Undo","floor":8.0},{"not_picked":["Static Discharge","Doom and Gloom"],"picked":"Compile Driver","floor":10.0},{"not_picked":["Rip and Tear","Chaos"],"picked":"Coolheaded","floor":11.0},{"not_picked":["Barrage","Sunder"],"picked":"Static Discharge","floor":14.0},{"not_picked":["Electrodynamics","Hyperbeam"],"picked":"Fission","floor":16.0},{"not_picked":["Compile Driver","Go for the Eyes"],"picked":"Force Field+1","floor":18.0},{"not_picked":["Rebound","Darkness"],"picked":"FTL","floor":21.0},{"not_picked":["Force Field","Barrage"],"picked":"Gash+1","floor":22.0},{"not_picked":["Sweeping Beam","Recycle","Stack"],"picked":"Singing Bowl","floor":24.0},{"not_picked":["Sweeping Beam","Skim"],"picked":"White Noise","floor":28.0},{"not_picked":["Aggregate","Ball Lightning","Meteor Strike"],"picked":"Singing Bowl","floor":31.0},{"not_picked":["All For One","Multi-Cast"],"picked":"Biased Cognition","floor":33},{"not_picked":["Cold Snap","Stack"],"picked":"Conserve Battery","floor":35},{"not_picked":["Leap+1","Beam Cell+1","Conserve Battery+1"],"picked":"Singing Bowl","floor":36},{"not_picked":["Deep Breath","Metamorphosis"],"picked":"Finesse","floor":37},{"not_picked":["Hologram","Tempest"],"picked":"Echo Form","floor":40},{"not_picked":["Gash+1","Darkness","Conserve Battery+1"],"picked":"Singing Bowl","floor":42},{"not_picked":["Compile Driver","Redo+1","Conserve Battery"],"picked":"Singing Bowl","floor":44},{"not_picked":["Multi-Cast","Heatsinks+1","Turbo","Genetic Algorithm"],"picked":"Singing Bowl","floor":46}],"player_experience":233801,"relics_obtained":[{"floor":6.0,"key":"Cables"},{"floor":10.0,"key":"Mummified Hand"},{"floor":26.0,"key":"Bronze Scales"},{"floor":29.0,"key":"Matryoshka"},{"floor":40,"key":"Smiling Mask"},{"floor":43,"key":"StrikeDummy"},{"floor":43,"key":"PreservedInsect"},{"floor":44,"key":"Question Card"}],"event_choices":[{"damage_healed":0.0,"max_hp_gain":0.0,"max_hp_loss":0.0,"gold_gain":75.0,"event_name":"World of Goop","player_choice":"Gather Gold","floor":2.0,"gold_loss":0.0,"damage_taken":11.0},{"damage_healed":0.0,"max_hp_gain":0.0,"max_hp_loss":0.0,"gold_gain":0.0,"event_name":"Shining Light","player_choice":"Ignored","floor":12.0,"gold_loss":0.0,"damage_taken":0.0},{"damage_healed":25.0,"max_hp_gain":0.0,"max_hp_loss":0.0,"gold_gain":0.0,"event_name":"Big Fish","player_choice":"Banana","floor":13.0,"gold_loss":0.0,"damage_taken":0.0},{"damage_healed":0.0,"max_hp_gain":0.0,"max_hp_loss":0.0,"gold_gain":0.0,"event_name":"Vampires","player_choice":"Ignored","floor":19.0,"gold_loss":0.0,"damage_taken":0.0},{"damage_healed":0.0,"max_hp_gain":0.0,"max_hp_loss":0.0,"gold_gain":0.0,"event_name":"FaceTrader","player_choice":"Trade","floor":20.0,"gold_loss":0.0,"damage_taken":0.0,"relics_obtained":["CultistMask"]},{"damage_healed":0,"gold_gain":0,"player_choice":"Memory 1","damage_taken":0,"max_hp_gain":0,"max_hp_loss":0,"event_name":"SensoryStone","floor":37,"gold_loss":0},{"damage_healed":0,"gold_gain":0,"player_choice":"Ignored","damage_taken":0,"max_hp_gain":0,"max_hp_loss":0,"event_name":"Tomb of Lord Red Mask","floor":38,"gold_loss":0},{"cards_removed":["Ball Lightning"],"damage_healed":0,"gold_gain":0,"player_choice":"Removed Attack","damage_taken":0,"max_hp_gain":0,"max_hp_loss":0,"event_name":"Falling","floor":39,"gold_loss":0}],"is_beta":false,"boss_relics":[{"not_picked":["Philosopher\u0027s Stone","Tiny House"],"picked":"Nuclear Battery"},{"not_picked":["Pandora\u0027s Box","Cursed Key"],"picked":"Sozu"}],"items_purged_floors":[4,25,45],"is_endless":false,"potions_floor_spawned":[6,8,16,21,24,31,33,36,44,46],"killed_by":"Giant Head","ascension_level":9}}