{"host":"n4fty02wqqi95laq","time":1608695312,"event":{"mods":["BaseMod","Highlight Path","Minty Spire (QoL Compilation)","Quick Restart","Rare Cards Sparkle","StSLib"],"gold_per_floor":[115,129,140,65,83,83,96,96,96,96,122,122,122,138,138,216,216,235,285,285,45,45,45,77,89,89,116,136,8,8,8],"floor_reached":30,"playtime":771,"items_purged":["Strike_G"],"score":536,"play_id":"9c53351c-69e3-41c7-8b3d-14384d963999","local_time":"20201223114832","is_ascension_mode":true,"campfire_choices":[{"data":"Neutralize","floor":6.0,"key":"SMITH"},{"data":"Blade Dance","floor":8.0,"key":"SMITH"},{"data":"Finisher","floor":12.0,"key":"SMITH"},{"data":"Acrobatics","floor":15.0,"key":"SMITH"},{"floor":23.0,"key":"RECALL"}],"circlet_count":0,"master_deck":["AscendersBane","Strike_G","Strike_G","Defend_G","Defend_G","Defend_G","Defend_G","Defend_G","Survivor","Neutralize+1","Infinite Blades","Blade Dance+1","Finisher+1","Backflip+1","Acrobatics+1","Cloak And Dagger+1","Venomology"],"relics":["Ring of the Snake","NeowsBlessing","Happy Flower","Oddly Smooth Stone","HoveringKite","Medical Kit","Blue Candle","The Courier","Regal Pillow","Membership Card"],"acts_visited":["Exordium","TheCity"],"potions_floor_usage":[28],"damage_taken":[{"damage":0.0,"enemies":"Jaw Worm","floor":1.0,"turns":1.0},{"damage":0.0,"enemies":"Small Slimes","floor":2.0,"turns":1.0},{"damage":0.0,"enemies":"2 Louse","floor":3.0,"turns":1.0},{"damage":5.0,"enemies":"Red Slaver","floor":5.0,"turns":3.0},{"damage":3.0,"enemies":"Blue Slaver","floor":7.0,"turns":2.0},{"damage":7.0,"enemies":"Lagavulin","floor":11.0,"turns":7.0},{"damage":2.0,"enemies":"Looter","floor":14.0,"turns":4.0},{"damage":19.0,"enemies":"The Guardian","floor":16.0,"turns":10.0},{"damage":10.0,"enemies":"Spheric Guardian","floor":18.0,"turns":4.0},{"damage":13.0,"enemies":"Slavers","floor":24.0,"turns":6.0},{"damage":0.0,"enemies":"Chosen","floor":25.0,"turns":2.0},{"damage":18.0,"enemies":"Gremlin Leader","floor":27.0,"turns":5.0},{"damage":12,"enemies":"Shelled Parasite and Fungi","floor":28,"turns":3},{"damage":0,"enemies":"Snake Plant","floor":30,"turns":2}],"seed_played":"4225329671803922030","potions_obtained":[{"floor":3.0,"key":"Block Potion"},{"floor":5.0,"key":"BlessingOfTheForge"},{"floor":13.0,"key":"PowerPotion"},{"floor":14.0,"key":"ColorlessPotion"},{"floor":16.0,"key":"Fruit Juice"},{"floor":18.0,"key":"LiquidMemories"}],"is_trial":false,"path_per_floor":["M","M","M","?","M","R","M","R","T","?","E","R","?","M","R","B",null,"M","?","?","$","?","R","E","M","T","E","M","$","M"],"character_chosen":"THE_SILENT","items_purchased":["Medical Kit","Membership Card"],"campfire_rested":0,"item_purchase_floors":[21,29],"current_hp_per_floor":[59,59,59,59,54,54,51,51,51,51,44,44,44,42,42,23,55,50,50,50,50,50,50,37,37,37,19,7,7,7,7],"gold":8,"neow_bonus":"THREE_ENEMY_KILL","is_daily":false,"chose_seed":false,"campfire_upgraded":4,"win_rate":0.0,"timestamp":1608695312,"path_taken":["M","M","M","?","M","R","M","R","T","?","E","R","?","?","R","BOSS","M","?","?","$","?","R","E","M","T","E","?","$","M"],"items_purchased_type":["Relic","Relic"],"build_version":"2020-12-13","purchased_purges":1,"victory":false,"max_hp_per_floor":[66,66,66,66,66,66,66,66,66,66,66,66,66,66,66,66,66,71,71,71,71,71,71,71,71,71,71,71,71,71,71],"card_choices":[{"not_picked":["Bane","Endless Agony"],"picked":"Infinite Blades","floor":1.0},{"not_picked":["Slice","Acrobatics"],"picked":"Blade Dance","floor":2.0},{"not_picked":["Concentrate","Quick Slash"],"picked":"Finisher","floor":3.0},{"not_picked":["Underhanded Strike","Deflect","Finisher"],"picked":"SKIP","floor":5.0},{"not_picked":["Infinite Blades","Flying Knee"],"picked":"Backflip","floor":7.0},{"not_picked":["Riddle With Holes","Flying Knee","Flechettes"],"picked":"SKIP","floor":11.0},{"not_picked":["Outmaneuver","Infinite Blades"],"picked":"Acrobatics","floor":14.0},{"not_picked":["Catalyst","Endless Agony"],"picked":"Cloak And Dagger+1","floor":18.0},{"not_picked":["Slice","Skewer","Choke"],"picked":"SKIP","floor":24.0},{"not_picked":["Quick Slash","Bane","Flying Knee"],"picked":"SKIP","floor":25.0},{"not_picked":["Dodge and Roll","Bouncing Flask"],"picked":"Venomology","floor":27.0},{"not_picked":["Bane","Flying Knee","Eviscerate"],"picked":"SKIP","floor":28}],"player_experience":631129,"relics_obtained":[{"floor":9.0,"key":"Happy Flower"},{"floor":11.0,"key":"Oddly Smooth Stone"},{"floor":24.0,"key":"Blue Candle"},{"floor":26.0,"key":"The Courier"},{"floor":27.0,"key":"Regal Pillow"}],"event_choices":[{"cards_removed":["Strike_G"],"damage_healed":0.0,"max_hp_gain":0.0,"max_hp_loss":0.0,"gold_gain":0.0,"event_name":"The Cleric","player_choice":"Card Removal","floor":4.0,"gold_loss":75.0,"damage_taken":0.0},{"damage_healed":0.0,"max_hp_gain":0.0,"max_hp_loss":0.0,"gold_gain":0.0,"event_name":"Scrap Ooze","player_choice":"Fled","floor":10.0,"gold_loss":0.0,"damage_taken":0.0},{"damage_healed":0.0,"max_hp_gain":0.0,"max_hp_loss":0.0,"gold_gain":0.0,"event_name":"Lab","player_choice":"Got Potions","floor":13.0,"gold_loss":0.0,"damage_taken":0.0},{"damage_healed":0.0,"max_hp_gain":0.0,"max_hp_loss":0.0,"gold_gain":50.0,"event_name":"Nest","player_choice":"Stole From Cult","floor":19.0,"gold_loss":0.0,"damage_taken":0.0},{"cards_removed":["Strike_G"],"damage_healed":0.0,"max_hp_gain":0.0,"max_hp_loss":0.0,"gold_gain":0.0,"event_name":"Back to Basics","player_choice":"Elegance","floor":20.0,"gold_loss":0.0,"damage_taken":0.0},{"damage_healed":0.0,"max_hp_gain":0.0,"max_hp_loss":0.0,"gold_gain":0.0,"event_name":"Accursed Blacksmith","player_choice":"Forge","floor":22.0,"gold_loss":0.0,"damage_taken":0.0,"cards_upgraded":["Backflip"]}],"is_beta":false,"boss_relics":[{"not_picked":["Busted Crown","Velvet Choker"],"picked":"HoveringKite"}],"items_purged_floors":[21],"is_endless":false,"potions_floor_spawned":[3,5,11,14,16,18],"killed_by":"Snake Plant","ascension_level":20}}