{"host":"0cgp910o8339lr91","time":1608723892,"event":{"mods":["BaseMod","Colored Map","Filter the Spire","Minty Spire (QoL Compilation)","Relic Stats","Slay-I","ojb\u0027s Better Paths Mod","ojb\u0027s Info Mod"],"gold_per_floor":[110,185,185,200,218,253,267,267,267,267,267,267],"floor_reached":11,"playtime":411,"items_purged":[],"score":110,"play_id":"97d100bb-c744-4912-a6ce-94b9859966f0","local_time":"20201223124452","is_ascension_mode":true,"campfire_choices":[{"data":"Beam Cell","floor":8,"key":"SMITH"},{"data":"Tempest","floor":10,"key":"SMITH"}],"circlet_count":0,"master_deck":["AscendersBane","Strike_B","Strike_B","Strike_B","Strike_B","Defend_B","Defend_B","Defend_B","Defend_B","Zap","Dualcast","Ball Lightning","Recycle","Tempest+1","Beam Cell+1","BootSequence"],"relics":["Coffee Dripper","Happy Flower","Kunai","Oddly Smooth Stone"],"acts_visited":["Exordium"],"potions_floor_usage":[11],"damage_taken":[{"damage":0,"enemies":"Jaw Worm","floor":1,"turns":3},{"damage":10,"enemies":"2 Louse","floor":4,"turns":3},{"damage":4,"enemies":"Small Slimes","floor":5,"turns":3},{"damage":25,"enemies":"Gremlin Nob","floor":6,"turns":4},{"damage":0,"enemies":"Blue Slaver","floor":7,"turns":3},{"damage":17,"enemies":"Lagavulin","floor":11,"turns":4}],"seed_played":"2886050150041189965","potions_obtained":[{"floor":6,"key":"LiquidMemories"}],"is_trial":false,"path_per_floor":["M","?","?","M","M","E","M","R","T","R","E"],"character_chosen":"DEFECT","items_purchased":[],"campfire_rested":0,"item_purchase_floors":[],"current_hp_per_floor":[68,57,50,40,36,11,11,11,11,11,0,0],"gold":267,"neow_bonus":"BOSS_RELIC","is_daily":false,"chose_seed":false,"campfire_upgraded":2,"win_rate":0.0,"timestamp":1608723892,"path_taken":["M","?","?","M","M","E","M","R","T","R","E"],"items_purchased_type":[],"build_version":"2020-12-22","purchased_purges":0,"victory":false,"max_hp_per_floor":[75,75,75,75,75,75,75,75,75,75,75,75],"relic_stats":{"Happy Flower":[5],"counters":[6,20],"Kunai":[1],"obtain_stats":[{"Happy Flower":3,"Oddly Smooth Stone":9,"Coffee Dripper":0,"Kunai":6,"Cracked Core":0},{"Happy Flower":1,"Oddly Smooth Stone":5,"Coffee Dripper":0,"Kunai":4,"Cracked Core":0},{"Happy Flower":3,"Oddly Smooth Stone":16,"Coffee Dripper":0,"Kunai":13,"Cracked Core":0}]},"card_choices":[{"not_picked":["Stack","Gash"],"picked":"Ball Lightning","floor":1},{"not_picked":["Redo","Turbo"],"picked":"Recycle","floor":4},{"not_picked":["Turbo","Streamline"],"picked":"Tempest","floor":5},{"not_picked":["Barrage","Cold Snap"],"picked":"Beam Cell","floor":6},{"not_picked":["Rebound","Darkness"],"picked":"BootSequence","floor":7}],"player_experience":986147,"relics_obtained":[{"floor":6,"key":"Kunai"},{"floor":9,"key":"Oddly Smooth Stone"}],"event_choices":[{"damage_healed":0,"gold_gain":75,"player_choice":"Gather Gold","damage_taken":11,"max_hp_gain":0,"max_hp_loss":0,"event_name":"World of Goop","floor":2,"gold_loss":0},{"damage_healed":0,"gold_gain":0,"player_choice":"Success","damage_taken":7,"relics_obtained":["Happy Flower"],"max_hp_gain":0,"max_hp_loss":0,"event_name":"Scrap Ooze","floor":3,"gold_loss":0}],"is_beta":false,"boss_relics":[],"items_purged_floors":[],"is_endless":false,"potions_floor_spawned":[6],"killed_by":"Lagavulin","ascension_level":10}}