{"host":"xodzlm10r37577ou","time":1608719302,"event":{"mods":["Act Like it!","BaseMod","Gensokyo","Koishi","Marisa（F雨　魔理沙）","Minty Spire (QoL Compilation)","Reimu（博丽灵梦）","Replay The Spire","StSLib","【东方二次创作】八云紫mod"],"gold_per_floor":[119,119,15,26,288,288,288,298,324,324,324,358,25,42,42,42,42],"floor_reached":16,"playtime":1067,"items_purged":["Koishi:BasicStrike"],"score":100,"play_id":"16cb1e14-d38f-442d-9fc8-e7d276f5530f","local_time":"20201223182822","is_ascension_mode":false,"campfire_choices":[{"data":"Koishi:MassHysteria","floor":6,"key":"SMITH"},{"data":"Koishi:MassHysteria","floor":11,"key":"SMITH"},{"floor":15,"key":"REST"}],"circlet_count":0,"master_deck":["Koishi:BasicStrike","Koishi:BasicStrike","Koishi:BasicStrike","Koishi:BasicDefend","Koishi:BasicDefend","Koishi:BasicDefend","Koishi:BasicDefend","Koishi:Provoke","Koishi:MassHysteria+1","Koishi:MassHysteria+1","Koishi:Whimsy","Koishi:ReflexRadar"],"relics":["Koishi:ImaginaryFriend","Strawberry","Gensokyo:OccultBall","Gensokyo:CelestialsFlawlessClothing","Bag of Preparation","Happy Flower","Koishi:EchoesOfADeadGirl","Juzu Bracelet","Eternal Feather"],"acts_visited":["Gensokyo:Gensokyo"],"potions_floor_usage":[8,14],"damage_taken":[{"damage":2,"enemies":"Gensokyo:Gryphon","floor":1,"turns":5},{"damage":10,"enemies":"Gensokyo:3_Fairies","floor":4,"turns":5},{"damage":9,"enemies":"Gensokyo:2_Kodama","floor":5,"turns":7},{"damage":0,"enemies":"Gensokyo:LivingMonolith","floor":8,"turns":3},{"damage":26,"enemies":"Gensokyo:Aya","floor":12,"turns":5},{"damage":0,"enemies":"Gensokyo:Gryphon_and_Rabbit","floor":14,"turns":4},{"damage":17,"enemies":"Gensokyo:Kokoro","floor":16,"turns":13}],"seed_played":"-4521785253773664657","potions_obtained":[{"floor":1,"key":"Swift Potion"},{"floor":8,"key":"Elixir"},{"floor":12,"key":"ColorlessPotion"}],"is_trial":false,"path_per_floor":["M","?","COS","M","M","R","?","M","T","?","R","E","$","M","R","B"],"character_chosen":"KOISHI","items_purchased":["Eternal Feather"],"campfire_rested":1,"item_purchase_floors":[13],"current_hp_per_floor":[58,58,58,49,41,41,25,27,27,27,27,1,1,1,27,10,10],"gold":42,"neow_bonus":"RANDOM_EVENT","is_daily":false,"chose_seed":false,"campfire_upgraded":2,"win_rate":0.0,"timestamp":1608719302,"path_taken":["M","?","COS","M","M","R","?","M","T","?","R","E","$","M","R","BOSS"],"items_purchased_type":["Relic"],"build_version":"2020-12-22","purchased_purges":1,"victory":false,"max_hp_per_floor":[67,67,67,67,67,67,67,67,67,67,67,67,67,67,67,67,67],"card_choices":[{"not_picked":["Koishi:DreadfulBlow","Koishi:BloodcurdlingScream"],"picked":"Koishi:ReleaseOfTheId","floor":1},{"not_picked":["Koishi:Bloodlust","Koishi:JumpScare"],"picked":"Koishi:MassHysteria","floor":4},{"not_picked":["Koishi:BloodcurdlingScream","Koishi:UnconsciousUrges"],"picked":"Koishi:MassHysteria","floor":5},{"not_picked":["Koishi:BloodcurdlingScream","Koishi:StingingMind","Koishi:ParalyzingFear"],"picked":"SKIP","floor":8},{"not_picked":["Koishi:BloodcurdlingScream","Koishi:ParalyzingFear"],"picked":"Koishi:Whimsy","floor":12},{"not_picked":["Koishi:RacingHeart","Koishi:HeartStoppingHorror"],"picked":"Koishi:ReflexRadar","floor":14}],"player_experience":584940,"relics_obtained":[{"floor":4,"key":"Gensokyo:OccultBall"},{"floor":5,"key":"Gensokyo:OccultBall"},{"floor":9,"key":"Bag of Preparation"},{"floor":12,"key":"Gensokyo:OccultBall"},{"floor":12,"key":"Juzu Bracelet"}],"event_choices":[],"is_beta":false,"boss_relics":[],"items_purged_floors":[13],"is_endless":false,"potions_floor_spawned":[1,8,12],"killed_by":"Gensokyo:Kokoro","ascension_level":0}}