{"host":"y1gy3vaohdji07z5","time":1608756903,"event":{"mods":["BaseMod","Colored Map","Colored Powertips","Hermit","Minty Spire (QoL Compilation)","Random Character Button","Rare Cards Sparkle","StSLib"],"gold_per_floor":[113,113,40,54,64,98,98,98,98,118,66,105,105,105,105,299,299,322,322,336,435,471,471,471,471],"floor_reached":24,"playtime":1131,"items_purged":[],"score":235,"play_id":"36dad16e-addb-4a3b-b978-3c6d9f59f16a","local_time":"20201223215503","is_ascension_mode":true,"campfire_choices":[{"data":"hermit:PistolWhip","floor":7,"key":"SMITH"},{"data":"hermit:DeadOrAlive","floor":13,"key":"SMITH"},{"data":"hermit:Covet","floor":15,"key":"SMITH"},{"data":"hermit:Glare","floor":23,"key":"SMITH"}],"circlet_count":0,"master_deck":["hermit:Strike_Hermit","hermit:Strike_Hermit","hermit:Strike_Hermit","hermit:Strike_Hermit","hermit:Defend_Hermit","hermit:Defend_Hermit","hermit:Defend_Hermit","hermit:Defend_Hermit","hermit:Snapshot","hermit:Covet+1","hermit:ShadowCloak+1","Decay","hermit:PistolWhip+1","hermit:Dive","Injury","hermit:Dive+1","hermit:DeadOrAlive+1","hermit:FinalCanter","hermit:Glare+1","hermit:PistolWhip+1"],"relics":["hermit:Momento","NeowsBlessing","Pantograph","Golden Idol","Meat on the Bone","Frozen Egg 2","Philosopher\u0027s Stone","Molten Egg 2"],"acts_visited":["Exordium","TheCity"],"potions_floor_usage":[1,12,22],"damage_taken":[{"damage":0,"enemies":"Jaw Worm","floor":1,"turns":1},{"damage":0,"enemies":"Cultist","floor":4,"turns":1},{"damage":0,"enemies":"Small Slimes","floor":5,"turns":1},{"damage":22,"enemies":"3 Sentries","floor":6,"turns":11},{"damage":6,"enemies":"Looter","floor":10,"turns":3},{"damage":10,"enemies":"Lagavulin","floor":12,"turns":6},{"damage":47,"enemies":"Slime Boss","floor":16,"turns":21},{"damage":22,"enemies":"Shell Parasite","floor":18,"turns":5},{"damage":22,"enemies":"Chosen","floor":20,"turns":5},{"damage":42,"enemies":"Shelled Parasite and Fungi","floor":22,"turns":7},{"damage":37,"enemies":"Chosen and Byrds","floor":24,"turns":4}],"seed_played":"2281384015740678022","potions_obtained":[{"floor":1,"key":"Fruit Juice"},{"floor":4,"key":"Dexterity Potion"},{"floor":6,"key":"DuplicationPotion"},{"floor":18,"key":"Swift Potion"}],"is_trial":false,"path_per_floor":["M","?","$","M","M","E","R","?","T","M","$","E","R","?","R","B",null,"M","?","M","?","M","R","M"],"character_chosen":"HERMIT","items_purchased":["hermit:PistolWhip","hermit:Dive"],"campfire_rested":0,"item_purchase_floors":[3,11],"current_hp_per_floor":[80,80,80,80,80,58,58,58,58,52,52,42,42,26,26,16,80,58,58,48,48,18,18,0,0],"gold":471,"neow_bonus":"THREE_ENEMY_KILL","is_daily":false,"chose_seed":false,"campfire_upgraded":4,"win_rate":0.0,"timestamp":1608756903,"path_taken":["M","?","$","M","?","E","R","?","T","M","$","E","R","?","R","BOSS","M","?","?","?","M","R","M"],"items_purchased_type":["Card","Card"],"build_version":"2020-12-22","purchased_purges":0,"victory":false,"max_hp_per_floor":[80,80,80,80,80,80,80,80,80,80,80,80,80,80,80,80,80,80,80,80,80,80,80,80,80],"card_choices":[{"not_picked":["hermit:TakeAim","hermit:Glare"],"picked":"hermit:ShadowCloak","floor":1},{"not_picked":["hermit:WideOpen","hermit:SprayPray"],"picked":"hermit:Dive","floor":4},{"not_picked":["hermit:Shortfuse","hermit:Vantage","hermit:Feint"],"picked":"SKIP","floor":5},{"not_picked":["hermit:EyeOfTheStorm","hermit:Shortfuse","hermit:Vantage"],"picked":"SKIP","floor":6},{"not_picked":["hermit:EyeOfTheStorm","hermit:BodyArmor"],"picked":"hermit:GoldenBullet","floor":10},{"not_picked":["hermit:WideOpen","hermit:EyeOfTheStorm"],"picked":"hermit:DeadOrAlive","floor":12},{"not_picked":["hermit:Roughhouse","hermit:OverwhelmingPower+1"],"picked":"hermit:FinalCanter","floor":16},{"not_picked":["hermit:Coalescence","hermit:SprayPray"],"picked":"hermit:Glare","floor":18},{"not_picked":["hermit:LoneWolf","hermit:TakeAim+1"],"picked":"hermit:PistolWhip+1","floor":20},{"not_picked":["hermit:Coalescence","hermit:Enervate+1","hermit:Shortfuse+1"],"picked":"SKIP","floor":22}],"player_experience":353224,"relics_obtained":[{"floor":6,"key":"Pantograph"},{"floor":9,"key":"Meat on the Bone"},{"floor":12,"key":"Frozen Egg 2"}],"event_choices":[{"damage_healed":0,"gold_gain":0,"player_choice":"Cursed","damage_taken":0,"max_hp_gain":0,"max_hp_loss":0,"event_name":"Wheel of Change","floor":2,"gold_loss":0,"cards_obtained":["Decay"]},{"damage_healed":0,"gold_gain":0,"player_choice":"Take Wound","damage_taken":0,"relics_obtained":["Golden Idol"],"max_hp_gain":0,"max_hp_loss":0,"event_name":"Golden Idol","floor":8,"gold_loss":0,"cards_obtained":["Injury"]},{"damage_healed":0,"gold_gain":0,"player_choice":"Entered Light","damage_taken":16,"max_hp_gain":0,"max_hp_loss":0,"event_name":"Shining Light","floor":14,"gold_loss":0,"cards_upgraded":["hermit:ShadowCloak","hermit:Dive"]},{"cards_removed":["hermit:GoldenBullet"],"damage_healed":0,"gold_gain":0,"player_choice":"Gave Card","damage_taken":0,"relics_obtained":["Molten Egg 2"],"max_hp_gain":0,"max_hp_loss":0,"event_name":"WeMeetAgain","floor":19,"gold_loss":0},{"damage_healed":0,"gold_gain":99,"player_choice":"Stole From Cult","damage_taken":0,"max_hp_gain":0,"max_hp_loss":0,"event_name":"Nest","floor":21,"gold_loss":0}],"is_beta":false,"boss_relics":[{"not_picked":["Tiny House","Snecko Eye"],"picked":"Philosopher\u0027s Stone"}],"items_purged_floors":[],"is_endless":false,"potions_floor_spawned":[1,4,6,18],"killed_by":"Chosen and Byrds","ascension_level":3}}