{"host":"kiah4uoohy01p0hv","time":1608724260,"event":{"mods":["AchievementEnabler","Aspiration","BaseMod","BetterRewards","CCEM","Colored Map","Colored Powertips","Conspire","Highlight Path","Hubris","Minty Spire (QoL Compilation)","Permanent Neow","Replay The Spire","Spicy Shops","Spikes Relics","StSLib"],"gold_per_floor":[114,127,127,39,52,80,100,127,127,152,6,29,49,61,61,158,158,177,191,191,291,302,302,334,26,26,26,37,37,14,26,26,121,121,141,141,141,0,19,45,45,64,109,109,119,139,139,156,156,156],"floor_reached":51,"playtime":4770,"items_purged":["Normality"],"score":769,"play_id":"eb463ec4-62df-4cd4-9228-e95d014300bb","local_time":"20201223215100","is_ascension_mode":false,"campfire_choices":[{"data":"ReplayTheSpireMod:Calculation Training","floor":15,"key":"SMITH"},{"data":"Fusion","floor":23,"key":"SMITH"},{"data":"Static Discharge","floor":27,"key":"SMITH"},{"data":"Loop","floor":29,"key":"SMITH"},{"data":"Defragment","floor":32,"key":"SMITH"},{"data":"Capacitor","floor":41,"key":"SMITH"},{"data":"Static Discharge","floor":44,"key":"SMITH"},{"data":"FIFO Queue","floor":47,"key":"SMITH"},{"data":"Static Discharge","floor":49,"key":"SMITH"}],"circlet_count":0,"master_deck":["Strike_B","Strike_B","Strike_B","Defend_B","Defend_B","Defend_B","Defend_B","Zap","Dualcast","Beam Cell","Self Repair+1","Capacitor+1","Static Discharge+1","Loop","Barrage","Sweeping Beam","Defragment+1","Lockon","Go for the Eyes","ReplayTheSpireMod:Calculation Training+1","Thunder Strike+1","Fusion+1","Ball Lightning","Loop+1","Defragment","Ball Lightning","Loop","Heatsinks","Static Discharge+1","Static Discharge+1","Ball Lightning","Force Field+1","White Noise+1","FIFO Queue+1","Crystallizer+1"],"relics":["Cracked Core","aspiration:Nostalgia","Sizzling Blood","Unceasing Top","Bronze Scales","Pear","CCEMRelics:Barrel","Replay:Rubber Ducky","Nuclear Battery","hubris:Towel","Replay:Ringing Soul","Membership Card","SpikesRelics:SneckoPlush","Dream Catcher","RoseTintedShades","hubris:Backtick","hubris:BallOfYels","Prayer Wheel","Ring of Chaos","Ring of Shattering","Guide Book","BranchBurnRelic","Smiling Mask"],"acts_visited":["Exordium","TheCity","TheBeyond"],"potions_floor_usage":[6,14,16,33,33,50,50],"damage_taken":[{"damage":12,"enemies":"Small Slimes","floor":1,"turns":4},{"damage":7,"enemies":"Jaw Worm","floor":2,"turns":4},{"damage":2,"enemies":"conspire:RoseBush","floor":5,"turns":3},{"damage":7,"enemies":"Replay:BlueRogue","floor":6,"turns":5},{"damage":14,"enemies":"Exordium Wildlife","floor":7,"turns":4},{"damage":40,"enemies":"3 Sentries","floor":8,"turns":7},{"damage":26,"enemies":"Gremlin Nob","floor":10,"turns":4},{"damage":0,"enemies":"Exordium Thugs","floor":13,"turns":4},{"damage":1,"enemies":"Large Slime","floor":14,"turns":2},{"damage":23,"enemies":"Slime Boss","floor":16,"turns":7},{"damage":6,"enemies":"3 Byrds","floor":18,"turns":3},{"damage":18,"enemies":"Shell Parasite","floor":19,"turns":3},{"damage":0,"enemies":"conspire:HollyBat","floor":22,"turns":5},{"damage":43,"enemies":"Book of Stabbing","floor":24,"turns":5},{"damage":11,"enemies":"3 Cultists","floor":28,"turns":4},{"damage":8,"enemies":"Cultist and Chosen","floor":31,"turns":5},{"damage":7,"enemies":"hubris:MusketHawk","floor":33,"turns":6},{"damage":2,"enemies":"3 Shapes","floor":35,"turns":5},{"damage":9,"enemies":"Orb Walker","floor":39,"turns":2},{"damage":33,"enemies":"Reptomancer","floor":40,"turns":5},{"damage":24,"enemies":"4 Shapes","floor":42,"turns":3},{"damage":10,"enemies":"Maw","floor":45,"turns":5},{"damage":58,"enemies":"Jaw Worm Horde","floor":46,"turns":4},{"damage":0,"enemies":"Transient","floor":48,"turns":5},{"damage":111,"enemies":"Awakened One","floor":50,"turns":6}],"seed_played":"-6568989945151203721","potions_obtained":[{"floor":5,"key":"SkillPotion"},{"floor":6,"key":"SmokeBomb"},{"floor":13,"key":"PowerPotion"},{"floor":14,"key":"AttackPotion"},{"floor":18,"key":"FairyPotion"},{"floor":19,"key":"Dexterity Potion"},{"floor":31,"key":"FocusPotion"},{"floor":33,"key":"EssenceOfDarkness"},{"floor":39,"key":"PotionOfCapacity"},{"floor":46,"key":"DistilledChaos"}],"is_trial":false,"path_per_floor":["M","M","?","$","M","E","M","E","T","E","$","T","M","M","R_BF","B",null,"M","M","?","?","M","R","E","$","T","R","M","R","$","M","R","B",null,"M","?","?","$","M","E","R","M","T","R","M","M","R","M","R","B",null],"character_chosen":"DEFECT","items_purchased":["Capacitor","Defragment","Lockon","Membership Card","Loop","SpikesRelics:SneckoPlush","Dream Catcher","Ball Lightning","Static Discharge","Guide Book"],"campfire_rested":0,"item_purchase_floors":[4,11,11,25,25,25,25,30,38,38],"current_hp_per_floor":[71,68,68,68,77,79,76,47,57,42,42,42,61,79,79,67,89,87,80,80,80,89,89,60,63,63,63,74,74,77,91,91,106,107,110,113,113,116,119,108,108,118,118,118,121,80,80,112,112,20],"gold":156,"neow_bonus":"NOSTALGIA","is_daily":false,"chose_seed":false,"campfire_upgraded":9,"win_rate":0.0,"timestamp":1608724260,"path_taken":["M","M","?","?","M","E","M","E","T","E","$","?","M","M","R_BF","BOSS","M","M","?","?","M","R","E","$","T","R","?","R","$","M","R","BOSS","M","?","?","$","M","E","R","M","T","R","M","M","R","M","R","BOSS"],"items_purchased_type":["Card","Card","Card","Relic","Card","Relic","Relic","Card","Card","Relic"],"build_version":"2020-12-22","purchased_purges":1,"victory":true,"max_hp_per_floor":[79,79,79,79,79,79,79,79,89,89,89,89,89,89,89,89,89,89,89,89,89,89,89,92,95,95,95,98,98,101,104,104,107,107,110,113,113,116,119,119,119,122,122,122,122,125,125,128,128,128],"card_choices":[{"not_picked":["Reinforced Body","Compile Driver"],"picked":"Beam Cell","floor":1},{"not_picked":["Recycle","Fusion"],"picked":"Self Repair","floor":2},{"not_picked":["Capacitor","Hello World"],"picked":"Static Discharge","floor":5},{"not_picked":["Go for the Eyes","Glacier"],"picked":"Loop","floor":6},{"not_picked":["Ball Lightning","Streamline"],"picked":"Barrage","floor":7},{"not_picked":["Turbo","Hologram","Steam"],"picked":"SKIP","floor":8},{"not_picked":["Doom and Gloom","Rebound"],"picked":"Sweeping Beam","floor":10},{"not_picked":["Beam Cell","Coolheaded"],"picked":"Go for the Eyes","floor":13},{"not_picked":["ReplayTheSpireMod:Dual Polarity","Aggregate"],"picked":"ReplayTheSpireMod:Calculation Training","floor":14},{"not_picked":["Mirror Shield","Creative AI"],"picked":"Thunder Strike","floor":16},{"not_picked":["Compile Driver","Capacitor","Rebound+1"],"picked":"SKIP","floor":18},{"not_picked":["Steam","Rebound"],"picked":"Fusion","floor":19},{"not_picked":["Steam","Genetic Algorithm","FTL"],"picked":"SKIP","floor":22},{"not_picked":["ReplayGash","Multi-Cast"],"picked":"Ball Lightning","floor":24},{"not_picked":["Steam+1","Panic Button"],"picked":"Defragment","floor":28},{"not_picked":["BasicCrystalCard","Ball Lightning"],"picked":"Loop","floor":31},{"not_picked":["Core Surge","Rainbow"],"picked":"ReplayTheSpireMod:Fabricate Wheel","floor":33},{"not_picked":["Leap","Panic Button"],"picked":"Heatsinks","floor":35},{"not_picked":["Stack+1","Beam Cell","Rebound"],"picked":"SKIP","floor":35},{"not_picked":["Compile Driver+1","Beam Cell"],"picked":"Ball Lightning","floor":39},{"not_picked":["ReplaySort+1","hubris:PowerSurge+1"],"picked":"Force Field+1","floor":39},{"not_picked":["hubris:PowerSurge+1","Conserve Battery","BasicCrystalCard"],"picked":"SKIP","floor":40},{"not_picked":["ReplayTheSpireMod:Fabricate Wheel","Streamline"],"picked":"White Noise+1","floor":42},{"not_picked":["Turbo","BasicCrystalCard","Gash"],"picked":"SKIP","floor":42},{"not_picked":["Streamline","Stack","Steam Power+1"],"picked":"SKIP","floor":45},{"not_picked":["Panic Button+1","Heatsinks+1","Rip and Tear"],"picked":"SKIP","floor":45},{"not_picked":["Skim+1","Auto Shields+1"],"picked":"FIFO Queue","floor":46},{"not_picked":["Sweeping Beam","Sunder","Hologram+1"],"picked":"SKIP","floor":46},{"not_picked":["FTL","Leap"],"picked":"Crystallizer+1","floor":48},{"not_picked":["Stack","Streamline","Panic Button"],"picked":"SKIP","floor":48}],"player_experience":210815,"relics_obtained":[{"floor":6,"key":"Unceasing Top"},{"floor":8,"key":"Bronze Scales"},{"floor":9,"key":"Pear"},{"floor":10,"key":"CCEMRelics:Barrel"},{"floor":12,"key":"Replay:Rubber Ducky"},{"floor":24,"key":"Replay:Ringing Soul"},{"floor":26,"key":"RoseTintedShades"},{"floor":36,"key":"Ring of Chaos"},{"floor":36,"key":"Ring of Shattering"},{"floor":40,"key":"Dead Branch"},{"floor":43,"key":"Smiling Mask"}],"event_choices":[{"cards_removed":["Strike_B"],"damage_healed":0,"gold_gain":0,"player_choice":"Offered Basic","damage_taken":0,"max_hp_gain":0,"max_hp_loss":0,"event_name":"Bonfire Elementals","floor":3,"gold_loss":0},{"damage_healed":0,"gold_gain":100,"player_choice":"Pray","damage_taken":0,"max_hp_gain":0,"max_hp_loss":0,"event_name":"Golden Shrine","floor":21,"gold_loss":0}],"is_beta":false,"boss_relics":[{"not_picked":["ReplayTheSpireMod:DimensionalGlitch","aspiration:FutureDiary"],"picked":"Nuclear Battery"},{"not_picked":["ChewingGum","hubris:Stopwatch"],"picked":"hubris:Backtick"}],"items_purged_floors":[38],"is_endless":false,"potions_floor_spawned":[5,6,13,14,18,19,31,33,39,42,46],"ascension_level":0}}