{"host":"ged1bqtamtf4sn4x","time":1608747663,"event":{"mods":["BaseMod","Colored Map","DeckTracker","Highlight Path","Keyboard Shortcuts","Minty Spire (QoL Compilation)","Permanent Neow","Quick Restart","SuperFastMode","everything is the same but u backflip on backflip"],"gold_per_floor":[110,125,137,148,161,161,194,194,194,194,194,208,241,166,166,240,240,253,253,263,133,133,133,165,176,230,230,230],"floor_reached":27,"playtime":870,"items_purged":["Strike_R","Writhe"],"score":511,"play_id":"f8c6e2f9-c92a-4347-934b-6fa08889505b","local_time":"20201224032103","is_ascension_mode":true,"campfire_choices":[{"data":"Body Slam","floor":6,"key":"SMITH"},{"data":"Shockwave","floor":8,"key":"SMITH"},{"data":"Pommel Strike","floor":10,"key":"SMITH"},{"data":"Evolve","floor":15,"key":"SMITH"},{"data":"Limit Break","floor":23,"key":"SMITH"}],"circlet_count":0,"master_deck":["AscendersBane","Defend_R","Defend_R","Defend_R","Defend_R","Bash","Pommel Strike+1","Body Slam+1","Shockwave+1","Shrug It Off","Evolve+1","Limit Break+1","Flex","Bite","Bite","Bite+1","Bite+1","Bite","Battle Trance"],"relics":["Burning Blood","Red Skull","PreservedInsect","Art of War","Paper Frog","Black Star","Ancient Tea Set","Meat on the Bone","Whetstone","Vajra"],"acts_visited":["Exordium","TheCity"],"potions_floor_usage":[7,27],"damage_taken":[{"damage":1,"enemies":"Cultist","floor":1,"turns":3},{"damage":6,"enemies":"2 Louse","floor":2,"turns":3},{"damage":4,"enemies":"Small Slimes","floor":3,"turns":4},{"damage":11,"enemies":"Looter","floor":4,"turns":5},{"damage":18,"enemies":"2 Fungi Beasts","floor":5,"turns":5},{"damage":6,"enemies":"Gremlin Nob","floor":7,"turns":3},{"damage":7,"enemies":"Blue Slaver","floor":12,"turns":5},{"damage":27,"enemies":"3 Sentries","floor":13,"turns":7},{"damage":13,"enemies":"The Guardian","floor":16,"turns":13},{"damage":32,"enemies":"Shell Parasite","floor":18,"turns":9},{"damage":2,"enemies":"Chosen","floor":20,"turns":6},{"damage":32,"enemies":"Book of Stabbing","floor":24,"turns":5},{"damage":24,"enemies":"Snake Plant","floor":25,"turns":4},{"damage":41,"enemies":"Slavers","floor":27,"turns":4}],"seed_played":"6137019440278537334","potions_obtained":[{"floor":1,"key":"Block Potion"},{"floor":2,"key":"FearPotion"},{"floor":7,"key":"AttackPotion"},{"floor":25,"key":"Dexterity Potion"}],"is_trial":false,"path_per_floor":["M","M","M","M","M","R","E","R","T","R","?","M","E","$","R","B",null,"M","?","M","$","?","R","E","M","T","E"],"character_chosen":"IRONCLAD","items_purchased":["Flex"],"campfire_rested":0,"item_purchase_floors":[21],"current_hp_per_floor":[73,73,75,70,58,58,58,58,58,58,58,57,36,36,36,29,64,38,38,42,42,42,42,28,32,32,0,0],"gold":230,"neow_bonus":"TRANSFORM_CARD","is_daily":false,"chose_seed":false,"campfire_upgraded":5,"win_rate":0.0,"timestamp":1608747663,"path_taken":["M","M","M","?","M","R","E","R","T","R","?","?","E","$","R","BOSS","M","?","M","$","?","R","E","M","T","E"],"items_purchased_type":["Card"],"build_version":"2020-12-22","purchased_purges":2,"victory":false,"max_hp_per_floor":[75,75,75,75,75,75,75,75,75,75,75,75,75,75,75,75,75,75,75,75,75,52,52,52,52,52,52,52],"card_choices":[{"not_picked":["Havoc","Warcry"],"picked":"Body Slam","floor":1},{"not_picked":["Wild Strike","Sever Soul","Disarm"],"picked":"SKIP","floor":2},{"not_picked":["Ghostly Armor","Sever Soul","Heavy Blade"],"picked":"SKIP","floor":3},{"not_picked":["Dark Embrace","Wild Strike"],"picked":"Shockwave","floor":4},{"not_picked":["Thunderclap","Rupture","Cleave"],"picked":"SKIP","floor":5},{"not_picked":["Reaper","Battle Trance"],"picked":"Shrug It Off","floor":7},{"not_picked":["Infernal Blade","Sword Boomerang","Wild Strike"],"picked":"SKIP","floor":12},{"not_picked":["Sever Soul","Iron Wave"],"picked":"Evolve","floor":13},{"not_picked":["Impervious","Brutality"],"picked":"Limit Break","floor":16},{"not_picked":["Body Slam","Rage","Sentinel"],"picked":"SKIP","floor":18},{"not_picked":["Wild Strike","Evolve","Rampage+1"],"picked":"SKIP","floor":20},{"not_picked":["Cleave","Intimidate","Dual Wield"],"picked":"SKIP","floor":24},{"not_picked":["Hemokinesis","Spot Weakness"],"picked":"Battle Trance","floor":25}],"player_experience":388642,"relics_obtained":[{"floor":7,"key":"Red Skull"},{"floor":9,"key":"PreservedInsect"},{"floor":13,"key":"Paper Frog"},{"floor":24,"key":"Meat on the Bone"},{"floor":24,"key":"Whetstone"},{"floor":26,"key":"Vajra"}],"event_choices":[{"damage_healed":0,"gold_gain":0,"player_choice":"Gave Potion","damage_taken":0,"relics_obtained":["Art of War"],"max_hp_gain":0,"max_hp_loss":0,"event_name":"WeMeetAgain","floor":11,"gold_loss":0},{"damage_healed":0,"gold_gain":0,"player_choice":"Opened","damage_taken":0,"relics_obtained":["Ancient Tea Set"],"max_hp_gain":0,"max_hp_loss":0,"event_name":"The Mausoleum","floor":19,"gold_loss":0,"cards_obtained":["Writhe"]},{"damage_healed":0,"gold_gain":0,"player_choice":"Became a vampire","damage_taken":0,"max_hp_gain":0,"max_hp_loss":23,"event_name":"Vampires","floor":22,"gold_loss":0,"cards_obtained":["Bite","Bite","Bite","Bite","Bite"]}],"is_beta":false,"boss_relics":[{"not_picked":["SacredBark","Philosopher\u0027s Stone"],"picked":"Black Star"}],"items_purged_floors":[14,21],"is_endless":false,"potions_floor_spawned":[1,2,3,7,25],"killed_by":"Slavers","ascension_level":20}}