{"host":"erxdo5czqejbiu49","time":1608761028,"event":{"mods":["Act Like it!","Aspiration","BaseMod","Better Third Choice","Conspire","Downfall-Rebalance","Elementarium","Hermit","Hubris","Minty Spire (QoL Compilation)","Replay The Spire","Shop Mod","StSLib","The Disciple","The Hierophant"],"gold_per_floor":[117,129,139,149,164,164,164,198,198,198,198,230,250,264,264,361,361,373,393,408,408,408,408,434,434,503,517,517,537,537,537,612,716,716,734,753,753,766,776,807,807,817,817,827,827,827,827],"floor_reached":46,"playtime":3171,"items_purged":[],"score":638,"play_id":"82ca1714-cf20-421b-8978-dbc9c1e52554","local_time":"20201223170348","is_ascension_mode":false,"campfire_choices":[{"data":"ReplayTheSpireMod:LeadingStrike","floor":6.0,"key":"SMITH"},{"data":"Metallicize","floor":11.0,"key":"SMITH"},{"data":"Heavy Blade","floor":15.0,"key":"SMITH"},{"floor":23.0,"key":"REST"},{"data":"Infernal Blade","floor":28.0,"key":"SMITH"},{"floor":30.0,"key":"DIG"}],"circlet_count":0,"master_deck":["Strike_R","Strike_R","Strike_R","Strike_R","Strike_R","Defend_R","Defend_R","Defend_R","Defend_R","Bash+1","Heavy Blade+1","Metallicize+1","ReplayTheSpireMod:LeadingStrike+1","Inflame","Metallicize+1","Rupture+1","Life Link+1","Combust+1","Infernal Blade+1","Limit Break+1","Headbutt+1","Flex","Heavy Blade+1","Barricade+1","Flame Barrier","Twin Strike","Limit Break+1","CurseOfTheBell","ReplayTheSpireMod:Stacked","Massacre+1","Seeing Red+1","Headbutt+1","Armaments+1","Parasite","Clothesline+1","Thunderclap+1"],"relics":["Burning Blood","Frozen Egg 2","Eternal Feather","Golden Egg","Vajra","SacredBark","Replay:Multitool","aspiration:SeaSaltIceCream","aspiration:Nostalgia","m_SnakeBloodCore","Red Skull","Replay:PocketPolymizer","Replay:Grab Bag","conspire:RoyalGoblet","Painkiller Herb","Black Star","Calling Bell","ReplayTheSpireMod:Spearhead","Replay:Ringing Soul","hubris:FunFungus","hubris:CrystalStatue","Charon\u0027s Ashes","StrikeDummy","Membership Card"],"acts_visited":["Exordium","TheCity","TheBeyond"],"potions_floor_usage":[],"damage_taken":[{"damage":3.0,"enemies":"Small Slimes","floor":1.0,"turns":5.0},{"damage":0.0,"enemies":"conspire:RoseBush","floor":2.0,"turns":3.0},{"damage":1.0,"enemies":"Cultist","floor":3.0,"turns":3.0},{"damage":10.0,"enemies":"Looter","floor":4.0,"turns":3.0},{"damage":10.0,"enemies":"Exordium Wildlife","floor":5.0,"turns":4.0},{"damage":16.0,"enemies":"Gremlin Nob","floor":8.0,"turns":5.0},{"damage":12.0,"enemies":"Replay:BlueRogue","floor":12.0,"turns":5.0},{"damage":22.0,"enemies":"Gremlin Gang","floor":13.0,"turns":6.0},{"damage":11.0,"enemies":"Large Slime","floor":14.0,"turns":4.0},{"damage":5.0,"enemies":"Slime Boss","floor":16.0,"turns":6.0},{"damage":53.0,"enemies":"conspire:FuzzyDice","floor":18.0,"turns":6.0},{"damage":1.0,"enemies":"Chosen","floor":19.0,"turns":4.0},{"damage":33.0,"enemies":"Snecko","floor":20.0,"turns":6.0},{"damage":0.0,"enemies":"Snake Plant","floor":22.0,"turns":1.0},{"damage":44.0,"enemies":"Replay:Snechameleon","floor":24.0,"turns":6.0},{"damage":22.0,"enemies":"3 Cultists","floor":27.0,"turns":4.0},{"damage":23.0,"enemies":"Shelled Parasite and Fungi","floor":29.0,"turns":5.0},{"damage":62.0,"enemies":"hubris:MusketHawk","floor":33.0,"turns":9.0},{"damage":9.0,"enemies":"3 Shapes","floor":35.0,"turns":3.0},{"damage":5.0,"enemies":"Orb Walker","floor":36.0,"turns":2.0},{"damage":91.0,"enemies":"Spire Growth","floor":38.0,"turns":8.0},{"damage":27.0,"enemies":"3 Darklings","floor":39.0,"turns":5.0},{"damage":66.0,"enemies":"R_Hoarder","floor":40.0,"turns":10.0},{"damage":42.0,"enemies":"Writhing Mass","floor":42.0,"turns":5.0},{"damage":44,"enemies":"Sphere and 2 Shapes","floor":44,"turns":7},{"damage":16,"enemies":"3 Darklings","floor":46,"turns":1}],"seed_played":"5365638396413456299","potions_obtained":[{"floor":2.0,"key":"FairyPotion"},{"floor":5.0,"key":"ElixirPotion"},{"floor":13.0,"key":"sneckomod:MuddlingPotion"},{"floor":14.0,"key":"ColorlessPotion"},{"floor":20.0,"key":"SmokeBomb"},{"floor":27.0,"key":"Block Potion"},{"floor":29.0,"key":"Guardian:BlockOnCardUsePotion"},{"floor":35.0,"key":"SpeedPotion"},{"floor":39.0,"key":"Fruit Juice"},{"floor":44,"key":"Elixir"}],"is_trial":false,"path_per_floor":["M","M","M","M","M","R","?","E","T","?","R","E","M","M","R","B",null,"M","M","M","?","M","R","E","R","T","M","R","M","R","T","R","B",null,"?","?","?","?","?","E","T","?","T","?","T","?"],"character_chosen":"IRONCLAD","items_purchased":["Membership Card"],"campfire_rested":1,"item_purchase_floors":[45],"current_hp_per_floor":[80,80,80,76,72,72,72,62,62,62,71,65,49,44,53,54,80,33,38,11,11,17,53,15,54,54,41,56,42,57,57,64,11,80,83,86,86,14,55,21,70,42,42,16,6,0,0],"gold":827,"neow_bonus":"RANDOM_EVENT","is_daily":false,"chose_seed":false,"campfire_upgraded":4,"win_rate":0.0,"timestamp":1608761028,"path_taken":["M","M","M","M","M","R","?","E","T","?","R","E","?","M","R","BOSS","M","M","M","?","M","R","E","R","T","M","R","M","R","?","R","BOSS","?","?","?","?","?","E","T","?","T","?","?","?"],"items_purchased_type":["Relic"],"build_version":"2020-12-13","purchased_purges":0,"victory":false,"max_hp_per_floor":[80,80,80,80,80,80,80,80,80,80,80,80,80,80,80,80,80,80,80,80,80,80,80,80,80,80,80,80,80,80,80,80,80,80,83,86,86,89,92,105,105,108,108,111,111,111,111],"card_choices":[{"not_picked":["Armaments","Wild Strike"],"picked":"Heavy Blade","floor":1.0},{"not_picked":["Rampage","ReplayTheSpireMod:Strike From Hell"],"picked":"Metallicize","floor":2.0},{"not_picked":["Power Through","Havoc"],"picked":"ReplayTheSpireMod:LeadingStrike","floor":3.0},{"not_picked":["Sword Boomerang","hubris:ReadiedAction"],"picked":"Inflame","floor":4.0},{"not_picked":["Replay:Undeath\u0027s Touch","Second Wind"],"picked":"Metallicize","floor":5.0},{"not_picked":["ReplayReversal","Second Wind"],"picked":"Rupture+1","floor":8.0},{"not_picked":["ReplayTheSpireMod:Strike From Hell","Warcry"],"picked":"Life Link+1","floor":12.0},{"not_picked":["Shrug It Off","Body Slam"],"picked":"Combust+1","floor":13.0},{"not_picked":["Shrug It Off","Thunderclap"],"picked":"Infernal Blade","floor":14.0},{"not_picked":["Bludgeon","Eclipse"],"picked":"Limit Break","floor":16.0},{"not_picked":["Dropkick","Warcry"],"picked":"Headbutt+1","floor":18.0},{"not_picked":["Shrug It Off","ReplayTheSpireMod:Stacked"],"picked":"Flex","floor":19.0},{"not_picked":["Bludgeon","Wild Strike+1"],"picked":"Heavy Blade","floor":20.0},{"not_picked":["Shrug It Off","Iron Wave+1"],"picked":"Barricade+1","floor":24.0},{"not_picked":["Shrug It Off+1","True Grit"],"picked":"Flame Barrier","floor":27.0},{"not_picked":["Havoc+1","Second Wind"],"picked":"Twin Strike","floor":29.0},{"not_picked":["Impervious","Feed"],"picked":"Limit Break","floor":33.0},{"not_picked":["ReplayTheSpireMod:Strike From Hell","Wild Strike"],"picked":"ReplayTheSpireMod:Stacked","floor":35.0},{"not_picked":["Armaments+1","Pommel Strike"],"picked":"Massacre+1","floor":36.0},{"not_picked":["Armaments","Corruption+1"],"picked":"Seeing Red+1","floor":38.0},{"not_picked":["Carnage","Cleave"],"picked":"Headbutt+1","floor":39.0},{"not_picked":["Warcry","Anger"],"picked":"Armaments+1","floor":40.0},{"not_picked":["Replay:Undeath\u0027s Touch","Battle Trance+1"],"picked":"Clothesline+1","floor":42.0},{"not_picked":["Uppercut+1","Body Slam+1"],"picked":"Thunderclap+1","floor":44}],"player_experience":394358,"relics_obtained":[{"floor":8.0,"key":"Eternal Feather"},{"floor":9.0,"key":"Golden Egg"},{"floor":12.0,"key":"Vajra"},{"floor":24.0,"key":"Replay:Multitool"},{"floor":26.0,"key":"aspiration:SeaSaltIceCream"},{"floor":30.0,"key":"Red Skull"},{"floor":31.0,"key":"Replay:PocketPolymizer"},{"floor":34.0,"key":"ReplayTheSpireMod:Spearhead"},{"floor":34.0,"key":"Replay:Ringing Soul"},{"floor":34.0,"key":"hubris:FunFungus"},{"floor":40.0,"key":"hubris:CrystalStatue"},{"floor":40.0,"key":"Charon\u0027s Ashes"},{"floor":43.0,"key":"StrikeDummy"}],"event_choices":[{"cards_removed":["Injury"],"damage_healed":0.0,"max_hp_gain":0.0,"max_hp_loss":0.0,"gold_gain":0.0,"event_name":"Purifier","player_choice":"Purged","floor":10.0,"gold_loss":0.0,"damage_taken":0.0},{"damage_healed":0.0,"max_hp_gain":0.0,"max_hp_loss":0.0,"gold_gain":0.0,"event_name":"Forgotten Altar","player_choice":"Smashed Altar","floor":21.0,"gold_loss":0.0,"damage_taken":0.0,"cards_obtained":["Decay"]},{"damage_healed":0.0,"max_hp_gain":0.0,"max_hp_loss":0.0,"gold_gain":75.0,"event_name":"FaceTrader","player_choice":"Touch","floor":32.0,"gold_loss":0.0,"damage_taken":8.0},{"cards_removed":["Decay"],"damage_healed":0.0,"max_hp_gain":0.0,"max_hp_loss":0.0,"gold_gain":0.0,"event_name":"Fountain of Cleansing","player_choice":"Removed Curses","floor":37.0,"gold_loss":0.0,"damage_taken":0.0}],"is_beta":false,"boss_relics":[{"not_picked":["Cursed Key","conspire:RunicOctahedron"],"picked":"SacredBark"},{"not_picked":["Astrolabe","Fusion Hammer"],"picked":"Replay:Grab Bag"},{"not_picked":["hubris:RunicObelisk","hubris:GrandSneckoEye"],"picked":"conspire:RoyalGoblet"},{"not_picked":["Sozu","Philosopher\u0027s Stone"],"picked":"Painkiller Herb"},{"not_picked":["aspiration:DefectSkillbook","aspiration:RunicSpoon"],"picked":"Black Star"},{"not_picked":["hubris:Stopwatch","Runic Cube"],"picked":"Calling Bell"}],"items_purged_floors":[],"is_endless":false,"potions_floor_spawned":[2,5,13,14,20,27,29,35,39,44],"killed_by":"3 Darklings","ascension_level":0}}