{"host":"x4i48uok34n1rpsm","time":1608727338,"event":{"mods":["Aspiration","BaseMod","Better Third Choice","Colored Map","Downfall","Highlight Path","Minty Spire (QoL Compilation)","Permanent Neow","Replay The Spire","StSLib","The Mystic"],"gold_per_floor":[99,99,118,133,145,160,160,160,160,178,178,178,178],"floor_reached":11,"playtime":657,"items_purged":[],"score":65,"play_id":"82c856d5-e688-4187-907f-046cd6247c2b","local_time":"20201223144218","is_ascension_mode":false,"campfire_choices":[{"floor":1,"key":"DIG"}],"circlet_count":0,"master_deck":["Guardian:Strike_Guardian","Guardian:Strike_Guardian","Guardian:Strike_Guardian","Guardian:Defend_Guardian","Guardian:Defend_Guardian","Guardian:Defend_Guardian","Guardian:Defend_Guardian","Guardian:CurlUp","Guardian:TwinSlam","Guardian:AncientConstruct","Guardian:Emergency","Guardian:Preprogram","Guardian:Gem_Cyan","Guardian:Gem_Blue","Guardian:PrismaticBarrier"],"relics":["Guardian:ModeShifter","Replay:Bottled Flurry","Replay:Ringing Soul"],"acts_visited":["Exordium"],"potions_floor_usage":[6],"damage_taken":[{"damage":2,"enemies":"2 Louse","floor":3,"turns":3},{"damage":0,"enemies":"Cultist","floor":4,"turns":4},{"damage":6,"enemies":"Jaw Worm","floor":5,"turns":4},{"damage":0,"enemies":"Lots of Slimes","floor":6,"turns":1},{"damage":12,"enemies":"Gremlin Gang","floor":10,"turns":6},{"damage":73,"enemies":"Gremlin Nob","floor":11,"turns":9}],"seed_played":"3920125702034170613","potions_obtained":[{"floor":3,"key":"AttackPotion"}],"is_trial":false,"path_per_floor":["R_BF","?","M","M","M","M","PTL","PTL","T","M","E"],"character_chosen":"GUARDIAN","items_purchased":[],"campfire_rested":0,"item_purchase_floors":[],"current_hp_per_floor":[80,80,78,78,72,72,72,72,72,63,0,0,0],"gold":178,"neow_bonus":"ONE_RANDOM_RARE_CARD","is_daily":false,"chose_seed":false,"campfire_upgraded":0,"win_rate":0.0,"timestamp":1608727338,"path_taken":["R_BF","?","M","M","M","M","PTL","PTL","T","M","E"],"items_purchased_type":[],"build_version":"2020-12-22","purchased_purges":0,"victory":false,"max_hp_per_floor":[80,80,80,80,80,80,80,80,80,83,83,83,83],"card_choices":[{"not_picked":["Guardian:EvasiveProtocol","Guardian:TemporalShield"],"picked":"Guardian:Emergency","floor":3},{"not_picked":["Guardian:ChargeCore","Guardian:SpikerProtocol"],"picked":"Guardian:Preprogram","floor":4},{"not_picked":["Guardian:PrimingBeam","Guardian:Incinerate"],"picked":"Guardian:Gem_Cyan","floor":5},{"not_picked":["Guardian:Gem_Lightblue","Guardian:PrimingBeam"],"picked":"Guardian:Gem_Blue","floor":6},{"not_picked":["Guardian:Planning","Guardian:Gem_Red"],"picked":"Guardian:PrismaticBarrier","floor":10}],"player_experience":261004,"relics_obtained":[{"floor":1,"key":"Replay:Bottled Flurry"},{"floor":9,"key":"Replay:Ringing Soul"}],"event_choices":[],"is_beta":false,"boss_relics":[],"items_purged_floors":[],"is_endless":false,"potions_floor_spawned":[3],"killed_by":"Gremlin Nob","ascension_level":0}}