{"host":"ou23awlgcm0pi7o1","time":1608732548,"event":{"mods":["BaseMod","Colored Map","Downfall","Minty Spire (QoL Compilation)","StSLib","Unceasing Turn Reminder"],"gold_per_floor":[99,99,99,99,157,157,157,188,188,215,215,75,89,101,112,112,112,112],"floor_reached":16,"playtime":851,"items_purged":["champ:Strike"],"score":127,"play_id":"08942ffb-c3d9-4366-933b-fa55281c7005","local_time":"20201223140908","is_ascension_mode":true,"campfire_choices":[{"data":"champ:Taunt","floor":1,"key":"SMITH"},{"data":"champ:FocusedBerserking","floor":6,"key":"SMITH"},{"data":"champ:Aggression","floor":9,"key":"SMITH"},{"data":"champ:ArenaPreparation","floor":11,"key":"SMITH"}],"circlet_count":0,"master_deck":["champ:Strike","champ:Strike","champ:Strike","champ:Defend","champ:Defend","champ:Defend","champ:Defend","champ:Execute","champ:Taunt+1","champ:EndlessRage","champ:FocusedBerserking+1","champ:Aggression+1","champ:ArenaPreparation+1","champ:Encircle+1","champ:Encircle+1","champ:AdrenalArmor","champ:Backstep"],"relics":["champ:ChampionCrown","downfall:HeartsMalice","InkBottle","Molten Egg 2","Bag of Preparation","Bronze Scales"],"acts_visited":["Exordium"],"potions_floor_usage":[8,10,14,16],"damage_taken":[{"damage":0,"enemies":"2 Louse","floor":2,"turns":1},{"damage":0,"enemies":"Jaw Worm","floor":3,"turns":1},{"damage":0,"enemies":"3 Sentries","floor":5,"turns":1},{"damage":70,"enemies":"Lagavulin","floor":8,"turns":8},{"damage":30,"enemies":"3 Sentries","floor":10,"turns":8},{"damage":27,"enemies":"downfall:FleeingMerchant","floor":12,"turns":4},{"damage":19,"enemies":"Cultist","floor":13,"turns":2},{"damage":29,"enemies":"Exordium Thugs","floor":14,"turns":3},{"damage":26,"enemies":"Large Slime","floor":15,"turns":5},{"damage":35,"enemies":"downfall:Defect","floor":16,"turns":4}],"seed_played":"-6020887598624120591","potions_obtained":[{"floor":5,"key":"champ:CounterPotion"},{"floor":8,"key":"ColorlessPotion"},{"floor":10,"key":"PowerPotion"},{"floor":13,"key":"PowerPotion"}],"is_trial":false,"path_per_floor":["R","M","M","?","?","R","T","E","R","E","R","$","M","M","M","B"],"character_chosen":"THE_CHAMP","items_purchased":["champ:Encircle+1"],"campfire_rested":0,"item_purchase_floors":[12],"current_hp_per_floor":[90,90,90,90,90,90,90,50,50,45,45,45,45,27,27,0,0,0],"gold":112,"neow_bonus":"THREE_ENEMY_KILL","is_daily":false,"chose_seed":false,"campfire_upgraded":4,"win_rate":0.0,"timestamp":1608732548,"path_taken":["R","M","M","?","?","R","T","E","R","E","R","?","M","?","M","BOSS"],"items_purchased_type":["Card"],"build_version":"2020-12-22","purchased_purges":1,"victory":false,"max_hp_per_floor":[90,90,90,90,90,90,90,90,90,90,90,90,90,90,90,90,90,90],"card_choices":[{"not_picked":["champ:HeartStrike","champ:BerserkersShout"],"picked":"champ:EndlessRage","floor":2},{"not_picked":["champ:FlashCut","champ:BringItOn"],"picked":"champ:FocusedBerserking","floor":3},{"not_picked":["champ:GladiatorsShout","champ:TornadoPunch+1"],"picked":"champ:Aggression","floor":8},{"not_picked":["champ:CrookedStrike+1","champ:CalledShot"],"picked":"champ:ArenaPreparation","floor":10},{"not_picked":["champ:GutPunch+1","champ:FalseCounter","champ:DefensiveShout"],"picked":"SKIP","floor":12},{"not_picked":["champ:StanceDance","champ:FanOfKnives+1"],"picked":"champ:Encircle+1","floor":13},{"not_picked":["champ:ShieldSigil","champ:StrikeOfGenius"],"picked":"champ:AdrenalArmor","floor":14},{"not_picked":["champ:Encircle+1","champ:SkillfulDodge"],"picked":"champ:Backstep","floor":15}],"player_experience":336673,"relics_obtained":[{"floor":5,"key":"InkBottle"},{"floor":7,"key":"Molten Egg 2"},{"floor":8,"key":"Bag of Preparation"},{"floor":10,"key":"Bronze Scales"}],"event_choices":[],"is_beta":false,"boss_relics":[],"items_purged_floors":[12],"is_endless":false,"potions_floor_spawned":[5,8,10,13],"killed_by":"downfall:Defect","ascension_level":4}}