{"host":"9dfaar78vv55a585","time":1608696692,"event":{"mods":["Aspiration","BaseMod","Better Third Choice","BetterRewards","Conspire","DeckTracker","Energized Spire","Glutton Mod","Halation","Hermit","Hubris","Infinite Spire","KinomotoSakuraMod(????)","LagranYue(???·?)","Marisa????????","Minty Spire (QoL Compilation)","Permanent Neow","Reimu??????","Remilia??????","Replay The Spire","Shop Mod","Spicy Shops","Spikes Relics","StSLib","SuperFastMode","The Cursed","The Juggle","Trackpad","vexMod"],"gold_per_floor":[119,119,119,139,152,152,164,184,257,257,268,268,47,47,47,150,150,169,169,169,184,184,184,184,184,184],"floor_reached":25,"playtime":935,"items_purged":[],"score":191,"play_id":"0778fbb0-3087-4709-888e-d91e020a5817","local_time":"20201223041132","is_ascension_mode":false,"campfire_choices":[{"data":"NB:ReiMu","floor":6,"key":"SMITH"},{"floor":15,"key":"REST"},{"data":"infinitespire:Oblivion","floor":23,"key":"SMITH"}],"circlet_count":0,"master_deck":["Strike_Lin:ReiMu","Strike_Lin:ReiMu","Strike_Lin:ReiMu","Strike_Lin:ReiMu","Defend_Lin:ReiMu","Defend_Lin:ReiMu","Defend_Lin:ReiMu","Defend_Lin:ReiMu","NB:ReiMu+1","Stagnation:ReiMu","AlertArray:ReiMu","OrbThrow:ReiMu","infinitespire:Oblivion+1","DependentForm:ReiMu+1","OrbThrow:ReiMu"],"relics":["LagranYue:RandomDrawCardRelic","hubris:TerracottaHorce","Golden Egg","Meat on the Bone","halation:StarCompass","halation:Sosunser","Juzu Bracelet","hubris:ScarierMask","CrustySpines"],"acts_visited":["Exordium","TheCity"],"potions_floor_usage":[16,25,25,25],"damage_taken":[{"damage":1,"enemies":"Jaw Worm","floor":1,"turns":4},{"damage":0,"enemies":"Cultist","floor":4,"turns":3},{"damage":0,"enemies":"Small Slimes","floor":5,"turns":4},{"damage":14,"enemies":"Gremlin Gang","floor":7,"turns":8},{"damage":1,"enemies":"Blue Slaver","floor":8,"turns":5},{"damage":11,"enemies":"3 Louse","floor":11,"turns":3},{"damage":37,"enemies":"The Guardian","floor":16,"turns":9},{"damage":4,"enemies":"Spheric Guardian","floor":18,"turns":4},{"damage":10,"enemies":"3 Byrds","floor":21,"turns":4},{"damage":45,"enemies":"Replay:Snechameleon","floor":25,"turns":5}],"seed_played":"8705938647615515300","potions_obtained":[{"floor":5,"key":"Block Potion"},{"floor":11,"key":"PinkPotion:ReiMu"},{"floor":16,"key":"Fruit Juice"},{"floor":21,"key":"CultistPotion"}],"is_trial":false,"path_per_floor":["M","?","$","M","M","R","M","M","T","?","M","?","$","?","R","B",null,"M","?","$","M","?","R","?","E"],"character_chosen":"REIMU","items_purchased":["halation:Sosunser","Juzu Bracelet"],"campfire_rested":1,"item_purchase_floors":[13,13],"current_hp_per_floor":[64,64,64,64,64,64,50,49,49,49,38,38,38,22,41,16,53,49,38,38,40,40,40,40,0,0],"gold":184,"neow_bonus":"BOSS_RELIC","is_daily":false,"chose_seed":false,"campfire_upgraded":2,"win_rate":0.0,"timestamp":1608696692,"path_taken":["M","?","$","?","M","R","M","M","T","?","M","?","?","?","R","BOSS","M","?","$","M","?","R","?","E"],"items_purchased_type":["Relic","Relic"],"build_version":"2020-12-13","purchased_purges":0,"victory":false,"max_hp_per_floor":[65,65,65,65,65,65,65,65,65,65,65,65,65,65,65,65,65,65,70,70,70,70,70,70,75,75],"card_choices":[{"not_picked":["WonderfulDomain:ReiMu","SpreadBorder2:ReiMu","SubcavityInstant:ReiMu"],"picked":"SKIP","floor":1},{"not_picked":["TightArray:ReiMu","Enchanting:ReiMu","Conquer:ReiMu"],"picked":"SKIP","floor":4},{"not_picked":["CareerPray:ReiMu","Shading:ReiMu"],"picked":"AlertArray:ReiMu","floor":5},{"not_picked":["YinYangSange:ReiMu","RainPray2:ReiMu","Mountainwind:ReiMu"],"picked":"SKIP","floor":7},{"not_picked":["CollectionFlower2:ReiMu","SpreadBorder2:ReiMu"],"picked":"OrbThrow:ReiMu","floor":8},{"not_picked":["FantasyMoon:ReiMu","SubAcupoint:ReiMu","TightArray:ReiMu"],"picked":"SKIP","floor":11},{"not_picked":["Replay:Fractal Strike","infinitespire:Execution"],"picked":"infinitespire:Oblivion","floor":14},{"not_picked":["Dreaming:ReiMu","YinYang:ReiMu"],"picked":"DependentForm:ReiMu","floor":16},{"not_picked":["SubcavityInstant:ReiMu","EmergencyTakeOff:ReiMu","MikOfLucky:ReiMu"],"picked":"SKIP","floor":18},{"not_picked":["Conquer:ReiMu","RainPray2:ReiMu","Meditation:ReiMu"],"picked":"SKIP","floor":21}],"player_experience":88209,"relics_obtained":[{"floor":2,"key":"Golden Egg"},{"floor":9,"key":"Meat on the Bone"}],"event_choices":[{"damage_healed":0,"gold_gain":0,"player_choice":"Relic","damage_taken":0,"max_hp_gain":0,"max_hp_loss":0,"event_name":"Wheel of Change","floor":2,"gold_loss":0},{"damage_healed":0,"gold_gain":0,"player_choice":"Leave","damage_taken":0,"max_hp_gain":0,"max_hp_loss":0,"event_name":"conspire:Investor","floor":10,"gold_loss":0},{"damage_healed":0,"gold_gain":0,"player_choice":"Shed Blood","damage_taken":16,"max_hp_gain":5,"max_hp_loss":0,"event_name":"Forgotten Altar","floor":19,"gold_loss":0},{"damage_healed":0,"gold_gain":0,"player_choice":"Read","damage_taken":0,"max_hp_gain":0,"max_hp_loss":0,"event_name":"The Library","floor":22,"gold_loss":0,"cards_obtained":["OrbThrow:ReiMu"]},{"damage_healed":0,"gold_gain":0,"player_choice":"Opened","damage_taken":0,"relics_obtained":["CrustySpines"],"max_hp_gain":0,"max_hp_loss":0,"event_name":"The Mausoleum","floor":24,"gold_loss":0}],"is_beta":false,"boss_relics":[{"not_picked":["vexMod:RockOfEvil","energizedSpire:SpiderWeb"],"picked":"hubris:ScarierMask"}],"items_purged_floors":[],"is_endless":false,"potions_floor_spawned":[5,11,16,21],"killed_by":"Replay:Snechameleon","ascension_level":0}}