{"host":"08t08ld674si40tv","time":1608729086,"event":{"mods":["AchievementEnabler","BaseMod","Colored Map","Minty Spire (QoL Compilation)","StSLib","SuperFastMode"],"gold_per_floor":[112,37,37,51,71,71,115,115,115,40,40,56,56,76,76,174,174,189,205,220,53,53,53,96,96,96,130,146,185,185,310,310,403,403,423,439,439,439,460,494,824,824,824,840,880,880,880,913,913,913,913,913,418,461,461],"floor_reached":56,"playtime":2183,"items_purged":["Regret","Decay","Strike_G+1"],"score":2602,"play_id":"29b8fb6f-0c5d-455f-8d8a-2b6374199430","local_time":"20201223221126","is_ascension_mode":true,"campfire_choices":[{"floor":6.0,"key":"REST"},{"data":"Deadly Poison","floor":8.0,"key":"SMITH"},{"data":"A Thousand Cuts","floor":13.0,"key":"SMITH"},{"floor":15.0,"key":"REST"},{"floor":23.0,"key":"REST"},{"floor":30,"key":"RECALL"},{"floor":32,"key":"REST"},{"floor":42,"key":"REST"},{"floor":47,"key":"REST"},{"floor":49,"key":"REST"},{"floor":52,"key":"REST"}],"circlet_count":0,"master_deck":["AscendersBane","Defend_G","Defend_G","Defend_G","Defend_G","Survivor","Neutralize+1","Dagger Throw","Deadly Poison+1","Prepared+1","A Thousand Cuts+1","Cloak And Dagger+1","Prepared+1","Acrobatics+1","Blade Dance+1","Tactician+1","Acrobatics+1","Tactician+1","Reflex+1","After Image","Malaise+1","Bullet Time+1","Escape Plan+1","Accuracy"],"relics":["Ring of the Snake","Gambling Chip","Black Star","Golden Idol","Toxic Egg 2","Art of War","Letter Opener","Fusion Hammer","Kunai","Blue Candle","Whetstone","Nunchaku","Pear","Juzu Bracelet","Red Mask","Unceasing Top","Singing Bowl","Astrolabe","Happy Flower","Bronze Scales","Mummified Hand","Chemical X","Meat on the Bone","StrikeDummy","Omamori","Shuriken","Membership Card","Ninja Scroll","Sundial","Anchor","Bag of Marbles"],"acts_visited":["Exordium","TheCity","TheBeyond","TheEnding"],"potions_floor_usage":[27,29,55],"damage_taken":[{"damage":6.0,"enemies":"Small Slimes","floor":1.0,"turns":4.0},{"damage":1.0,"enemies":"Jaw Worm","floor":4.0,"turns":3.0},{"damage":0.0,"enemies":"Cultist","floor":5.0,"turns":4.0},{"damage":22.0,"enemies":"Gremlin Nob","floor":7.0,"turns":4.0},{"damage":0.0,"enemies":"2 Fungi Beasts","floor":12.0,"turns":3.0},{"damage":1.0,"enemies":"Blue Slaver","floor":14.0,"turns":3.0},{"damage":0.0,"enemies":"Slime Boss","floor":16.0,"turns":8.0},{"damage":18.0,"enemies":"2 Thieves","floor":18.0,"turns":4.0},{"damage":13.0,"enemies":"Chosen","floor":19.0,"turns":5.0},{"damage":3.0,"enemies":"Centurion and Healer","floor":20.0,"turns":6.0},{"damage":0.0,"enemies":"Gremlin Leader","floor":24.0,"turns":3.0},{"damage":9,"enemies":"Slavers","floor":27,"turns":2},{"damage":0,"enemies":"Sentry and Sphere","floor":28,"turns":3},{"damage":0,"enemies":"Masked Bandits","floor":29,"turns":1},{"damage":0,"enemies":"Colosseum Slavers","floor":31,"turns":2},{"damage":0,"enemies":"Colosseum Nobs","floor":31,"turns":2},{"damage":25,"enemies":"Champ","floor":33,"turns":6},{"damage":0,"enemies":"Orb Walker","floor":35,"turns":2},{"damage":2,"enemies":"3 Shapes","floor":36,"turns":4},{"damage":13,"enemies":"Maw","floor":39,"turns":4},{"damage":0,"enemies":"Reptomancer","floor":40,"turns":3},{"damage":0,"enemies":"3 Darklings","floor":44,"turns":1},{"damage":0,"enemies":"Giant Head","floor":45,"turns":5},{"damage":0,"enemies":"Nemesis","floor":48,"turns":3},{"damage":29,"enemies":"Donu and Deca","floor":50,"turns":5},{"damage":0,"enemies":"Shield and Spear","floor":54,"turns":5},{"damage":11,"enemies":"The Heart","floor":55,"turns":7}],"seed_played":"-7964683366747229286","potions_obtained":[{"floor":4.0,"key":"SkillPotion"},{"floor":5.0,"key":"SteroidPotion"},{"floor":12.0,"key":"CunningPotion"},{"floor":20.0,"key":"SkillPotion"},{"floor":24.0,"key":"PowerPotion"},{"floor":27,"key":"Poison Potion"},{"floor":39,"key":"CunningPotion"},{"floor":44,"key":"GhostInAJar"}],"is_trial":false,"path_per_floor":["M","$","?","M","M","R","E","R","T","?","?","M","R","M","R","B",null,"M","M","M","$","?","R","E","?","T","E","M","?","R","?","R","B",null,"M","M","?","?","M","E","$","R","T","M","E","?","R","E","R","B",null,"R","$","E","B",null],"character_chosen":"THE_SILENT","items_purchased":["Kunai","Mummified Hand","Chemical X","Accuracy","Mind Blast","Membership Card","Ninja Scroll","Sundial"],"campfire_rested":8,"item_purchase_floors":[21,41,41,41,41,53,53,53],"current_hp_per_floor":[53,53,30,29,29,48,26,26,26,26,26,26,26,25,44,44,61,43,30,27,27,27,46,46,46,46,47,47,47,47,47,69,44,68,70,70,70,70,57,59,59,78,78,80,82,82,82,84,84,55,77,84,84,86,75],"gold":461,"neow_bonus":"ONE_RARE_RELIC","is_daily":false,"chose_seed":false,"campfire_upgraded":2,"win_rate":0.0,"timestamp":1608729086,"path_taken":["M","$","?","M","M","R","E","R","T","?","?","M","R","M","R","BOSS","M","M","?","$","?","R","E","?","T","E","M","?","R","?","R","BOSS","M","M","?","?","M","E","$","R","T","M","E","?","R","E","R","BOSS","R","$","E","BOSS"],"items_purchased_type":["Relic","Relic","Relic","Card","Card","Relic","Relic","Relic"],"build_version":"2020-12-22","purchased_purges":3,"victory":true,"max_hp_per_floor":[66,66,66,66,66,66,66,66,66,66,66,66,66,66,66,66,66,66,66,66,66,66,66,66,66,66,76,76,76,76,76,76,76,76,78,80,76,76,76,78,78,78,78,80,82,82,82,84,84,84,84,84,84,86,86],"card_choices":[{"not_picked":["Heel Hook","Acrobatics"],"picked":"Dagger Throw","floor":1.0},{"not_picked":["Dagger Throw","Cloak And Dagger","Outmaneuver"],"picked":"SKIP","floor":4.0},{"not_picked":["Accuracy","Quick Slash"],"picked":"Deadly Poison","floor":5.0},{"not_picked":["Dagger Spray","Choke"],"picked":"Prepared+1","floor":7.0},{"not_picked":["Underhanded Strike","Footwork"],"picked":"A Thousand Cuts","floor":12.0},{"not_picked":["Dagger Spray","Cloak And Dagger+1","Terror+1"],"picked":"SKIP","floor":14.0},{"not_picked":["Dagger Spray","Terror+1"],"picked":"Cloak And Dagger+1","floor":14.0},{"not_picked":["Corpse Explosion+1","Die Die Die"],"picked":"Bullet Time+1","floor":16.0},{"not_picked":["Quick Slash+1","Slice"],"picked":"Prepared+1","floor":18.0},{"not_picked":["Caltrops","Deadly Poison+1"],"picked":"Acrobatics+1","floor":19.0},{"not_picked":["Bane","Choke"],"picked":"Blade Dance+1","floor":20.0},{"not_picked":["Dagger Spray","Infinite Blades"],"picked":"Tactician+1","floor":24.0},{"not_picked":["Tactician+1","Setup+1","Quick Slash"],"picked":"SKIP","floor":27},{"not_picked":["Deadly Poison+1","Dodge and Roll+1","Acrobatics+1"],"picked":"SKIP","floor":28},{"not_picked":["Quick Slash","Backflip+1"],"picked":"Reflex+1","floor":31},{"not_picked":["Doppelganger+1","Die Die Die"],"picked":"After Image","floor":33},{"not_picked":["Leg Sweep+1","Outmaneuver+1","Quick Slash"],"picked":"Singing Bowl","floor":35},{"not_picked":["Concentrate+1","Flechettes","Bane"],"picked":"Singing Bowl","floor":36},{"not_picked":["Bane","Concentrate+1"],"picked":"Escape Plan+1","floor":39},{"not_picked":["Bullet Time+1","PiercingWail+1","Endless Agony"],"picked":"Singing Bowl","floor":40},{"not_picked":["Deflect+1","Well Laid Plans","Underhanded Strike"],"picked":"Singing Bowl","floor":44},{"not_picked":["Skewer","Dagger Spray","Underhanded Strike"],"picked":"Singing Bowl","floor":45},{"not_picked":["Infinite Blades+1","Dagger Spray","Bane"],"picked":"Singing Bowl","floor":48},{"not_picked":["Quick Slash+1","Acrobatics+1","Predator+1"],"picked":"Singing Bowl","floor":54}],"player_experience":189793,"relics_obtained":[{"floor":7.0,"key":"Toxic Egg 2"},{"floor":7.0,"key":"Art of War"},{"floor":9.0,"key":"Letter Opener"},{"floor":24.0,"key":"Blue Candle"},{"floor":24.0,"key":"Whetstone"},{"floor":26,"key":"Nunchaku"},{"floor":27,"key":"Pear"},{"floor":27,"key":"Juzu Bracelet"},{"floor":29,"key":"Red Mask"},{"floor":31,"key":"Unceasing Top"},{"floor":31,"key":"Singing Bowl"},{"floor":40,"key":"Happy Flower"},{"floor":40,"key":"Bronze Scales"},{"floor":45,"key":"Meat on the Bone"},{"floor":45,"key":"StrikeDummy"},{"floor":48,"key":"Omamori"},{"floor":48,"key":"Shuriken"},{"floor":54,"key":"Anchor"},{"floor":54,"key":"Bag of Marbles"}],"event_choices":[{"damage_healed":0.0,"max_hp_gain":0.0,"max_hp_loss":0.0,"gold_gain":0.0,"event_name":"Golden Idol","player_choice":"Take Damage","floor":3.0,"gold_loss":0.0,"damage_taken":23.0,"relics_obtained":["Golden Idol"]},{"cards_removed":["Strike_G"],"damage_healed":0.0,"max_hp_gain":0.0,"max_hp_loss":0.0,"gold_gain":0.0,"event_name":"The Cleric","player_choice":"Card Removal","floor":10.0,"gold_loss":75.0,"damage_taken":0.0},{"damage_healed":0.0,"max_hp_gain":0.0,"max_hp_loss":0.0,"gold_gain":0.0,"event_name":"Accursed Blacksmith","player_choice":"Forge","floor":11.0,"gold_loss":0.0,"damage_taken":0.0,"cards_upgraded":["Neutralize"]},{"damage_healed":0.0,"max_hp_gain":0.0,"max_hp_loss":0.0,"gold_gain":0.0,"cards_transformed":["Strike_G","Defend_G"],"event_name":"Drug Dealer","player_choice":"Became Test Subject","floor":22.0,"gold_loss":0.0,"damage_taken":0.0,"cards_obtained":["Tactician","Acrobatics"]},{"damage_healed":0,"gold_gain":0,"player_choice":"Cursed","damage_taken":0,"max_hp_gain":0,"max_hp_loss":0,"event_name":"Wheel of Change","floor":25,"gold_loss":0,"cards_obtained":["Decay"]},{"damage_healed":0,"gold_gain":0,"player_choice":"Fought Bandits","damage_taken":0,"max_hp_gain":0,"max_hp_loss":0,"event_name":"Masked Bandits","floor":29,"gold_loss":0},{"damage_healed":0,"gold_gain":0,"player_choice":"Fight","damage_taken":0,"max_hp_gain":0,"max_hp_loss":0,"event_name":"Colosseum","floor":31,"gold_loss":0},{"damage_healed":0,"gold_gain":0,"player_choice":"Fought Nobs","damage_taken":0,"max_hp_gain":0,"max_hp_loss":0,"event_name":"Colosseum","floor":31,"gold_loss":0},{"damage_healed":0,"gold_gain":0,"player_choice":"Max HP","damage_taken":0,"max_hp_gain":0,"max_hp_loss":4,"event_name":"Winding Halls","floor":37,"gold_loss":0},{"cards_removed":["Masterful Stab"],"damage_healed":0,"gold_gain":0,"player_choice":"Removed Attack","damage_taken":0,"max_hp_gain":0,"max_hp_loss":0,"event_name":"Falling","floor":38,"gold_loss":0},{"damage_healed":0,"gold_gain":0,"player_choice":"Ignored","damage_taken":0,"max_hp_gain":0,"max_hp_loss":0,"event_name":"The Moai Head","floor":46,"gold_loss":0}],"is_beta":false,"boss_relics":[{"not_picked":["Black Star","Busted Crown"],"picked":"Fusion Hammer"},{"not_picked":["Sozu","Snecko Eye"],"picked":"Astrolabe"}],"items_purged_floors":[2,41,53],"is_endless":false,"potions_floor_spawned":[4,5,12,20,24,27,39,44],"ascension_level":18}}