{"host":"Godlander","time":1608763689,"event":{"mods":["Act Like it!","Aspiration","BaseMod","BetterRewards","Card Forge","Colored Powertips","Conspire","Custom Start","Energized Spire","Googly Eyes","Halation","Hubris","Infinite Spire","Mimic Mod","Minty Spire (QoL Compilation)","Pale of the Ancients","Permanent Neow","Relic Stats","Replay The Spire","Shop Mod","Spicy Shops","Spikes Relics","StSLib","SuperFastMode","The Jungle","Trackpad","UnlockEverythingMod"],"gold_per_floor":[113,123,123,123,137,137,169,169,203,49,49,80,93,111,111,214,214,231,431,446,457,407,432,432,449,486,81,81,92,105,135,135,240,240,257,257,277,62,77,77,77],"floor_reached":40,"playtime":10793,"items_purged":["Strike_G","Strike_G+1","Strike_G+1","Strike_G+1"],"score":513,"play_id":"927942ff-974e-416b-a868-968a633122d1","local_time":"20201223144809","is_ascension_mode":false,"campfire_choices":[{"floor":6,"key":"RECALL"},{"data":"Die Die Die","floor":8,"key":"SMITH"},{"data":"Well Laid Plans","floor":11,"key":"SMITH"},{"data":"conspire:DoublingDagger","floor":15,"key":"SMITH"},{"data":"MasterReality","floor":24,"key":"SMITH"},{"floor":28,"key":"REST"}],"circlet_count":0,"master_deck":["Defend_G+1","Defend_G+1","Defend_G+1","Defend_G+1","Defend_G+1","Survivor+1","Neutralize+1","Eviscerate+1","Tactician","All Out Attack+1","Acrobatics+1","Die Die Die+1","Well Laid Plans+1","conspire:DoublingDagger+1","ReplayTheSpireMod:Speed Training+1","Backflip+1","MasterReality+1","Dodge and Roll+1","Hidden Blade+1","Well Laid Plans","Tactician+1","Slice","Strike_G+1","Dodge and Roll","infinitespire:Starlight","infinitespire:Gouge+1","Blade Dance+1","Replay:Poison Smokescreen+1","Dagger Throw+1","Pace","Cloak And Dagger+1","Prepared+1","Backflip+1","Dodge and Roll","Blade Dance+1","PiercingWail+1","Terror+1","ReplayTheSpireMod:Shiv Toss+1","Accuracy+1","Accuracy+1"],"relics":["conspire:GlowingRock","halation:ShiningIdol","hubris:TerracottaHorce","FaceOfCleric","trackpad:AncestralArmaments","energizedSpire:StickyHand","energizedSpire:HugeHouse","hubris:MedicalManual","PreservedInsect","trackpad:DisasterInABottle","MerchantsRug","Basket Of Snakes","trackpad:IceCube","aspiration:RitualDagger"],"acts_visited":["Exordium","TheCity","TheBeyond"],"potions_floor_usage":[16,16,16,21,31],"damage_taken":[{"damage":2,"enemies":"Small Slimes","floor":1,"turns":5},{"damage":0,"enemies":"Jaw Worm","floor":2,"turns":5},{"damage":1,"enemies":"Cultist","floor":5,"turns":3},{"damage":1,"enemies":"3 Sentries","floor":7,"turns":6},{"damage":0,"enemies":"Exordium Wildlife","floor":9,"turns":8},{"damage":4,"enemies":"Lagavulin","floor":12,"turns":5},{"damage":0,"enemies":"Exordium Wildlife","floor":13,"turns":2},{"damage":6,"enemies":"3 Louse","floor":14,"turns":3},{"damage":2,"enemies":"Slime Boss","floor":16,"turns":7},{"damage":10,"enemies":"Shell Parasite","floor":18,"turns":4},{"damage":7,"enemies":"2 Thieves","floor":20,"turns":3},{"damage":15,"enemies":"Snake Plant","floor":21,"turns":4},{"damage":19,"enemies":"Gremlin Leader","floor":23,"turns":7},{"damage":26,"enemies":"3 Cultists","floor":25,"turns":5},{"damage":2,"enemies":"Centurion and Healer","floor":26,"turns":5},{"damage":8,"enemies":"Centurion and Healer","floor":29,"turns":6},{"damage":0,"enemies":"Snake Plant","floor":30,"turns":2},{"damage":0,"enemies":"Slavers","floor":31,"turns":1},{"damage":40,"enemies":"hubris:MusketHawk","floor":33,"turns":7},{"damage":37,"enemies":"3 Darklings","floor":35,"turns":3},{"damage":6,"enemies":"Orb Walker","floor":37,"turns":2},{"damage":28,"enemies":"Maw","floor":39,"turns":6}],"seed_played":"7006273122455101864","potions_obtained":[{"floor":2,"key":"BlessingOfTheForge"},{"floor":5,"key":"Adrenaline Potion"},{"floor":12,"key":"ColorlessPotion"},{"floor":20,"key":"Swift Potion"},{"floor":25,"key":"ColorlessPotion"},{"floor":30,"key":"DistilledChaos"},{"floor":31,"key":"EssenceOfSteel"},{"floor":33,"key":"Cursed Concoction"},{"floor":37,"key":"BlessingOfTheForge"}],"is_trial":false,"path_per_floor":["M","M","?","?","M","R","E","R","MIM","$","R","E","M","M","R","B",null,"M","?","M","M","AVR","E","R","M","MIM","$","R","M","M","E","R","B",null,"M","?","M","$","M","?"],"character_chosen":"THE_SILENT","items_purchased":["infinitespire:Chaos","MerchantsRug","Basket Of Snakes","Accuracy"],"campfire_rested":1,"item_purchase_floors":[10,27,27,38],"current_hp_per_floor":[68,68,68,68,67,67,66,66,66,66,66,63,64,59,59,58,70,61,61,55,41,41,33,33,18,27,27,49,52,63,64,78,45,71,45,45,40,40,23,0,0],"gold":77,"neow_bonus":"TRANSFORM_CARD","is_daily":false,"chose_seed":false,"campfire_upgraded":4,"win_rate":0.0,"timestamp":1608763689,"path_taken":["M","M","?","?","M","R","E","R","MIM","?","R","E","M","M","R","BOSS","M","?","?","M","AVR","E","R","M","MIM","$","R","M","M","E","R","BOSS","M","?","M","?","M","?"],"items_purchased_type":["Relic","Relic","Relic","Card"],"build_version":"2020-12-18","purchased_purges":4,"victory":false,"max_hp_per_floor":[70,70,70,70,70,70,70,70,70,70,70,71,72,73,73,74,74,75,75,76,77,72,73,73,74,75,75,75,76,77,78,78,79,79,80,80,81,81,82,82,82],"relic_stats":{"FaceOfCleric":17,"counters":[22,99],"PreservedInsect":39,"obtain_stats":[{"trackpad:IceCube":31,"RetroEgg":7,"Hammer of Thor":0,"infinitespire:Cubic Diamond":3,"Whetstone":10,"trackpad:DisasterInABottle":26,"hubris:TerracottaHorce":10,"conspire:GlowingRock":10,"FaceOfCleric":10,"energizedSpire:HugeHouse":22,"infinitespire:Chaos":10,"Ring of the Snake":0,"Replay:Bottled Steam":10,"MerchantsRug":27,"Replay:M_StaffOfTheSnake":3,"trackpad:AncestralArmaments":12,"Basket Of Snakes":27,"infinitespire:EmptyRelic":10,"hubris:MedicalManual":22,"PreservedInsect":23,"Seething Fire":0,"halation:ShiningIdol":10,"energizedSpire:StickyHand":17,"Anvil of the Gods":0,"aspiration:RitualDagger":34},{"trackpad:IceCube":18,"RetroEgg":4,"Hammer of Thor":0,"infinitespire:Cubic Diamond":2,"Whetstone":5,"trackpad:DisasterInABottle":15,"hubris:TerracottaHorce":5,"conspire:GlowingRock":5,"FaceOfCleric":5,"energizedSpire:HugeHouse":12,"infinitespire:Chaos":5,"Ring of the Snake":0,"Replay:Bottled Steam":5,"MerchantsRug":15,"Replay:M_StaffOfTheSnake":2,"trackpad:AncestralArmaments":6,"Basket Of Snakes":15,"infinitespire:EmptyRelic":5,"hubris:MedicalManual":12,"PreservedInsect":13,"Seething Fire":0,"halation:ShiningIdol":5,"energizedSpire:StickyHand":9,"Anvil of the Gods":0,"aspiration:RitualDagger":19},{"trackpad:IceCube":81,"RetroEgg":19,"Hammer of Thor":0,"infinitespire:Cubic Diamond":10,"Whetstone":27,"trackpad:DisasterInABottle":72,"hubris:TerracottaHorce":27,"conspire:GlowingRock":27,"FaceOfCleric":27,"energizedSpire:HugeHouse":55,"infinitespire:Chaos":27,"Ring of the Snake":0,"Replay:Bottled Steam":27,"MerchantsRug":72,"Replay:M_StaffOfTheSnake":10,"trackpad:AncestralArmaments":32,"Basket Of Snakes":72,"infinitespire:EmptyRelic":27,"hubris:MedicalManual":55,"PreservedInsect":62,"Seething Fire":0,"halation:ShiningIdol":27,"energizedSpire:StickyHand":44,"Anvil of the Gods":0,"aspiration:RitualDagger":88}]},"card_choices":[{"not_picked":["Dash","Caltrops"],"picked":"Tactician","floor":1},{"not_picked":["Cloak And Dagger","Bane"],"picked":"All Out Attack","floor":2},{"not_picked":["Poisoned Stab","Blade Dance"],"picked":"Acrobatics","floor":5},{"not_picked":["Setup","Riddle With Holes"],"picked":"Die Die Die","floor":7},{"not_picked":["Hidden Blade","Deadly Poison"],"picked":"Well Laid Plans","floor":9},{"not_picked":["Crescendo","JustLucky"],"picked":"conspire:DoublingDagger","floor":12},{"not_picked":["Underhanded Strike","SashWhip"],"picked":"ReplayTheSpireMod:Speed Training","floor":13},{"not_picked":["CutThroughFate","Sucker Punch"],"picked":"Backflip","floor":14},{"not_picked":["Bullet Time","Unload"],"picked":"MasterReality","floor":16},{"not_picked":["Riddle With Holes+1","Hidden Blade"],"picked":"Dodge and Roll+1","floor":18},{"not_picked":["Well Laid Plans","Slice"],"picked":"Tactician","floor":20},{"not_picked":["Terror","PiercingWail","Underhanded Strike+1"],"picked":"SKIP","floor":21},{"not_picked":["Replay:Poison Smokescreen","Dagger Throw"],"picked":"Blade Dance+1","floor":23},{"not_picked":["Pace","Cloak And Dagger"],"picked":"Prepared","floor":25},{"not_picked":["Deadly Poison","Eviscerate","Flying Knee"],"picked":"SKIP","floor":29},{"not_picked":["Backflip+1","Dodge and Roll"],"picked":"Blade Dance+1","floor":30},{"not_picked":["Acrobatics","Expertise","Bouncing Flask+1"],"picked":"SKIP","floor":31},{"not_picked":["PiercingWail+1","Terror+1"],"picked":"ReplayTheSpireMod:Shiv Toss","floor":35},{"not_picked":["hubris:SlightOfHand+1","Dagger Throw+1","Hidden Blade"],"picked":"SKIP","floor":37},{"not_picked":["Finisher","Calculated Gamble","Prepared+1"],"picked":"SKIP","floor":39}],"player_experience":545687,"relics_obtained":[{"floor":7,"key":"RetroEgg"},{"floor":12,"key":"trackpad:AncestralArmaments"},{"floor":23,"key":"PreservedInsect"},{"floor":26,"key":"trackpad:DisasterInABottle"},{"floor":31,"key":"trackpad:IceCube"}],"event_choices":[{"damage_healed":0,"gold_gain":0,"player_choice":"Leave","damage_taken":0,"max_hp_gain":0,"max_hp_loss":0,"event_name":"conspire:Investor","floor":4,"gold_loss":0},{"damage_healed":0,"gold_gain":200,"player_choice":"Gold","damage_taken":0,"max_hp_gain":0,"max_hp_loss":0,"event_name":"Wheel of Change","floor":19,"gold_loss":0},{"damage_healed":0,"gold_gain":0,"player_choice":"Ignored","damage_taken":0,"max_hp_gain":0,"max_hp_loss":0,"event_name":"NoteForYourself","floor":36,"gold_loss":0}],"is_beta":true,"boss_relics":[{"not_picked":["Black Star","Velvet Choker"],"picked":"energizedSpire:StickyHand"},{"not_picked":["SacredBark","Empty Cage"],"picked":"aspiration:RitualDagger"}],"items_purged_floors":[22,27,38,38],"is_endless":false,"potions_floor_spawned":[2,5,12,14,20,25,30,31,33,37],"ascension_level":0}}