{"host":"qxeepl7ydvsgmfdb","time":1608702211,"event":{"mods":["AchievementEnabler","BaseMod","Colored Powertips","Minty Spire (QoL Compilation)","Quick Restart","slay the spire mod where everything is the same but ironclad has a cowboy hat"],"gold_per_floor":[112,112,129,77,27,59,59,234,234,250,250,264,7,25,25,128,128,142,142,42,56,0,0,0,0,0,0,34,34,47,47,47,47,47],"floor_reached":33,"playtime":983,"items_purged":["Doubt","Defend_G+1"],"score":343,"play_id":"9ac6af22-7963-4519-835a-24207c0d601a","local_time":"20201223004331","is_ascension_mode":true,"campfire_choices":[{"data":"Deadly Poison","floor":7.0,"key":"SMITH"},{"data":"Tools of the Trade","floor":11.0,"key":"SMITH"},{"data":"Noxious Fumes","floor":15.0,"key":"SMITH"},{"floor":23.0,"key":"REST"},{"data":"Adrenaline","floor":25.0,"key":"SMITH"},{"data":"Noxious Fumes","floor":27.0,"key":"SMITH"},{"floor":29.0,"key":"REST"},{"floor":32.0,"key":"REST"}],"circlet_count":0,"master_deck":["Strike_G+1","Strike_G+1","Strike_G+1","Strike_G+1","Defend_G+1","Defend_G+1","Defend_G+1","Defend_G+1","Survivor","Neutralize","Poisoned Stab","PiercingWail","Deadly Poison+1","Deadly Poison","Tools of the Trade+1","Noxious Fumes+1","Noxious Fumes+1","Adrenaline+1","Caltrops+1"],"relics":["Ring of the Snake","NeowsBlessing","War Paint","Vajra","Tiny Chest","Strawberry","Frozen Egg 2","Du-Vu Doll"],"acts_visited":["Exordium","TheCity"],"potions_floor_usage":[33],"damage_taken":[{"damage":0.0,"enemies":"Jaw Worm","floor":1.0,"turns":1.0},{"damage":0.0,"enemies":"2 Louse","floor":3.0,"turns":1.0},{"damage":0.0,"enemies":"Gremlin Nob","floor":6.0,"turns":1.0},{"damage":4.0,"enemies":"Small Slimes","floor":10.0,"turns":4.0},{"damage":7.0,"enemies":"2 Fungi Beasts","floor":12.0,"turns":4.0},{"damage":10.0,"enemies":"Large Slime","floor":14.0,"turns":4.0},{"damage":33.0,"enemies":"Slime Boss","floor":16.0,"turns":8.0},{"damage":18.0,"enemies":"3 Byrds","floor":18.0,"turns":5.0},{"damage":17.0,"enemies":"2 Thieves","floor":21.0,"turns":4.0},{"damage":50.0,"enemies":"Gremlin Leader","floor":28.0,"turns":5.0},{"damage":18.0,"enemies":"Snake Plant","floor":30.0,"turns":4.0},{"damage":53,"enemies":"Champ","floor":33,"turns":8}],"seed_played":"-2213620854058796609","potions_obtained":[{"floor":6.0,"key":"SkillPotion"},{"floor":10.0,"key":"Energy Potion"},{"floor":14.0,"key":"LiquidMemories"},{"floor":28.0,"key":"LiquidBronze"},{"floor":30.0,"key":"SmokeBomb"}],"is_trial":false,"path_per_floor":["M","?","M","$","?","E","R","?","T","M","R","M","$","M","R","B",null,"M","?","$","M","?","R","$","R","T","R","E","R","M","?","R","B"],"character_chosen":"THE_SILENT","items_purchased":["Deadly Poison","Strawberry","Noxious Fumes"],"campfire_rested":3,"item_purchase_floors":[4,13,13],"current_hp_per_floor":[70,67,67,67,67,67,67,67,67,63,63,56,63,53,53,20,77,59,59,59,42,42,65,65,65,65,65,15,38,20,20,43,0,0],"gold":47,"neow_bonus":"THREE_ENEMY_KILL","is_daily":false,"chose_seed":false,"campfire_upgraded":5,"win_rate":0.0,"timestamp":1608702211,"path_taken":["M","?","M","$","?","E","R","?","T","M","R","M","$","M","R","BOSS","M","?","$","M","?","R","$","R","T","R","E","R","M","?","R","BOSS"],"items_purchased_type":["Card","Relic","Card"],"build_version":"2020-12-13","purchased_purges":2,"victory":false,"max_hp_per_floor":[70,70,70,70,70,70,70,70,70,70,70,70,77,77,77,77,77,77,77,77,77,77,77,77,77,77,77,77,77,77,77,77,77,77],"card_choices":[{"not_picked":["Bane","Quick Slash"],"picked":"Poisoned Stab","floor":1.0},{"not_picked":["Well Laid Plans","Tactician"],"picked":"PiercingWail","floor":3.0},{"not_picked":["Deflect","Riddle With Holes"],"picked":"Deadly Poison","floor":6.0},{"not_picked":["Outmaneuver","Backflip"],"picked":"Tools of the Trade","floor":10.0},{"not_picked":["Underhanded Strike","Accuracy","Tactician"],"picked":"SKIP","floor":12.0},{"not_picked":["Deflect","Dash"],"picked":"Noxious Fumes","floor":14.0},{"not_picked":["Bullet Time","Night Terror"],"picked":"Adrenaline","floor":16.0},{"not_picked":["Quick Slash+1","Sucker Punch"],"picked":"Caltrops+1","floor":18.0},{"not_picked":["Poisoned Stab+1","Dagger Throw","Underhanded Strike"],"picked":"SKIP","floor":21.0},{"not_picked":["Doppelganger","Caltrops+1","Calculated Gamble"],"picked":"SKIP","floor":28.0},{"not_picked":["Dagger Throw","Terror","Prepared"],"picked":"SKIP","floor":30.0}],"player_experience":317731,"relics_obtained":[{"floor":6.0,"key":"Vajra"},{"floor":9.0,"key":"Tiny Chest"},{"floor":26.0,"key":"Frozen Egg 2"},{"floor":28.0,"key":"Du-Vu Doll"}],"event_choices":[{"damage_healed":0.0,"max_hp_gain":0.0,"max_hp_loss":0.0,"gold_gain":0.0,"event_name":"Scrap Ooze","player_choice":"Success","floor":2.0,"gold_loss":0.0,"damage_taken":3.0,"relics_obtained":["War Paint"]},{"cards_removed":["Strike_G"],"damage_healed":0.0,"max_hp_gain":0.0,"max_hp_loss":0.0,"gold_gain":0.0,"event_name":"The Cleric","player_choice":"Card Removal","floor":5.0,"gold_loss":50.0,"damage_taken":0.0},{"damage_healed":0.0,"max_hp_gain":0.0,"max_hp_loss":0.0,"gold_gain":175.0,"event_name":"Liars Game","player_choice":"AGREE","floor":8.0,"gold_loss":0.0,"damage_taken":0.0,"cards_obtained":["Doubt"]},{"damage_healed":0.0,"max_hp_gain":0.0,"max_hp_loss":0.0,"gold_gain":0.0,"event_name":"Back to Basics","player_choice":"Simplicity","floor":19.0,"gold_loss":0.0,"damage_taken":0.0,"cards_upgraded":["Strike_G","Strike_G","Strike_G","Strike_G","Defend_G","Defend_G","Defend_G"]},{"damage_healed":0.0,"max_hp_gain":0.0,"max_hp_loss":0.0,"gold_gain":0.0,"event_name":"Masked Bandits","player_choice":"Paid Fearfully","floor":22.0,"gold_loss":56.0,"damage_taken":0.0},{"damage_healed":0.0,"max_hp_gain":0.0,"max_hp_loss":0.0,"gold_gain":0.0,"event_name":"Vampires","player_choice":"Ignored","floor":31.0,"gold_loss":0.0,"damage_taken":0.0}],"is_beta":false,"boss_relics":[{"not_picked":["Runic Dome","Velvet Choker","Runic Pyramid"]}],"items_purged_floors":[13,20],"is_endless":false,"potions_floor_spawned":[6,10,14,28,30],"killed_by":"Champ","ascension_level":4}}