{"host":"5mo0809oo9tcrmpl","time":1608763104,"event":{"mods":["BaseMod","Highlight Path","Minty Spire (QoL Compilation)","Relic Stats","Slay the Relics Exporter"],"gold_per_floor":[113,113,130,149,164,164,174,174,174,189,339,339,30,30,30,107,107,126,141,141,159,174,200,200,200,200],"floor_reached":25,"playtime":1267,"items_purged":["Strike_G"],"score":430,"play_id":"7146e298-96b0-416e-88c5-660511aed215","local_time":"20201223163824","is_ascension_mode":true,"campfire_choices":[{"floor":6,"key":"REST"},{"data":"Neutralize","floor":8,"key":"SMITH"},{"data":"Dodge and Roll","floor":15,"key":"SMITH"},{"floor":24,"key":"REST"}],"circlet_count":0,"master_deck":["AscendersBane","Strike_G","Strike_G","Strike_G","Strike_G","Defend_G","Defend_G","Defend_G","Defend_G","Defend_G","Survivor","Neutralize+1","Masterful Stab","Dagger Throw","Deflect","Dagger Throw","Dodge and Roll+1","Slice","Caltrops+1","Glass Knife","Glass Knife","Blade Dance","Cloak And Dagger","Deadly Poison","Adrenaline"],"relics":["Ring of the Snake","Bag of Preparation","Mummified Hand","Membership Card","Fusion Hammer","FossilizedHelix"],"acts_visited":["Exordium","TheCity"],"potions_floor_usage":[16,23],"damage_taken":[{"damage":2,"enemies":"Jaw Worm","floor":1,"turns":5},{"damage":0,"enemies":"2 Louse","floor":3,"turns":3},{"damage":0,"enemies":"Small Slimes","floor":4,"turns":2},{"damage":3,"enemies":"2 Fungi Beasts","floor":5,"turns":5},{"damage":7,"enemies":"Gremlin Gang","floor":7,"turns":4},{"damage":3,"enemies":"Exordium Wildlife","floor":10,"turns":5},{"damage":5,"enemies":"The Guardian","floor":16,"turns":13},{"damage":24,"enemies":"Chosen","floor":18,"turns":5},{"damage":4,"enemies":"2 Thieves","floor":19,"turns":4},{"damage":3,"enemies":"Snake Plant","floor":21,"turns":4},{"damage":1,"enemies":"Chosen and Byrds","floor":22,"turns":3},{"damage":38,"enemies":"Gremlin Leader","floor":23,"turns":11},{"damage":30,"enemies":"Slavers","floor":25,"turns":3}],"seed_played":"-2547108842594254014","potions_obtained":[{"floor":1,"key":"GamblersBrew"},{"floor":3,"key":"Ancient Potion"},{"floor":16,"key":"FairyPotion"},{"floor":22,"key":"Weak Potion"}],"is_trial":false,"path_per_floor":["M","?","M","M","M","R","M","R","T","M","?","?","$","?","R","B",null,"M","M","?","M","M","E","R","E"],"character_chosen":"THE_SILENT","items_purchased":["Membership Card","Caltrops","Glass Knife"],"campfire_rested":2,"item_purchase_floors":[13,13,13],"current_hp_per_floor":[63,18,18,18,15,36,29,29,29,26,26,19,19,19,19,14,58,34,30,30,27,26,9,30,0,0],"gold":200,"neow_bonus":"TEN_PERCENT_HP_BONUS","is_daily":false,"chose_seed":false,"campfire_upgraded":2,"win_rate":0.0,"timestamp":1608763104,"path_taken":["M","?","M","M","M","R","M","R","T","M","?","?","$","?","R","BOSS","M","?","?","?","M","E","R","E"],"items_purchased_type":["Relic","Card","Card"],"build_version":"2020-12-22","purchased_purges":1,"victory":false,"max_hp_per_floor":[72,72,72,72,72,72,72,72,72,72,72,72,72,72,72,72,72,72,72,72,72,72,72,72,72,72],"relic_stats":{"counters":[13,67],"Mummified Hand":[5],"Bag of Preparation":[24],"obtain_stats":[{"Mummified Hand":9,"Fusion Hammer":17,"Bag of Preparation":2,"Membership Card":13,"FossilizedHelix":23,"Ring of the Snake":0},{"Mummified Hand":5,"Fusion Hammer":7,"Bag of Preparation":1,"Membership Card":6,"FossilizedHelix":12,"Ring of the Snake":0},{"Mummified Hand":19,"Fusion Hammer":37,"Bag of Preparation":5,"Membership Card":24,"FossilizedHelix":64,"Ring of the Snake":0}],"Ring of the Snake":[26]},"card_choices":[{"not_picked":["Bane","Caltrops"],"picked":"Masterful Stab","floor":1},{"not_picked":["Bane","Venomology"],"picked":"Dagger Throw","floor":3},{"not_picked":["Dodge and Roll","Backflip"],"picked":"Deflect","floor":4},{"not_picked":["Prepared","Tactician"],"picked":"Dagger Throw","floor":5},{"not_picked":["Dagger Throw","PiercingWail"],"picked":"Dodge and Roll","floor":7},{"not_picked":["Underhanded Strike","Deflect"],"picked":"Slice","floor":10},{"not_picked":["Grand Finale","Night Terror"],"picked":"Glass Knife","floor":16},{"not_picked":["Outmaneuver","Slice"],"picked":"Blade Dance","floor":18},{"not_picked":["Concentrate","Quick Slash","Reflex"],"picked":"SKIP","floor":19},{"not_picked":["Infinite Blades","Quick Slash"],"picked":"Cloak And Dagger","floor":21},{"not_picked":["Concentrate","Calculated Gamble"],"picked":"Deadly Poison","floor":22},{"not_picked":["Prepared","Dagger Spray"],"picked":"Adrenaline","floor":23}],"player_experience":1198005,"relics_obtained":[{"floor":9,"key":"Mummified Hand"},{"floor":23,"key":"FossilizedHelix"}],"event_choices":[{"damage_healed":0,"gold_gain":0,"player_choice":"Success","damage_taken":45,"relics_obtained":["Bag of Preparation"],"max_hp_gain":0,"max_hp_loss":0,"event_name":"Scrap Ooze","floor":2,"gold_loss":0},{"damage_healed":0,"gold_gain":150,"player_choice":"AGREE","damage_taken":0,"max_hp_gain":0,"max_hp_loss":0,"event_name":"Liars Game","floor":11,"gold_loss":0,"cards_obtained":["Doubt"]},{"cards_removed":["Doubt"],"damage_healed":0,"gold_gain":0,"player_choice":"Card Removal","damage_taken":7,"max_hp_gain":0,"max_hp_loss":0,"event_name":"Golden Wing","floor":12,"gold_loss":0},{"damage_healed":0,"gold_gain":0,"player_choice":"Forge","damage_taken":0,"max_hp_gain":0,"max_hp_loss":0,"event_name":"Accursed Blacksmith","floor":14,"gold_loss":0,"cards_upgraded":["Caltrops"]},{"damage_healed":0,"gold_gain":0,"player_choice":"Ignored","damage_taken":0,"max_hp_gain":0,"max_hp_loss":0,"event_name":"N\u0027loth","floor":20,"gold_loss":0}],"is_beta":false,"boss_relics":[{"not_picked":["HoveringKite","Tiny House"],"picked":"Fusion Hammer"}],"items_purged_floors":[13],"is_endless":false,"potions_floor_spawned":[1,3,16,19,22],"killed_by":"Slavers","ascension_level":20}}