{"host":"5fasz840ryq7obdf","time":1608752787,"event":{"mods":["AchievementEnabler","BaseMod","Bestiary","Better Altar","Better Skull","Better Third Choice","BetterRewards","Block Reminder","Colored Powertips","Curses Come First","Minty Spire (QoL Compilation)","Quick Restart","Relic Stats","Shop Mod","Spicy Shops","StSLib"],"gold_per_floor":[135,54,112,37,37,37,71,71,71,176,194,212,1,1,1,1,1],"floor_reached":16,"playtime":695,"items_purged":["Defend_P"],"score":320,"play_id":"37aff774-a2f7-491c-9e59-bd8e356a214e","local_time":"20201223194627","is_ascension_mode":true,"campfire_choices":[{"data":"Eruption","floor":6,"key":"SMITH"},{"data":"SignatureMove","floor":8,"key":"SMITH"},{"floor":15,"key":"REST"}],"circlet_count":0,"master_deck":["AscendersBane","Strike_P","Strike_P","Strike_P","Strike_P","Defend_P","Defend_P","Eruption+1","Vigilance","Vigilance","HandOfGreed+1","SignatureMove+1","ClearTheMind","Establishment","EmptyBody","FlurryOfBlows","SandsOfTime","Consecrate","LikeWater","FlurryOfBlows"],"relics":["PureWater","DollysMirror","TungstenRod","HandDrill","Sundial","Art of War","Mercury Hourglass","Membership Card"],"acts_visited":["Exordium"],"potions_floor_usage":[10,14],"damage_taken":[{"damage":0,"enemies":"Cultist","floor":1,"turns":3},{"damage":0,"enemies":"2 Louse","floor":3,"turns":5},{"damage":0,"enemies":"Lagavulin","floor":7,"turns":3},{"damage":26,"enemies":"3 Sentries","floor":10,"turns":9},{"damage":2,"enemies":"Small Slimes","floor":11,"turns":4},{"damage":0,"enemies":"3 Louse","floor":12,"turns":4},{"damage":0,"enemies":"Gremlin Gang","floor":14,"turns":1},{"damage":30,"enemies":"The Guardian","floor":16,"turns":2}],"seed_played":"488722242237640303","potions_obtained":[{"floor":7,"key":"Swift Potion"},{"floor":10,"key":"SmokeBomb"},{"floor":12,"key":"LiquidBronze"}],"is_trial":false,"path_per_floor":["M","$","M","?","?","R","E","R","T","E","M","M","$","M","R","B"],"character_chosen":"WATCHER","items_purchased":["DollysMirror","HandOfGreed","TungstenRod","HandDrill","SignatureMove","Establishment","Membership Card","LikeWater","FlurryOfBlows"],"campfire_rested":1,"item_purchase_floors":[0,0,0,0,0,2,13,13,13],"current_hp_per_floor":[30,30,30,30,30,30,30,30,30,4,2,2,2,2,22,0,0],"gold":1,"neow_bonus":"","is_daily":false,"chose_seed":false,"campfire_upgraded":2,"win_rate":0.0,"timestamp":1608752787,"path_taken":["M","$","M","?","?","R","E","R","T","E","M","M","$","M","R","BOSS"],"items_purchased_type":["Relic","Card","Relic","Relic","Card","Card","Relic","Card","Card"],"build_version":"2020-12-22","purchased_purges":1,"victory":false,"max_hp_per_floor":[68,68,68,68,68,68,68,68,68,68,68,68,68,68,68,68,68],"relic_stats":{"counters":[160,529],"Sundial":[0],"HandDrill":[2],"Art of War":[4],"obtain_stats":[{"Ice Cream":30,"Tiny House":17,"Gremlin Horn":40,"CeramicFish":14,"Vajra":11,"Ginger":27,"Whetstone":54,"Bottled Tornado":9,"Sling":37,"Blood Vial":0,"Centennial Puzzle":42,"Lizard Tail":44,"HornCleat":0,"DollysMirror":0,"Sundial":7,"MealTicket":13,"Philosopher\u0027s Stone":17,"Prayer Wheel":48,"Fusion Hammer":17,"HandDrill":12,"Kunai":0,"Toxic Egg 2":26,"Girya":34,"Pear":47,"Happy Flower":0,"Dead Branch":13,"Blue Candle":47,"Oddly Smooth Stone":0,"Eternal Feather":46,"Pen Nib":40,"Letter Opener":27,"War Paint":42,"Akabeko":31,"WarpedTongs":21,"OrangePellets":0,"SlaversCollar":34,"Bottled Flame":13,"Shuriken":20,"Bronze Scales":43,"Bird Faced Urn":0,"Molten Egg 2":40,"Pandora\u0027s Box":17,"Black Star":34,"StrikeDummy":46,"Unceasing Top":26,"Meat on the Bone":0,"Darkstone Periapt":31,"Lantern":0,"Torii":0,"Singing Bowl":0,"Yang":8,"StoneCalendar":25,"Juzu Bracelet":26,"Incense Burner":23,"Bag of Preparation":46,"CloakClasp":0,"TeardropLocket":0,"Ancient Tea Set":12,"Cursed Key":17,"Smiling Mask":14,"ClockworkSouvenir":46,"Nunchaku":46,"Mummified Hand":44,"Pantograph":0,"Gambling Chip":0,"Toolbox":0,"Tiny Chest":9,"Red Mask":36,"InkBottle":24,"Potion Belt":28,"Lee\u0027s Waffle":0,"Golden Idol":3,"Damaru":6,"PreservedInsect":25,"The Courier":9,"Omamori":23,"Odd Mushroom":10,"Orichalcum":27,"Medical Kit":0,"GoldenEye":25,"White Beast Statue":36,"Mercury Hourglass":10,"Peace Pipe":28,"Calling Bell":34,"Strange Spoon":37,"Cauldron":47,"Anchor":9,"Busted Crown":34,"Ornamental Fan":19,"Orrery":0,"Bag of Marbles":0,"Art of War":46,"Membership Card":0,"PureWater":0,"Toy Ornithopter":40,"TungstenRod":45},{"Ice Cream":16,"Tiny House":33,"Gremlin Horn":97,"CeramicFish":9,"Vajra":8,"Ginger":39,"Whetstone":137,"Bottled Tornado":56,"Sling":71,"Blood Vial":107,"Centennial Puzzle":22,"Lizard Tail":131,"HornCleat":53,"DollysMirror":53,"Sundial":155,"MealTicket":32,"Philosopher\u0027s Stone":86,"Prayer Wheel":103,"Fusion Hammer":147,"HandDrill":8,"Kunai":53,"Toxic Egg 2":37,"Girya":125,"Pear":51,"Happy Flower":0,"Dead Branch":59,"Blue Candle":75,"Oddly Smooth Stone":0,"Eternal Feather":101,"Pen Nib":21,"Letter Opener":39,"War Paint":22,"Akabeko":42,"WarpedTongs":63,"OrangePellets":0,"SlaversCollar":70,"Bottled Flame":9,"Shuriken":12,"Bronze Scales":22,"Bird Faced Urn":25,"Molten Egg 2":21,"Pandora\u0027s Box":115,"Black Star":18,"StrikeDummy":101,"Unceasing Top":66,"Meat on the Bone":0,"Darkstone Periapt":17,"Lantern":25,"Torii":53,"Singing Bowl":107,"Yang":6,"StoneCalendar":90,"Juzu Bracelet":15,"Incense Burner":36,"Bag of Preparation":50,"CloakClasp":107,"TeardropLocket":78,"Ancient Tea Set":8,"Cursed Key":10,"Smiling Mask":85,"ClockworkSouvenir":50,"Nunchaku":24,"Mummified Hand":75,"Pantograph":25,"Gambling Chip":139,"Toolbox":107,"Tiny Chest":6,"Red Mask":19,"InkBottle":14,"Potion Belt":16,"Lee\u0027s Waffle":53,"Golden Idol":26,"Damaru":28,"PreservedInsect":37,"The Courier":143,"Omamori":88,"Odd Mushroom":7,"Orichalcum":121,"Medical Kit":53,"GoldenEye":66,"White Beast Statue":71,"Mercury Hourglass":156,"Peace Pipe":40,"Calling Bell":125,"Strange Spoon":71,"Cauldron":75,"Anchor":81,"Busted Crown":43,"Ornamental Fan":62,"Orrery":78,"Bag of Marbles":0,"Art of War":24,"Membership Card":0,"PureWater":0,"Toy Ornithopter":47,"TungstenRod":50},{"Ice Cream":36,"Tiny House":86,"Gremlin Horn":295,"CeramicFish":29,"Vajra":22,"Ginger":105,"Whetstone":441,"Bottled Tornado":176,"Sling":214,"Blood Vial":334,"Centennial Puzzle":47,"Lizard Tail":415,"HornCleat":167,"DollysMirror":167,"Sundial":511,"MealTicket":80,"Philosopher\u0027s Stone":269,"Prayer Wheel":316,"Fusion Hammer":484,"HandDrill":22,"Kunai":167,"Toxic Egg 2":99,"Girya":397,"Pear":154,"Happy Flower":0,"Dead Branch":183,"Blue Candle":225,"Oddly Smooth Stone":0,"Eternal Feather":309,"Pen Nib":46,"Letter Opener":105,"War Paint":47,"Akabeko":116,"WarpedTongs":196,"OrangePellets":0,"SlaversCollar":210,"Bottled Flame":29,"Shuriken":32,"Bronze Scales":47,"Bird Faced Urn":57,"Molten Egg 2":46,"Pandora\u0027s Box":364,"Black Star":39,"StrikeDummy":309,"Unceasing Top":201,"Meat on the Bone":0,"Darkstone Periapt":38,"Lantern":57,"Torii":167,"Singing Bowl":334,"Yang":19,"StoneCalendar":283,"Juzu Bracelet":35,"Incense Burner":96,"Bag of Preparation":150,"CloakClasp":334,"TeardropLocket":244,"Ancient Tea Set":22,"Cursed Key":30,"Smiling Mask":264,"ClockworkSouvenir":150,"Nunchaku":50,"Mummified Hand":225,"Pantograph":57,"Gambling Chip":455,"Toolbox":334,"Tiny Chest":19,"Red Mask":40,"InkBottle":34,"Potion Belt":36,"Lee\u0027s Waffle":167,"Golden Idol":62,"Damaru":69,"PreservedInsect":99,"The Courier":467,"Omamori":279,"Odd Mushroom":21,"Orichalcum":384,"Medical Kit":167,"GoldenEye":201,"White Beast Statue":214,"Mercury Hourglass":520,"Peace Pipe":109,"Calling Bell":397,"Strange Spoon":214,"Cauldron":225,"Anchor":253,"Busted Crown":121,"Ornamental Fan":194,"Orrery":244,"Bag of Marbles":0,"Art of War":50,"Membership Card":0,"PureWater":0,"Toy Ornithopter":137,"TungstenRod":150}],"TungstenRod":8,"Mercury Hourglass":[48]},"card_choices":[{"not_picked":["FollowUp","Nirvana"],"picked":"ClearTheMind","floor":1},{"not_picked":["PathToVictory","Weave"],"picked":"EmptyBody","floor":3},{"not_picked":["EmptyBody","Alpha","Worship"],"picked":"SKIP","floor":7},{"not_picked":["Wish","ForeignInfluence"],"picked":"FlurryOfBlows","floor":10},{"not_picked":["CutThroughFate","Consecrate"],"picked":"SandsOfTime","floor":11},{"not_picked":["FlyingSleeves","EmptyFist"],"picked":"Consecrate","floor":12}],"player_experience":1005720,"relics_obtained":[{"floor":7,"key":"Sundial"},{"floor":9,"key":"Art of War"},{"floor":10,"key":"Mercury Hourglass"}],"event_choices":[{"cards_removed":["Defend_P"],"damage_healed":0,"gold_gain":0,"player_choice":"Card Removal","damage_taken":0,"max_hp_gain":0,"max_hp_loss":0,"event_name":"The Cleric","floor":4,"gold_loss":75},{"damage_healed":0,"gold_gain":0,"player_choice":"Grow","damage_taken":0,"max_hp_gain":0,"max_hp_loss":0,"event_name":"Living Wall","floor":5,"gold_loss":0,"cards_upgraded":["HandOfGreed"]}],"is_beta":false,"boss_relics":[],"items_purged_floors":[0],"is_endless":false,"potions_floor_spawned":[7,10,12],"killed_by":"The Guardian","ascension_level":20}}