{"host":"wy23tj84iquxuyyu","time":1608738791,"event":{"mods":["Aspiration","BaseMod","Better Note","Colored Map","Fireblade Mod","Hermit","Marked Mod","Minty Spire (QoL Compilation)","Random Character Button","Rare Cards Sparkle","Relic Stats","Replay The Spire","Retaliation","Spicy Shops","StSLib","The Cursed","The Death Knight","The Necromancer","Trackpad"],"gold_per_floor":[109,109,129,141,141,141,155,166,191,205,205,205,205,223,223,319,319,338,348,366,366,214,214,214,231,255,255,272,197,210,222,222,222,222],"floor_reached":33,"playtime":1483,"items_purged":[],"score":268,"play_id":"11de2177-6336-449c-9f31-350a07ad39d9","local_time":"20201223105311","is_ascension_mode":false,"campfire_choices":[{"data":"TheCursedMod:Hemoplague","floor":6,"key":"SMITH"},{"floor":11,"key":"REST"},{"floor":13,"key":"REST"},{"data":"TheCursedMod:SpreadPlague","floor":15,"key":"SMITH"},{"data":"TheCursedMod:OutForBlood","floor":23,"key":"SMITH"},{"floor":27,"key":"REST"},{"floor":32,"key":"REST"}],"circlet_count":0,"master_deck":["TheCursedMod:Strike_TheCursed+1","TheCursedMod:Strike_TheCursed","TheCursedMod:Strike_TheCursed","TheCursedMod:Strike_TheCursed","TheCursedMod:Defend_TheCursed","TheCursedMod:Defend_TheCursed+1","TheCursedMod:Defend_TheCursed","TheCursedMod:Defend_TheCursed","TheCursedMod:CursedWand","TheCursedMod:CleanUpWorkshop","TheCursedMod:Hemoplague+1","TheCursedMod:Mangle","TheCursedMod:OutForBlood+1","CurseOfTheBell","TheCursedMod:Stigma","TheCursedMod:VitalStrike","TheCursedMod:VitalStrike","TheCursedMod:Mangle","TheCursedMod:Mangle+1","TheCursedMod:SaltUponWound"],"relics":["TheCursedMod:BlackMagic101","Blue Doll","Vajra","Calling Bell","Akabeko","Replay:Ringing Soul","Happy Flower","Lee\u0027s Waffle","BranchBurnRelic","Oddly Smooth Stone","Replay:Mystery Machine"],"acts_visited":["Exordium","TheCity"],"potions_floor_usage":[16],"damage_taken":[{"damage":0,"enemies":"Jaw Worm","floor":1,"turns":4},{"damage":0,"enemies":"Small Slimes","floor":3,"turns":3},{"damage":0,"enemies":"Cultist","floor":4,"turns":4},{"damage":5,"enemies":"Looter","floor":7,"turns":4},{"damage":13,"enemies":"3 Louse","floor":8,"turns":5},{"damage":21,"enemies":"Exordium Thugs","floor":10,"turns":9},{"damage":0,"enemies":"Looter","floor":14,"turns":3},{"damage":61,"enemies":"Fading Forest","floor":16,"turns":11},{"damage":20,"enemies":"Shell Parasite","floor":18,"turns":7},{"damage":2,"enemies":"3 Byrds","floor":19,"turns":2},{"damage":15,"enemies":"Snecko","floor":20,"turns":4},{"damage":41,"enemies":"Centurion and Healer","floor":25,"turns":6},{"damage":19,"enemies":"Shelled Parasite and Fungi","floor":28,"turns":4},{"damage":14,"enemies":"Snecko","floor":30,"turns":5},{"damage":23,"enemies":"Snake Plant","floor":31,"turns":3},{"damage":101,"enemies":"Collector","floor":33,"turns":7}],"seed_played":"6826939576875727824","potions_obtained":[{"floor":1,"key":"TheCursedMod:DregsPotion"},{"floor":3,"key":"Dexterity Potion"},{"floor":4,"key":"BlessingOfTheForge"},{"floor":10,"key":"Weak Potion"},{"floor":19,"key":"DeathKnight:BottledBloodEchoes"}],"is_trial":false,"path_per_floor":["M","?","M","M","?","R","M","M","T","M","R","?","R","M","R","B",null,"M","M","M","?","$","R","?","M","T","R","M","$","M","M","R","B"],"character_chosen":"THE_CURSED","items_purchased":["Lee\u0027s Waffle","Replay:Mystery Machine"],"campfire_rested":4,"item_purchase_floors":[22,29],"current_hp_per_floor":[75,75,75,75,75,75,70,57,57,36,58,43,65,65,65,26,75,58,59,47,47,91,91,94,64,64,93,82,82,71,48,78,0,0],"gold":222,"neow_bonus":"RANDOM_COMMON_RELIC","is_daily":false,"chose_seed":false,"campfire_upgraded":3,"win_rate":0.0,"timestamp":1608738791,"path_taken":["M","?","M","M","?","R","?","M","T","M","R","?","R","M","R","BOSS","M","M","M","?","?","R","?","M","T","R","M","$","M","M","R","BOSS"],"items_purchased_type":["Relic","Relic"],"build_version":"2020-12-22","purchased_purges":0,"victory":false,"max_hp_per_floor":[75,75,75,75,75,75,75,75,75,75,75,75,75,75,75,75,75,78,81,84,84,91,91,94,97,97,97,97,97,100,100,100,100,100],"relic_stats":{"Lee\u0027s Waffle":44,"Happy Flower":[8],"counters":[16,81],"obtain_stats":[{"Calling Bell":17,"TheCursedMod:BlackMagic101":0,"Replay:Ringing Soul":17,"BranchBurnRelic":23,"Lee\u0027s Waffle":22,"Happy Flower":21,"Dead Branch":17,"Vajra":9,"Oddly Smooth Stone":26,"Blue Doll":0,"Replay:Mystery Machine":29,"Akabeko":17},{"Calling Bell":8,"TheCursedMod:BlackMagic101":0,"Replay:Ringing Soul":8,"BranchBurnRelic":11,"Lee\u0027s Waffle":11,"Happy Flower":11,"Dead Branch":8,"Vajra":5,"Oddly Smooth Stone":12,"Blue Doll":0,"Replay:Mystery Machine":13,"Akabeko":8},{"Calling Bell":43,"TheCursedMod:BlackMagic101":0,"Replay:Ringing Soul":43,"BranchBurnRelic":56,"Lee\u0027s Waffle":56,"Happy Flower":56,"Dead Branch":43,"Vajra":20,"Oddly Smooth Stone":62,"Blue Doll":0,"Replay:Mystery Machine":66,"Akabeko":43}]},"card_choices":[{"not_picked":["TheCursedMod:WearCloak","TheCursedMod:Stigma"],"picked":"TheCursedMod:Hemoplague","floor":1},{"not_picked":["TheCursedMod:CircleOfFocus","TheCursedMod:CircleOfCorruption","TheCursedMod:DoubleShield"],"picked":"SKIP","floor":3},{"not_picked":["TheCursedMod:VitalStrike","TheCursedMod:WearCloak"],"picked":"TheCursedMod:SpreadPlague","floor":4},{"not_picked":["TheCursedMod:SmokeScreen","TheCursedMod:SpitefulPray","TheCursedMod:CursedShiv"],"picked":"SKIP","floor":7},{"not_picked":["TheCursedMod:SmokeScreen","TheCursedMod:CircleOfFlame","TheCursedMod:Grudge"],"picked":"SKIP","floor":8},{"not_picked":["TheCursedMod:Hemoplague","TheCursedMod:SpitefulStrike"],"picked":"TheCursedMod:Mangle","floor":10},{"not_picked":["TheCursedMod:LuckyCharm","TheCursedMod:RavingStaff","TheCursedMod:Obscuration"],"picked":"SKIP","floor":14},{"not_picked":["TheCursedMod:DarkBarrier","TheCursedMod:DemonicPact"],"picked":"TheCursedMod:OutForBlood","floor":16},{"not_picked":["TheCursedMod:CircleOfBlood","TheCursedMod:CursedAmulet+1"],"picked":"TheCursedMod:Stigma","floor":18},{"not_picked":["TheCursedMod:HellfireBreathing","TheCursedMod:AbyssShockwave"],"picked":"TheCursedMod:VitalStrike","floor":19},{"not_picked":["TheCursedMod:RapidMovement","TheCursedMod:CursedAmulet"],"picked":"TheCursedMod:VitalStrike","floor":20},{"not_picked":["TheCursedMod:RavingStaff","TheCursedMod:FuryStrike+1"],"picked":"TheCursedMod:Mangle+1","floor":25},{"not_picked":["TheCursedMod:RapidMovement","TheCursedMod:Wield","TheCursedMod:CircleOfCorruption"],"picked":"SKIP","floor":28},{"not_picked":["TheCursedMod:LuckyCharm","TheCursedMod:TacticalStrike"],"picked":"TheCursedMod:SaltUponWound","floor":30},{"not_picked":["TheCursedMod:RavingStaff","TheCursedMod:SmokeScreen","TheCursedMod:Grudge"],"picked":"SKIP","floor":31}],"player_experience":808089,"relics_obtained":[{"floor":9,"key":"Vajra"},{"floor":17,"key":"Akabeko"},{"floor":17,"key":"Replay:Ringing Soul"},{"floor":17,"key":"Dead Branch"},{"floor":26,"key":"Oddly Smooth Stone"}],"event_choices":[{"cards_removed":["TheCursedMod:Dregs"],"damage_healed":0,"gold_gain":0,"player_choice":"Purged","damage_taken":0,"max_hp_gain":0,"max_hp_loss":0,"event_name":"Purifier","floor":5,"gold_loss":0},{"damage_healed":0,"gold_gain":0,"player_choice":"Entered Light","damage_taken":15,"max_hp_gain":0,"max_hp_loss":0,"event_name":"Shining Light","floor":12,"gold_loss":0,"cards_upgraded":["TheCursedMod:Defend_TheCursed","TheCursedMod:Strike_TheCursed"]},{"cards_removed":["TheCursedMod:SpreadPlague"],"damage_healed":0,"gold_gain":0,"player_choice":"Gave Card","damage_taken":0,"relics_obtained":["Happy Flower"],"max_hp_gain":0,"max_hp_loss":0,"event_name":"WeMeetAgain","floor":21,"gold_loss":0},{"damage_healed":0,"gold_gain":0,"player_choice":"Copied","damage_taken":0,"max_hp_gain":0,"max_hp_loss":0,"event_name":"Duplicator","floor":24,"gold_loss":0,"cards_obtained":["TheCursedMod:Mangle"]}],"is_beta":false,"boss_relics":[{"not_picked":["Replay:Drink Me","Fusion Hammer"],"picked":"Calling Bell"}],"items_purged_floors":[],"is_endless":false,"potions_floor_spawned":[1,3,4,10,19,25,30,31],"killed_by":"Collector","ascension_level":0}}