{"host":"c5j8t0wyh2hvx9ju","time":1608714437,"event":{"mods":["Astrologer","BaseMod","BetterRewards","HololiveMod","Minty Spire (QoL Compilation)","Prisma Mod","StSLib"],"gold_per_floor":[111,121,121,139,23,55,75,75,130,162,162,192,192,207,207,303,303,323,338,29,29,39,39,39,50,119,119,138,150,164,181,181,181,181],"floor_reached":33,"playtime":2518,"items_purged":[],"score":482,"play_id":"69e8eac2-c0a4-4bc3-b6be-ad8519e2a6dc","local_time":"20201223180717","is_ascension_mode":true,"campfire_choices":[{"floor":8,"key":"REST"},{"data":"Sunder","floor":11,"key":"SMITH"},{"floor":15,"key":"REST"},{"data":"Creative AI","floor":23,"key":"SMITH"},{"floor":27,"key":"REST"},{"floor":32,"key":"REST"}],"circlet_count":0,"master_deck":["Strike_B","Strike_B","Strike_B","Strike_B","Defend_B","Defend_B","Defend_B","Defend_B","Zap","Dualcast","Cold Snap","Sunder+1","Streamline","Hologram","Dark Shackles","Darkness","Hologram+1","Coolheaded+1","Steam+1","Glacier+1","Creative AI+1","Redo+1","Loop","Shame","Redo+1","Gash+1"],"relics":["Cracked Core","StoneCalendar","Toxic Egg 2","Akabeko","Oddly Smooth Stone","The Courier","Runic Pyramid","Incense Burner","Molten Egg 2","Nilry\u0027s Codex","Matryoshka"],"acts_visited":["Exordium","TheCity"],"potions_floor_usage":[10,22,33],"damage_taken":[{"damage":7,"enemies":"Jaw Worm","floor":1,"turns":3},{"damage":0,"enemies":"Cultist","floor":2,"turns":2},{"damage":4,"enemies":"2 Louse","floor":4,"turns":2},{"damage":28,"enemies":"Gremlin Nob","floor":6,"turns":4},{"damage":12,"enemies":"Large Slime","floor":7,"turns":5},{"damage":3,"enemies":"3 Sentries","floor":10,"turns":4},{"damage":28,"enemies":"Gremlin Nob","floor":12,"turns":4},{"damage":0,"enemies":"Looter","floor":14,"turns":3},{"damage":11,"enemies":"Hexaghost","floor":16,"turns":8},{"damage":18,"enemies":"3 Byrds","floor":18,"turns":7},{"damage":2,"enemies":"Shell Parasite","floor":19,"turns":7},{"damage":5,"enemies":"3 Cultists","floor":22,"turns":7},{"damage":8,"enemies":"Chosen and Byrds","floor":25,"turns":7},{"damage":4,"enemies":"Shelled Parasite and Fungi","floor":28,"turns":7},{"damage":13,"enemies":"3 Cultists","floor":29,"turns":7},{"damage":0,"enemies":"Snake Plant","floor":30,"turns":5},{"damage":12,"enemies":"Cultist and Chosen","floor":31,"turns":7},{"damage":45,"enemies":"Champ","floor":33,"turns":13}],"seed_played":"-3551522029271136134","potions_obtained":[{"floor":7,"key":"PowerPotion"},{"floor":16,"key":"Ancient Potion"},{"floor":19,"key":"AttackPotion"},{"floor":25,"key":"SneckoOil"},{"floor":28,"key":"EssenceOfDarkness"},{"floor":30,"key":"Energy Potion"}],"is_trial":false,"path_per_floor":["M","M","?","M","$","E","M","R","T","E","R","E","?","M","R","B",null,"M","M","$","?","M","R","?","M","T","R","M","M","M","M","R","B"],"character_chosen":"DEFECT","items_purchased":["StoneCalendar","Cold Snap","Dark Shackles","Darkness","Incense Burner","Loop"],"campfire_rested":4,"item_purchase_floors":[0,0,5,5,20,20],"current_hp_per_floor":[61,61,61,57,57,29,17,39,39,36,36,8,8,8,30,19,61,43,41,41,41,36,36,20,12,12,34,30,17,17,5,27,0,0],"gold":181,"neow_bonus":"","is_daily":false,"chose_seed":false,"campfire_upgraded":2,"win_rate":0.0,"timestamp":1608714437,"path_taken":["M","M","?","M","?","E","M","R","T","E","R","E","?","M","R","BOSS","M","M","$","?","M","R","?","M","T","R","M","M","M","M","R","BOSS"],"items_purchased_type":["Relic","Card","Card","Card","Relic","Card"],"build_version":"2020-12-22","purchased_purges":0,"victory":false,"max_hp_per_floor":[75,75,75,75,75,75,75,75,75,75,75,75,75,75,75,75,75,75,75,75,75,75,75,75,75,75,75,75,75,75,75,75,75,75],"card_choices":[{"not_picked":["Gash","Rip and Tear"],"picked":"Sunder","floor":1},{"not_picked":["Beam Cell","Stack"],"picked":"Streamline","floor":2},{"not_picked":["Redo","Sweeping Beam"],"picked":"Hologram","floor":4},{"not_picked":["Cold Snap","Lockon"],"picked":"Hologram+1","floor":6},{"not_picked":["BootSequence+1","Redo+1"],"picked":"Coolheaded+1","floor":7},{"not_picked":["Gash","All For One"],"picked":"Steam+1","floor":10},{"not_picked":["Cold Snap","Amplify+1"],"picked":"Glacier+1","floor":12},{"not_picked":["Consume+1","Turbo+1","Cold Snap"],"picked":"SKIP","floor":14},{"not_picked":["Thunder Strike","Hyperbeam"],"picked":"Creative AI","floor":16},{"not_picked":["Streamline","Barrage","Fusion+1"],"picked":"SKIP","floor":18},{"not_picked":["Consume+1","Ball Lightning"],"picked":"Redo+1","floor":19},{"not_picked":["Leap+1","Conserve Battery+1"],"picked":"Redo+1","floor":22},{"not_picked":["Coolheaded+1","Leap+1","Beam Cell+1"],"picked":"SKIP","floor":25},{"not_picked":["Lockon+1","Core Surge+1"],"picked":"Gash+1","floor":28},{"not_picked":["FTL+1","Skim+1","Streamline+1"],"picked":"SKIP","floor":29},{"not_picked":["Beam Cell+1","Reprogram+1","Stack+1"],"picked":"SKIP","floor":30},{"not_picked":["Redo+1","Gash+1","Skim+1"],"picked":"SKIP","floor":31}],"player_experience":859410,"relics_obtained":[{"floor":6,"key":"Toxic Egg 2"},{"floor":9,"key":"Akabeko"},{"floor":10,"key":"Oddly Smooth Stone"},{"floor":12,"key":"The Courier"},{"floor":24,"key":"Nilry\u0027s Codex"},{"floor":26,"key":"Matryoshka"}],"event_choices":[{"damage_healed":0,"gold_gain":0,"player_choice":"Bought 0 Potions","damage_taken":0,"max_hp_gain":0,"max_hp_loss":0,"event_name":"The Woman in Blue","floor":3,"gold_loss":0},{"damage_healed":0,"gold_gain":0,"player_choice":"Ignored","damage_taken":0,"max_hp_gain":0,"max_hp_loss":0,"event_name":"Shining Light","floor":13,"gold_loss":0},{"damage_healed":0,"gold_gain":0,"player_choice":"Stole Relic","damage_taken":0,"relics_obtained":["Molten Egg 2"],"max_hp_gain":0,"max_hp_loss":0,"event_name":"Addict","floor":21,"gold_loss":0,"cards_obtained":["Shame"]},{"damage_healed":0,"gold_gain":0,"player_choice":"Obtained Book","damage_taken":16,"max_hp_gain":0,"max_hp_loss":0,"event_name":"Cursed Tome","floor":24,"gold_loss":0}],"is_beta":false,"boss_relics":[{"not_picked":["Astrolabe","Hololive_ChaosS"],"picked":"Runic Pyramid"}],"items_purged_floors":[],"is_endless":false,"potions_floor_spawned":[7,16,19,25,28,30],"killed_by":"Champ","ascension_level":6}}