{"host":"050ensmz1fh1c58u","time":1608743125,"event":{"mods":["BaseMod","Downfall","Gremlin Mod","Minty Spire (QoL Compilation)","READ ME - Guardian Mod","StSLib","The Animator","The Bug Knight","The Cursed","The Disciple","The Servant 0.9.4"],"gold_per_floor":[99,99,99,118,118,118,118,149,74,102,114,126,144,162,181,277,277,277,295,156,6,24,55,55,72,72,105,125,325,342,357,375,470,470,470,455,87,103,153,153,153,173,189,189,223,239,239,239,239],"floor_reached":47,"playtime":4688,"items_purged":["Regret"],"score":664,"play_id":"8791e877-2f83-46ef-a13e-54733a26e3cf","local_time":"20201223180525","is_ascension_mode":false,"campfire_choices":[{"data":"champ:Taunt","floor":1.0,"key":"SMITH"},{"floor":9.0,"key":"REST"},{"floor":18.0,"key":"RECALL"},{"floor":21.0,"key":"REST"},{"floor":26.0,"key":"REST"},{"floor":35.0,"key":"REST"},{"floor":40,"key":"REST"}],"circlet_count":0,"master_deck":["champ:Strike+1","champ:Strike","champ:Strike","champ:Defend","champ:Defend+1","champ:Defend","champ:Defend","champ:Execute+1","champ:Taunt+1","champ:Backstep","champ:SwordThrow","champ:Haymaker","champ:FlashCut","champ:Lariat","champ:StanceDance","champ:Riposte","champ:CalledShot","champ:Improvising","champ:Backstep+1","champ:TornadoPunch","champ:TornadoPunch","champ:Circumvent+1","champ:ShieldWall","champ:GladiatorsShout","champ:CrownThrow","champ:DefensiveStyle","Apotheosis","Trip","champ:ViciousMockery","hexamod:Defend"],"relics":["champ:ChampionCrown","Akabeko","downfall:HeartBlessingBlue","Orichalcum","Fusion Hammer","downfall:HeartBlessingRed","downfall:HeartBlessingGreen","Red Mask","Regal Pillow","Turnip","Velvet Choker","champ:GladiatorsBookOfMartialProwess","HollowMod:LifeEnderRelic","Omamori"],"acts_visited":["Exordium","TheCity","TheBeyond"],"potions_floor_usage":[],"damage_taken":[{"damage":17.0,"enemies":"Jaw Worm","floor":4.0,"turns":5.0},{"damage":39.0,"enemies":"3 Sentries","floor":8.0,"turns":13.0},{"damage":44.0,"enemies":"Lagavulin","floor":10.0,"turns":8.0},{"damage":1.0,"enemies":"Small Slimes","floor":11.0,"turns":2.0},{"damage":2.0,"enemies":"Cultist","floor":12.0,"turns":3.0},{"damage":8.0,"enemies":"Gremlin Gang","floor":13.0,"turns":5.0},{"damage":7.0,"enemies":"Red Slaver","floor":14.0,"turns":2.0},{"damage":6.0,"enemies":"2 Fungi Beasts","floor":15.0,"turns":3.0},{"damage":41.0,"enemies":"downfall:Silent","floor":16.0,"turns":6.0},{"damage":18.0,"enemies":"Spheric Guardian","floor":19.0,"turns":4.0},{"damage":2.0,"enemies":"downfall:FleeingMerchant","floor":20.0,"turns":4.0},{"damage":18.0,"enemies":"Centurion and Healer","floor":22.0,"turns":6.0},{"damage":17.0,"enemies":"Masked Bandits","floor":23.0,"turns":5.0},{"damage":9.0,"enemies":"Snake Plant","floor":25.0,"turns":3.0},{"damage":5.0,"enemies":"Book of Stabbing","floor":27.0,"turns":5.0},{"damage":4.0,"enemies":"Shelled Parasite and Fungi","floor":28.0,"turns":4.0},{"damage":5.0,"enemies":"Centurion and Healer","floor":30.0,"turns":6.0},{"damage":5.0,"enemies":"3 Cultists","floor":31.0,"turns":5.0},{"damage":0.0,"enemies":"Snake Plant","floor":32.0,"turns":4.0},{"damage":40.0,"enemies":"downfall:Watcher","floor":33.0,"turns":14.0},{"damage":5.0,"enemies":"downfall:FleeingMerchant","floor":36.0,"turns":4.0},{"damage":5,"enemies":"downfall:FleeingMerchant","floor":37,"turns":4},{"damage":5,"enemies":"Orb Walker","floor":38,"turns":3},{"damage":67,"enemies":"Mind Bloom Boss Battle","floor":39,"turns":11},{"damage":8,"enemies":"4 Shapes","floor":42,"turns":6},{"damage":0,"enemies":"3 Darklings","floor":43,"turns":3},{"damage":60,"enemies":"Reptomancer","floor":45,"turns":9},{"damage":18,"enemies":"Writhing Mass","floor":46,"turns":6},{"damage":19,"enemies":"4 Shapes","floor":47,"turns":6}],"seed_played":"8368221600155138","potions_obtained":[{"floor":8.0,"key":"LiquidBronze"},{"floor":10.0,"key":"ColorlessPotion"},{"floor":12.0,"key":"champ:TechniquePotion"},{"floor":14.0,"key":"FearPotion"},{"floor":22.0,"key":"Weak Potion"},{"floor":23.0,"key":"sneckomod:MuddlingPotion"},{"floor":30.0,"key":"champ:UltimateStancePotion"},{"floor":32.0,"key":"ColorlessPotion"},{"floor":39,"key":"SpeedPotion"},{"floor":42,"key":"Guardian:BlockOnCardUsePotion"},{"floor":43,"key":"Ancient Potion"}],"is_trial":false,"path_per_floor":["R","?","?","M","?","?","T","E","R","E","M","M","M","M","M","B",null,"R","M","$","R","M","?","T","M","R","E","M","?","M","M","M","B",null,"R","$","$","M","?","R","T","M","M","?","E","M","M"],"character_chosen":"THE_CHAMP","items_purchased":["champ:TornadoPunch","champ:DefensiveStyle","Apotheosis","Trip"],"campfire_rested":5,"item_purchase_floors":[20,37,37,37],"current_hp_per_floor":[99,99,99,87,92,92,92,68,112,76,75,73,70,68,62,31,114,114,101,99,114,110,98,98,89,114,109,105,105,105,105,105,70,114,114,114,114,114,52,101,101,93,93,93,33,18,0,0,0],"gold":239,"neow_bonus":"TEN_PERCENT_HP_BONUS","is_daily":false,"chose_seed":false,"campfire_upgraded":1,"win_rate":0.0,"timestamp":1608743125,"path_taken":["R","?","?","?","?","?","T","E","R","E","M","?","M","?","M","BOSS","R","M","$","R","M","?","T","M","R","E","M","?","M","M","M","BOSS","R","$","$","M","?","R","T","M","M","?","E","?","M"],"items_purchased_type":["Card","Card","Card","Card"],"build_version":"2020-12-22","purchased_purges":1,"victory":false,"max_hp_per_floor":[99,99,99,99,104,104,104,104,114,114,114,114,114,114,114,114,114,114,114,114,114,114,114,114,114,114,114,114,114,114,114,114,114,114,114,114,114,114,114,114,114,114,114,114,114,114,114,114,114],"card_choices":[{"not_picked":["champ:GladiatorsShout","champ:Circumvent"],"picked":"champ:Backstep","floor":4.0},{"not_picked":["champ:GladiatorsShout","champ:Backstep"],"picked":"champ:Haymaker","floor":8.0},{"not_picked":["champ:CrookedStrike","champ:FanOfKnives"],"picked":"champ:FlashCut","floor":10.0},{"not_picked":["champ:AdrenalArmor","champ:Encircle"],"picked":"champ:Lariat","floor":11.0},{"not_picked":["champ:Encircle","champ:PerfectedStrike"],"picked":"champ:StanceDance","floor":12.0},{"not_picked":["champ:FlashCut","champ:Circumvent"],"picked":"champ:Riposte","floor":13.0},{"not_picked":["champ:RapidStrikes","champ:PerfectedStrike","champ:GutPunch"],"picked":"SKIP","floor":14.0},{"not_picked":["champ:StanceDance","champ:BladeFlurry"],"picked":"champ:CalledShot","floor":15.0},{"not_picked":["champ:VampiricStrike","champ:PerfectForm"],"picked":"champ:Improvising","floor":16.0},{"not_picked":["champ:FocusedDefense","champ:FlashCut","champ:Haymaker"],"picked":"SKIP","floor":19.0},{"not_picked":["champ:StanceDance","champ:SwordThrow"],"picked":"champ:Backstep+1","floor":20.0},{"not_picked":["champ:CrookedStrike","champ:GladiatorsShout","champ:FanOfKnives+1"],"picked":"SKIP","floor":22.0},{"not_picked":["champ:GladiatorStyle","champ:CrookedStrike"],"picked":"champ:BringItOn","floor":23.0},{"not_picked":["champ:BerserkersShout","champ:HeartStrike","champ:Haymaker"],"picked":"SKIP","floor":25.0},{"not_picked":["champ:DefensiveShout","champ:BladeFlurry","champ:CalledShot"],"picked":"SKIP","floor":27.0},{"not_picked":["champ:Haymaker","champ:BerserkersShout+1"],"picked":"champ:TornadoPunch","floor":28.0},{"not_picked":["champ:RisingSlash","champ:Lariat"],"picked":"champ:Circumvent+1","floor":30.0},{"not_picked":["champ:StrikeOfGenius","champ:BladeFlurry"],"picked":"champ:ShieldWall","floor":31.0},{"not_picked":["champ:BerserkersShout","champ:RapidStrikes"],"picked":"champ:GladiatorsShout","floor":32.0},{"not_picked":["champ:Devastate","champ:PerfectForm"],"picked":"champ:CrownThrow","floor":33.0},{"not_picked":["champ:StanceDance+1","champ:BringItOn","champ:HeartStrike+1"],"picked":"SKIP","floor":36},{"not_picked":["champ:PreciseThrust+1","champ:Devastate","champ:FanOfKnives"],"picked":"SKIP","floor":37},{"not_picked":["champ:Haymaker","champ:Circumvent","champ:BringItOn+1"],"picked":"SKIP","floor":38},{"not_picked":["champ:Lariat+1","champ:CrookedStrike"],"picked":"champ:ViciousMockery","floor":39},{"not_picked":["champ:FaceSlap+1","champ:GladiatorsShout","champ:TornadoPunch"],"picked":"SKIP","floor":42},{"not_picked":["champ:StanceDance+1","champ:AdrenalArmor","champ:GutPunch+1"],"picked":"SKIP","floor":43},{"not_picked":["champ:BerserkersShout+1","champ:FlashCut","champ:HeartStrike"],"picked":"SKIP","floor":45},{"not_picked":["champ:GutPunch","champ:Encircle","champ:PerfectForm"],"picked":"SKIP","floor":46}],"player_experience":1551184,"relics_obtained":[{"floor":8.0,"key":"Akabeko"},{"floor":10.0,"key":"Orichalcum"},{"floor":23.0,"key":"Red Mask"},{"floor":24.0,"key":"Regal Pillow"},{"floor":27.0,"key":"Turnip"},{"floor":39,"key":"champ:GladiatorsBookOfMartialProwess"},{"floor":41,"key":"HollowMod:LifeEnderRelic"},{"floor":45,"key":"Omamori"}],"event_choices":[{"damage_healed":0.0,"max_hp_gain":5.0,"max_hp_loss":0.0,"gold_gain":0.0,"event_name":"Big Fish","player_choice":"Donut","floor":5.0,"gold_loss":0.0,"damage_taken":0.0},{"damage_healed":0.0,"max_hp_gain":0.0,"max_hp_loss":0.0,"gold_gain":0.0,"cards_transformed":["champ:Strike"],"event_name":"Transmorgrifier","player_choice":"Transformed","floor":6.0,"gold_loss":0.0,"damage_taken":0.0,"cards_obtained":["champ:SwordThrow"]},{"damage_healed":0.0,"max_hp_gain":0.0,"max_hp_loss":0.0,"gold_gain":0.0,"event_name":"Masked Bandits","player_choice":"Fought Bandits","floor":23.0,"gold_loss":0.0,"damage_taken":0.0},{"cards_removed":["champ:BringItOn"],"damage_healed":0,"gold_gain":0,"player_choice":"Took Card","damage_taken":0,"max_hp_gain":0,"max_hp_loss":0,"event_name":"NoteForYourself","floor":44,"gold_loss":0,"cards_obtained":["hexamod:Defend"]}],"is_beta":false,"boss_relics":[{"not_picked":["champ:ChampionCrownUpgraded","Calling Bell"],"picked":"Fusion Hammer"},{"not_picked":["Tiny House","Philosopher\u0027s Stone"],"picked":"Velvet Choker"}],"items_purged_floors":[20],"is_endless":false,"potions_floor_spawned":[8,10,12,14,22,23,30,32,39,42,43,45],"killed_by":"4 Shapes","ascension_level":0}}