{"host":"qw1m3zcvi888b4j7","time":1608692333,"event":{"mods":["AchievementEnabler","Act Like it!","BaseMod","Block Reminder","Colored Map","Colored Powertips","Curses Come First","DeckTracker","Hermit","Highlight Path","Hubris","Minty Spire (QoL Compilation)","Quick Restart","Rare Cards Sparkle","Relic Sorter","Relic Stats","Replay The Spire","StSLib","SuperFastMode","The Blue Laboratory","The Cursed","The Servant 0.9.4","everything is the same but u backflip on backflip"],"gold_per_floor":[118,118,131,25,25,55,69,69,92,103,103,135,135,161,161,257,257,269,269,319,30,47,47,64,64,87,87,100,10,10,43,43,139,139,153,5,20,20,30,30,30],"floor_reached":40,"playtime":1696,"items_purged":[],"score":494,"play_id":"9e3c84f5-961a-4695-83df-845175e17152","local_time":"20201223035853","is_ascension_mode":true,"campfire_choices":[{"floor":8,"key":"RECALL"},{"data":"Zap","floor":11,"key":"SMITH"},{"data":"Biased Cognition","floor":13,"key":"SMITH"},{"data":"J.A.X.","floor":23,"key":"SMITH"},{"data":"hubris:PowerSurge","floor":25,"key":"SMITH"},{"data":"Echo Form","floor":30,"key":"SMITH"}],"circlet_count":0,"master_deck":["Strike_B","Strike_B","Strike_B","Strike_B","Defend_B","Defend_B","Defend_B+1","Defend_B+1","Zap+1","Dualcast+1","Gash+1","Gash+1","Mirror Shield+1","Go for the Eyes+1","Biased Cognition+1","Cold Snap","Auto Shields","hubris:PowerSurge+1","Echo Form+1","CurseOfTheBell","Barrage+1","J.A.X.+1","Static Discharge+1","Consume+1","ReplayTheSpireMod:Calculation Training","Redo+1","Beam Cell","Ball Lightning+1","hubris:DoWhile","Rip and Tear+1","BasicCrystalCard","Transmutation","Replay:Bootleg Shield Generator","Replay:Parry","ReplayTheSpireMod:Reroute Power"],"relics":["Cracked Core","NeowsBlessing","hubris:Towel","Replay:Mystery Machine","ReplayTheSpireMod:Lightbulb","Boot","hubris:FunFungus","Calling Bell","MealTicket","Question Card","Peace Pipe","Ice Cream","Tiny Chest","Simple Rune","Ring of Chaos","HandDrill"],"acts_visited":["Exordium","TheCity","TheBeyond"],"potions_floor_usage":[14,16,16,22,31,33,35,40],"damage_taken":[{"damage":0,"enemies":"Jaw Worm","floor":1,"turns":1},{"damage":0,"enemies":"Small Slimes","floor":3,"turns":1},{"damage":0,"enemies":"3 Sentries","floor":6,"turns":1},{"damage":0,"enemies":"2 Louse","floor":7,"turns":2},{"damage":0,"enemies":"Large Slime","floor":10,"turns":3},{"damage":8,"enemies":"Lagavulin","floor":12,"turns":5},{"damage":24,"enemies":"Gremlin Nob","floor":14,"turns":4},{"damage":10,"enemies":"Hexaghost","floor":16,"turns":8},{"damage":6,"enemies":"Spheric Guardian","floor":18,"turns":4},{"damage":8,"enemies":"3 Byrds","floor":22,"turns":4},{"damage":26,"enemies":"Centurion and Healer","floor":24,"turns":5},{"damage":0,"enemies":"Snecko","floor":28,"turns":4},{"damage":35,"enemies":"Slavers","floor":31,"turns":3},{"damage":50,"enemies":"Collector","floor":33,"turns":9},{"damage":6,"enemies":"Orb Walker","floor":35,"turns":5},{"damage":16,"enemies":"3 Darklings","floor":37,"turns":4},{"damage":39,"enemies":"Jaw Worm Horde","floor":39,"turns":3},{"damage":18,"enemies":"R_Hoarder","floor":40,"turns":9}],"seed_played":"-4089646612119471033","potions_obtained":[{"floor":1,"key":"Doom Potion"},{"floor":7,"key":"Strength Potion"},{"floor":10,"key":"PowerPotion"},{"floor":14,"key":"Energy Potion"},{"floor":18,"key":"blueLaboratory:ConsumingVoid"},{"floor":24,"key":"Dexterity Potion"},{"floor":31,"key":"DuplicationPotion"},{"floor":33,"key":"Dexterity Potion"},{"floor":37,"key":"Energy Potion"}],"is_trial":false,"path_per_floor":["M","?","M","$","?","E","M","R","T","M","R","E","R","E","R_BF","B",null,"M","?","?","$","M","R","M","R","T","T","M","$","R","E","R_BF","B",null,"M","$","M","?","M","E"],"character_chosen":"DEFECT","items_purchased":["Mirror Shield+1","Ice Cream","Redo+1","Beam Cell","HandDrill"],"campfire_rested":0,"item_purchase_floors":[4,21,29,29,36],"current_hp_per_floor":[75,75,75,75,60,60,60,60,60,60,60,52,52,28,50,47,75,70,70,70,75,68,68,45,45,45,45,48,63,63,30,52,7,75,69,75,59,49,11,0,0],"gold":30,"neow_bonus":"THREE_ENEMY_KILL","is_daily":false,"chose_seed":false,"campfire_upgraded":5,"win_rate":0.0,"timestamp":1608692333,"path_taken":["M","?","M","$","?","E","M","R","T","?","R","E","R","E","R_BF","BOSS","M","?","?","$","?","R","?","R","T","?","M","?","R","E","R_BF","BOSS","M","$","M","?","M","E"],"items_purchased_type":["Card","Relic","Card","Card","Relic"],"build_version":"2020-12-13","purchased_purges":0,"victory":false,"max_hp_per_floor":[75,75,75,75,75,75,75,75,75,75,75,75,75,75,75,75,75,75,75,75,75,75,75,75,75,75,75,75,75,75,75,75,75,75,75,75,75,75,75,75,75],"relic_stats":{"Peace Pipe":0,"counters":[18,75],"MealTicket":26,"Tiny Chest":0,"HandDrill":[26],"Boot":[36],"Question Card":26,"obtain_stats":[{"Ice Cream":21,"NeowsBlessing":0,"Ring of Chaos":34,"hubris:Towel":2,"Replay:Mystery Machine":6,"Boot":12,"Question Card":17,"Calling Bell":17,"Peace Pipe":17,"MealTicket":17,"Tiny Chest":26,"Simple Rune":31,"hubris:FunFungus":14,"HandDrill":36,"Cracked Core":0,"ReplayTheSpireMod:Lightbulb":9},{"Ice Cream":9,"NeowsBlessing":0,"Ring of Chaos":14,"hubris:Towel":1,"Replay:Mystery Machine":3,"Boot":6,"Question Card":8,"Calling Bell":8,"Peace Pipe":8,"MealTicket":8,"Tiny Chest":11,"Simple Rune":13,"hubris:FunFungus":7,"HandDrill":15,"Cracked Core":0,"ReplayTheSpireMod:Lightbulb":4},{"Ice Cream":29,"NeowsBlessing":0,"Ring of Chaos":54,"hubris:Towel":1,"Replay:Mystery Machine":3,"Boot":13,"Question Card":25,"Calling Bell":25,"Peace Pipe":25,"MealTicket":25,"Tiny Chest":38,"Simple Rune":45,"hubris:FunFungus":17,"HandDrill":59,"Cracked Core":0,"ReplayTheSpireMod:Lightbulb":5}]},"card_choices":[{"not_picked":["Chaos","Leap"],"picked":"Gash","floor":1},{"not_picked":["Rip and Tear","Coolheaded"],"picked":"Gash","floor":3},{"not_picked":["Gash","Stack"],"picked":"Go for the Eyes","floor":6},{"not_picked":["Glacier","Panic Button"],"picked":"Biased Cognition","floor":7},{"not_picked":["Steam","ReplaySort"],"picked":"Cold Snap","floor":10},{"not_picked":["Machine Learning","Gash"],"picked":"Auto Shields","floor":12},{"not_picked":["BasicCrystalCard","Compile Driver"],"picked":"hubris:PowerSurge","floor":14},{"not_picked":["hubris:DoWhile","Seek"],"picked":"Echo Form","floor":16},{"not_picked":["Hologram+1","Hello World","Turbo+1"],"picked":"Barrage+1","floor":18},{"not_picked":["Go for the Eyes","Barrage","Compile Driver"],"picked":"Static Discharge+1","floor":22},{"not_picked":["ReplaySolidLightProjector+1","Stack","Hologram"],"picked":"Consume+1","floor":24},{"not_picked":["Leap+1","Echo Form","Rebound"],"picked":"ReplayTheSpireMod:Calculation Training","floor":28},{"not_picked":["ReplayTheSpireMod:System Scan","Self Repair","Cold Snap"],"picked":"Ball Lightning+1","floor":31},{"not_picked":["hubris:Prefetch","Hyperbeam","ReplayRNGCard"],"picked":"hubris:DoWhile","floor":33},{"not_picked":["Streamline+1","Turbo","Sweeping Beam"],"picked":"Rip and Tear+1","floor":35},{"not_picked":["Steam+1","Tempest","Hologram"],"picked":"BasicCrystalCard","floor":37},{"not_picked":["Magnetism","Madness","Bandage Up"],"picked":"Transmutation","floor":38},{"not_picked":["Mind Blast","Survey Options","ReplayTheSpireMod:Trickstab"],"picked":"Replay:Bootleg Shield Generator","floor":38},{"not_picked":["The Bomb","Good Instincts","Secret Technique"],"picked":"Replay:Parry","floor":38},{"not_picked":["Blizzard","Barrage+1","Stack"],"picked":"ReplayTheSpireMod:Reroute Power","floor":39}],"player_experience":119070,"relics_obtained":[{"floor":6,"key":"Replay:Mystery Machine"},{"floor":9,"key":"ReplayTheSpireMod:Lightbulb"},{"floor":12,"key":"Boot"},{"floor":14,"key":"hubris:FunFungus"},{"floor":17,"key":"MealTicket"},{"floor":17,"key":"Question Card"},{"floor":17,"key":"Peace Pipe"},{"floor":26,"key":"Tiny Chest"},{"floor":31,"key":"Simple Rune"}],"event_choices":[{"damage_healed":0,"gold_gain":0,"player_choice":"Entered Light","damage_taken":15,"max_hp_gain":0,"max_hp_loss":0,"event_name":"Shining Light","floor":5,"gold_loss":0,"cards_upgraded":["Gash","Dualcast"]},{"damage_healed":0,"gold_gain":0,"player_choice":"Obtain J.A.X.","damage_taken":0,"max_hp_gain":0,"max_hp_loss":0,"event_name":"Drug Dealer","floor":19,"gold_loss":0,"cards_obtained":["J.A.X."]},{"damage_healed":0,"gold_gain":100,"player_choice":"Bet on Murderer","damage_taken":0,"max_hp_gain":0,"max_hp_loss":0,"event_name":"The Joust","floor":20,"gold_loss":50},{"damage_healed":0,"gold_gain":0,"player_choice":"Memory 3","damage_taken":10,"max_hp_gain":0,"max_hp_loss":0,"event_name":"SensoryStone","floor":38,"gold_loss":0}],"is_beta":false,"boss_relics":[{"not_picked":["Runic Pyramid","hubris:TerracottaHorce"],"picked":"Calling Bell"},{"not_picked":["ReplayTheSpireMod:DimensionalGlitch","Runic Dome"],"picked":"Ring of Chaos"}],"items_purged_floors":[],"is_endless":false,"potions_floor_spawned":[1,7,10,14,18,24,31,33,37],"killed_by":"R_Hoarder","ascension_level":1}}