{"host":"8457kulo3fvgyo8y","time":1608746126,"event":{"mods":["AchievementEnabler","Aspiration","BaseMod","Bestiary","Better Altar","Better Match","Better Note","Better Sensory Stone","Better Skull","Better Third Choice","BetterRewards","CCEM","Colored Map","Conspire","GifTheSpireLib","Googly Eyes","Halation","Highlight Path","Hubris","Jedi Mod","Mimic Mod","Minty Spire (QoL Compilation)","Permanent Neow","Replay The Spire","Spicy Shops","StSLib","Stuff the Spire","Waifu the Spire","everything is the same but u backflip on backflip","slay the spire mod where everything is the same but ironclad has a cowboy hat"],"gold_per_floor":[116,18,18,0,0,33,51,51,77,77,94,44,61,72,72,172,172,188,188,204,222,222,222,238,256,282,282,282],"floor_reached":27,"playtime":2915,"items_purged":[],"score":215,"play_id":"232d7fd2-dae1-4585-b55a-9fa341d0e9a2","local_time":"20201223125526","is_ascension_mode":false,"campfire_choices":[{"floor":8,"key":"REST"},{"floor":10,"key":"REST"},{"floor":15,"key":"REST"},{"floor":23,"key":"REST"}],"circlet_count":0,"master_deck":["Strike_G","Strike_G","Strike_G","Strike_G","Strike_G","Defend_G","Defend_G","Defend_G","Defend_G","Defend_G","Survivor","Neutralize","Skewer","Toxin Wave","Deadly Poison","Slice","conspire:Banana","StuffTheSpire:GnomedCurse","StuffTheSpire:Injection","jedi:pocketpoison","Draining Mist","Pain","Violence","Replay:Parry","Forethought","Bouncing Flask","Bane","jedi:brewingpoison","Slice","Self Repair","Outmaneuver","Toxin Wave+1","Draining Mist","hubris:SlightOfHand"],"relics":["Ring of the Serpent","betterThird:SlimedRelic","Ring of Peace","Ring of Hypnosis","Turnip","Bronze Scales","ReplayTheSpireMod:ShopPack","halation:PinkSoulGem","StuffTheSpire:Experiment12"],"acts_visited":["Exordium","TheCity"],"potions_floor_usage":[16,21,25,27],"damage_taken":[{"damage":7.0,"enemies":"2 Louse","floor":1.0,"turns":3.0},{"damage":32,"enemies":"Lagavulin","floor":6,"turns":9},{"damage":4,"enemies":"conspire:RoseBush","floor":7,"turns":2},{"damage":0,"enemies":"Small Slimes","floor":11,"turns":3},{"damage":7,"enemies":"Looter","floor":13,"turns":3},{"damage":4,"enemies":"3 Louse","floor":14,"turns":2},{"damage":37,"enemies":"Hexaghost","floor":16,"turns":7},{"damage":13,"enemies":"2 Thieves","floor":18,"turns":4},{"damage":35,"enemies":"3 Byrds","floor":20,"turns":4},{"damage":24,"enemies":"Centurion and Healer","floor":21,"turns":8},{"damage":20,"enemies":"Shelled Parasite and Fungi","floor":24,"turns":4},{"damage":15,"enemies":"Snake Plant","floor":25,"turns":5},{"damage":21,"enemies":"3 Cultists","floor":27,"turns":4}],"seed_played":"4817002001149213957","potions_obtained":[{"floor":6,"key":"Elixir"},{"floor":13,"key":"DuplicationPotion"},{"floor":16,"key":"Fire Potion"},{"floor":21,"key":"DistilledChaos"},{"floor":24,"key":"AttackPotion"},{"floor":25,"key":"Weak Potion"}],"is_trial":false,"path_per_floor":["M","$","?","?","?","E","M","R","T","R","M","$","M","M","R","B",null,"M","?","M","M","?","R","M","M","T","M"],"character_chosen":"THE_SILENT","items_purchased":["Deadly Poison","Slice","ReplayTheSpireMod:ShopPack"],"campfire_rested":4,"item_purchase_floors":[2,2,12],"current_hp_per_floor":[63,63,63,52,52,21,18,39,39,60,61,61,54,51,73,37,75,63,63,36,20,20,43,23,16,16,0,0],"gold":282,"neow_bonus":"","is_daily":false,"chose_seed":false,"campfire_upgraded":0,"win_rate":0.0,"timestamp":1608746126,"path_taken":["M","$","?","?","?","E","M","R","T","R","M","?","?","M","R","BOSS","M","?","?","M","?","R","M","M","T","M"],"items_purchased_type":["Card","Card","Relic"],"build_version":"2020-12-22","purchased_purges":0,"victory":false,"max_hp_per_floor":[70,70,70,70,70,71,72,72,72,72,73,73,73,74,74,75,75,76,76,77,78,78,78,78,79,79,80,80],"card_choices":[{"not_picked":["StuffTheSpire:Python","Slice"],"picked":"Toxin Wave","floor":1.0},{"not_picked":["Flash of Steel","Blind"],"picked":"conspire:Banana","floor":3.0},{"not_picked":["Deflect","Accuracy"],"picked":"StuffTheSpire:Injection","floor":6},{"not_picked":["Slice","StuffTheSpire:Python"],"picked":"jedi:pocketpoison","floor":7},{"not_picked":["Blade Dance","All Out Attack"],"picked":"Draining Mist","floor":11},{"not_picked":["ReplayUltimateDefense","hubris:EnhanceAbility"],"picked":"Violence","floor":12},{"not_picked":["Magnetism","Replay:Sssssssssstrike"],"picked":"Replay:Parry","floor":12},{"not_picked":["StuffTheSpire:FreeRealEstate","Magnetism"],"picked":"Forethought","floor":12},{"not_picked":["hubris:Counter","StuffTheSpire:MirrorStance"],"picked":"Bouncing Flask","floor":13},{"not_picked":["StuffTheSpire:ClusterCrunch","Doppelganger"],"picked":"Bane","floor":14},{"not_picked":["Doppelganger","A Thousand Cuts"],"picked":"jedi:brewingpoison","floor":16},{"not_picked":["StuffTheSpire:Incantation","StuffTheSpire:Repulse"],"picked":"Slice","floor":18},{"not_picked":["Reflex+1","Acrobatics"],"picked":"Outmaneuver","floor":20},{"not_picked":["StuffTheSpire:BrimstoneBlast+1","Infinite Blades"],"picked":"Toxin Wave+1","floor":21},{"not_picked":["ReplayTheSpireMod:Scrap Shanks","Hidden Blade"],"picked":"Draining Mist","floor":24},{"not_picked":["Draining Mist","Eviscerate"],"picked":"hubris:SlightOfHand","floor":25}],"player_experience":132484,"relics_obtained":[{"floor":5.0,"key":"Ring of Peace"},{"floor":5.0,"key":"Ring of Hypnosis"},{"floor":6,"key":"Turnip"},{"floor":9,"key":"Bronze Scales"},{"floor":26,"key":"StuffTheSpire:Experiment12"}],"event_choices":[{"damage_healed":0.0,"max_hp_gain":0.0,"max_hp_loss":0.0,"gold_gain":1.0,"event_name":"betterStone:BetterStone","player_choice":"1","floor":3.0,"gold_loss":0.0,"damage_taken":0.0},{"damage_healed":0.0,"max_hp_gain":0.0,"max_hp_loss":0.0,"gold_gain":0.0,"event_name":"betterThird:BetterGoop","player_choice":"Slimed","floor":4.0,"gold_loss":18.0,"damage_taken":11.0},{"cards_removed":["Bouncing Flask"],"damage_healed":0,"gold_gain":0,"player_choice":"Take \u0026 Give","damage_taken":0,"max_hp_gain":0,"max_hp_loss":0,"event_name":"betterNote:BetterNote","floor":19,"gold_loss":0,"cards_obtained":["Self Repair"]}],"is_beta":false,"boss_relics":[{"not_picked":["StuffTheSpire:Kangaroo","halation:Risk"],"picked":"Ring of the Serpent"}],"items_purged_floors":[],"is_endless":false,"potions_floor_spawned":[6,13,16,21,24,25],"killed_by":"3 Cultists","ascension_level":0}}