{"host":"4cz9gr89nglr7k8k","time":1608758872,"event":{"mods":["BaseMod","Minty Spire (QoL Compilation)","Relic Stats","Slay-I"],"gold_per_floor":[110,33,33,46,321,349,349,363,387,387,58,90,3,3,3,3,3],"floor_reached":16,"playtime":232,"items_purged":[],"score":259,"play_id":"0977a1de-88c4-474b-b62d-abe07f98a85c","local_time":"20201223222752","is_ascension_mode":true,"campfire_choices":[{"data":"Dualcast","floor":7,"key":"SMITH"},{"data":"Fusion","floor":10,"key":"SMITH"},{"floor":15,"key":"REST"}],"circlet_count":0,"master_deck":["AscendersBane","Strike_B","Strike_B+1","Strike_B","Strike_B","Defend_B","Defend_B","Defend_B","Zap","Dualcast+1","Tempest","BootSequence","Gash+1","Regret","Beam Cell","Fusion+1","Gash+1","Defragment","Defragment"],"relics":["Cracked Core","NeowsBlessing","Whetstone","Toy Ornithopter","DataDisk","DollysMirror","Orichalcum"],"acts_visited":["Exordium"],"potions_floor_usage":[14],"damage_taken":[{"damage":0,"enemies":"Small Slimes","floor":1,"turns":1},{"damage":0,"enemies":"Cultist","floor":4,"turns":1},{"damage":0,"enemies":"Gremlin Nob","floor":6,"turns":1},{"damage":1,"enemies":"2 Louse","floor":8,"turns":3},{"damage":59,"enemies":"Lagavulin","floor":12,"turns":7},{"damage":0,"enemies":"Exordium Thugs","floor":14,"turns":1},{"damage":31,"enemies":"The Guardian","floor":16,"turns":2}],"seed_played":"-2955814030079226957","potions_obtained":[{"floor":6,"key":"SmokeBomb"}],"is_trial":false,"path_per_floor":["M","$","?","M","?","E","R","M","T","R","$","E","$","M","R","B"],"character_chosen":"DEFECT","items_purchased":["BootSequence","DataDisk","DollysMirror","Defragment"],"campfire_rested":1,"item_purchase_floors":[2,11,11,13],"current_hp_per_floor":[64,64,64,64,64,64,64,63,63,63,63,4,4,9,30,0,0],"gold":3,"neow_bonus":"THREE_ENEMY_KILL","is_daily":false,"chose_seed":false,"campfire_upgraded":2,"win_rate":0.0,"timestamp":1608758872,"path_taken":["M","$","?","?","?","E","R","M","T","R","$","E","$","M","R","BOSS"],"items_purchased_type":["Card","Relic","Relic","Card"],"build_version":"2020-12-22","purchased_purges":0,"victory":false,"max_hp_per_floor":[71,71,71,71,71,71,71,71,71,71,71,71,71,71,71,71,71],"relic_stats":{"counters":[7,16],"Whetstone":["Gash","Strike_B"],"Orichalcum":[6],"obtain_stats":[{"DataDisk":11,"NeowsBlessing":0,"DollysMirror":11,"Whetstone":6,"Orichalcum":12,"Cracked Core":0,"Toy Ornithopter":9},{"DataDisk":4,"NeowsBlessing":0,"DollysMirror":4,"Whetstone":3,"Orichalcum":5,"Cracked Core":0,"Toy Ornithopter":4},{"DataDisk":6,"NeowsBlessing":0,"DollysMirror":6,"Whetstone":3,"Orichalcum":13,"Cracked Core":0,"Toy Ornithopter":6}],"Toy Ornithopter":5},"card_choices":[{"not_picked":["Rebound","Stack"],"picked":"Tempest","floor":1},{"not_picked":["Cold Snap","Hologram"],"picked":"Gash","floor":4},{"not_picked":["Multi-Cast","Go for the Eyes"],"picked":"Beam Cell","floor":6},{"not_picked":["Ball Lightning","Reinforced Body"],"picked":"Fusion","floor":8},{"not_picked":["Stack","Coolheaded"],"picked":"Defragment","floor":12}],"player_experience":1455897,"relics_obtained":[{"floor":6,"key":"Whetstone"},{"floor":9,"key":"Toy Ornithopter"},{"floor":12,"key":"Orichalcum"}],"event_choices":[{"cards_removed":["Defend_B"],"damage_healed":0,"gold_gain":0,"player_choice":"Purged","damage_taken":0,"max_hp_gain":0,"max_hp_loss":0,"event_name":"Purifier","floor":3,"gold_loss":0},{"damage_healed":0,"gold_gain":275,"player_choice":"Desecrate","damage_taken":0,"max_hp_gain":0,"max_hp_loss":0,"event_name":"Golden Shrine","floor":5,"gold_loss":0,"cards_obtained":["Regret"]}],"is_beta":false,"boss_relics":[],"items_purged_floors":[],"is_endless":false,"potions_floor_spawned":[6,14],"killed_by":"The Guardian","ascension_level":19}}