{"host":"yn1175etg9ni8l0q","time":1608724224,"event":{"mods":["AchievementEnabler","BaseMod","Colored Map","Colored Powertips","DeckTracker","Minty Spire (QoL Compilation)","Rare Cards Sparkle","Relic Stats","SuperFastMode","Waifu the Spire","everything is the same but u backflip on backflip"],"gold_per_floor":[109,128,128,203,203,203,153,178,202,202,215,215,215,232,232,232,232],"floor_reached":16,"playtime":307,"items_purged":[],"score":147,"play_id":"1d572371-467a-43e2-9890-9daa809fc201","local_time":"20201223205024","is_ascension_mode":true,"campfire_choices":[{"floor":6.0,"key":"REST"},{"floor":12.0,"key":"REST"},{"floor":15.0,"key":"REST"}],"circlet_count":0,"master_deck":["AscendersBane","Strike_G+1","Strike_G+1","Strike_G","Strike_G","Defend_G","Defend_G+1","Defend_G","Defend_G","Survivor","Neutralize+1","After Image+1","All Out Attack","Grand Finale","Dagger Throw","Tactician"],"relics":["Ring of the Snake","Whetstone","Potion Belt","PreservedInsect"],"acts_visited":["Exordium"],"potions_floor_usage":[],"damage_taken":[{"damage":5.0,"enemies":"Small Slimes","floor":1.0,"turns":7.0},{"damage":1.0,"enemies":"2 Louse","floor":2.0,"turns":5.0},{"damage":25.0,"enemies":"Gremlin Nob","floor":8.0,"turns":5.0},{"damage":0.0,"enemies":"Cultist","floor":11.0,"turns":4.0},{"damage":0.0,"enemies":"Exordium Wildlife","floor":14.0,"turns":3.0},{"damage":49,"enemies":"Slime Boss","floor":16,"turns":10}],"seed_played":"-7363392947213958070","potions_obtained":[{"floor":1.0,"key":"Poison Potion"},{"floor":11.0,"key":"BlessingOfTheForge"}],"is_trial":false,"path_per_floor":["M","M","?","?","?","R","?","E","T","T","M","R","?","M","R","B"],"character_chosen":"THE_SILENT","items_purchased":[],"campfire_rested":3,"item_purchase_floors":[],"current_hp_per_floor":[40,39,39,28,21,42,42,17,17,17,17,38,24,24,45,0,0],"gold":232,"neow_bonus":"THREE_RARE_CARDS","is_daily":false,"chose_seed":false,"campfire_upgraded":0,"win_rate":0.0,"timestamp":1608724224,"path_taken":["M","M","?","?","?","R","?","E","T","?","?","R","?","M","R","BOSS"],"items_purchased_type":[],"build_version":"2020-12-22","purchased_purges":0,"victory":false,"max_hp_per_floor":[70,70,70,70,70,70,70,70,70,70,70,70,70,70,70,70,70],"relic_stats":{"counters":[6,34],"PreservedInsect":0,"Whetstone":["Strike_G","Strike_G"],"obtain_stats":[{"Potion Belt":9,"PreservedInsect":10,"Whetstone":8,"Ring of the Snake":0},{"Potion Belt":3,"PreservedInsect":3,"Whetstone":3,"Ring of the Snake":0},{"Potion Belt":17,"PreservedInsect":17,"Whetstone":17,"Ring of the Snake":0}],"Ring of the Snake":[12]},"card_choices":[{"not_picked":["Bullet Time","Die Die Die"],"picked":"After Image","floor":0.0},{"not_picked":["Acrobatics","Quick Slash"],"picked":"All Out Attack","floor":1.0},{"not_picked":["All Out Attack","Sucker Punch","Prepared"],"picked":"SKIP","floor":2.0},{"not_picked":["Outmaneuver","Prepared"],"picked":"Grand Finale","floor":8.0},{"not_picked":["Poisoned Stab","Endless Agony"],"picked":"Dagger Throw","floor":11.0},{"not_picked":["Flechettes","Blade Dance"],"picked":"Tactician","floor":14.0}],"player_experience":280205,"relics_obtained":[{"floor":8.0,"key":"Whetstone"},{"floor":9.0,"key":"Potion Belt"},{"floor":10.0,"key":"PreservedInsect"}],"event_choices":[{"damage_healed":0.0,"max_hp_gain":0.0,"max_hp_loss":0.0,"gold_gain":0.0,"event_name":"Living Wall","player_choice":"Grow","floor":3.0,"gold_loss":0.0,"damage_taken":0.0,"cards_upgraded":["After Image"]},{"damage_healed":0.0,"max_hp_gain":0.0,"max_hp_loss":0.0,"gold_gain":75.0,"event_name":"World of Goop","player_choice":"Gather Gold","floor":4.0,"gold_loss":0.0,"damage_taken":11.0},{"cards_removed":["Strike_G"],"damage_healed":0.0,"max_hp_gain":0.0,"max_hp_loss":0.0,"gold_gain":0.0,"event_name":"Golden Wing","player_choice":"Card Removal","floor":5.0,"gold_loss":0.0,"damage_taken":7.0},{"cards_removed":["Defend_G"],"damage_healed":0.0,"max_hp_gain":0.0,"max_hp_loss":0.0,"gold_gain":0.0,"event_name":"The Cleric","player_choice":"Card Removal","floor":7.0,"gold_loss":50.0,"damage_taken":0.0},{"damage_healed":0.0,"max_hp_gain":0.0,"max_hp_loss":0.0,"gold_gain":0.0,"event_name":"Shining Light","player_choice":"Entered Light","floor":13.0,"gold_loss":0.0,"damage_taken":14.0,"cards_upgraded":["Defend_G","Neutralize"]}],"is_beta":false,"boss_relics":[],"items_purged_floors":[],"is_endless":false,"potions_floor_spawned":[1,11],"killed_by":"Slime Boss","ascension_level":10}}