{"host":"3jjxuhjpio8e4zkv","time":1608757063,"event":{"mods":["BaseMod","Colored Map","Minty Spire (QoL Compilation)","Permanent Neow","Relic Stats","StSLib"],"gold_per_floor":[219,235,249,18,93,93,422,422,422,457,457,491,520,529,529,641,641,668,447,459,483,483,518,518,562,562,581,617,617,542,561,561,665,665,677,452,452,478,505,505,534,534,560,631,631,648,648,688,688,688,688,697,0,38,38],"floor_reached":56,"playtime":2463,"items_purged":["Dualcast","Strike_B"],"score":1482,"play_id":"2928ba5b-9d09-4706-bcd1-416a2554ea92","local_time":"20201223155743","is_ascension_mode":true,"campfire_choices":[{"data":"Reprogram","floor":6.0,"key":"SMITH"},{"data":"Go for the Eyes","floor":8.0,"key":"SMITH"},{"data":"Rip and Tear","floor":11.0,"key":"SMITH"},{"data":"Rip and Tear","floor":15.0,"key":"SMITH"},{"data":"Reprogram","floor":24.0,"key":"SMITH"},{"data":"1","floor":29.0,"key":"LIFT"},{"data":"2","floor":32.0,"key":"LIFT"},{"data":"3","floor":40.0,"key":"LIFT"},{"floor":42.0,"key":"RECALL"},{"data":"Echo Form","floor":47.0,"key":"SMITH"},{"data":"Barrage","floor":49.0,"key":"SMITH"},{"floor":52.0,"key":"REST"}],"circlet_count":0,"master_deck":["Strike_B","Defend_B","Defend_B","Defend_B","Cold Snap","Reprogram+1","Rip and Tear+1","Go for the Eyes+1","Ball Lightning","BootSequence","Defend_B","Echo Form+1","Reprogram+1","Reinforced Body+1","Conserve Battery+1","Stack+1","Undo+1","Barrage+1","Seek+1","Steam Power+1","Trip+1","Finesse+1","Thinking Ahead+1","Reinforced Body+1","Reprogram+1","Reprogram+1","Thinking Ahead+1","Jack Of All Trades+1","Steam Power+1"],"relics":["Cracked Core","Anchor","Old Coin","Ice Cream","CeramicFish","HornCleat","Philosopher\u0027s Stone","Strawberry","Tiny Chest","Toxic Egg 2","Girya","Turnip","Empty Cage","Dream Catcher","Bag of Preparation","Cables","Gambling Chip","Mango"],"acts_visited":["Exordium","TheCity","TheBeyond","TheEnding"],"potions_floor_usage":[55,55,55],"damage_taken":[{"damage":5.0,"enemies":"Small Slimes","floor":1.0,"turns":3.0},{"damage":0.0,"enemies":"2 Louse","floor":2.0,"turns":3.0},{"damage":0.0,"enemies":"Cultist","floor":3.0,"turns":4.0},{"damage":11.0,"enemies":"3 Sentries","floor":7.0,"turns":6.0},{"damage":6.0,"enemies":"Gremlin Nob","floor":10.0,"turns":3.0},{"damage":4.0,"enemies":"3 Sentries","floor":12.0,"turns":6.0},{"damage":0.0,"enemies":"Exordium Thugs","floor":13.0,"turns":3.0},{"damage":0.0,"enemies":"Slime Boss","floor":16.0,"turns":6.0},{"damage":0.0,"enemies":"Spheric Guardian","floor":18.0,"turns":3.0},{"damage":2.0,"enemies":"2 Thieves","floor":20.0,"turns":4.0},{"damage":0.0,"enemies":"Snecko","floor":21.0,"turns":4.0},{"damage":7.0,"enemies":"Book of Stabbing","floor":23.0,"turns":5.0},{"damage":7.0,"enemies":"Gremlin Leader","floor":25.0,"turns":5.0},{"damage":6.0,"enemies":"Sentry and Sphere","floor":27.0,"turns":6.0},{"damage":46.0,"enemies":"Slavers","floor":28.0,"turns":8.0},{"damage":0.0,"enemies":"Cultist and Chosen","floor":31.0,"turns":7.0},{"damage":21.0,"enemies":"Collector","floor":33.0,"turns":9.0},{"damage":0.0,"enemies":"Orb Walker","floor":35.0,"turns":3.0},{"damage":0.0,"enemies":"3 Darklings","floor":38.0,"turns":6.0},{"damage":0.0,"enemies":"Nemesis","floor":41.0,"turns":5.0},{"damage":0.0,"enemies":"Jaw Worm Horde","floor":46.0,"turns":5.0},{"damage":0.0,"enemies":"Giant Head","floor":48.0,"turns":6.0},{"damage":3.0,"enemies":"Time Eater","floor":50.0,"turns":12.0},{"damage":44.0,"enemies":"Shield and Spear","floor":54.0,"turns":8.0},{"damage":41,"enemies":"The Heart","floor":55,"turns":13}],"seed_played":"8375925706862659263","potions_obtained":[{"floor":1.0,"key":"ColorlessPotion"},{"floor":13.0,"key":"FearPotion"},{"floor":16.0,"key":"Dexterity Potion"},{"floor":18.0,"key":"Block Potion"},{"floor":20.0,"key":"Swift Potion"},{"floor":21.0,"key":"Strength Potion"},{"floor":27.0,"key":"Regen Potion"},{"floor":41.0,"key":"FearPotion"},{"floor":54.0,"key":"FocusPotion"}],"is_trial":false,"path_per_floor":["M","M","M","$","?","R","E","R","T","E","R","E","M","?","R","B",null,"M","$","M","M","?","E","R","E","T","M","E","R","?","M","R","B",null,"M","$","?","M","?","R","E","R","T","T","?","M","R","E","R","B",null,"R","$","E","B",null],"character_chosen":"DEFECT","items_purchased":["Anchor","Rip and Tear","Strawberry","GamblersBrew","Explosive Potion","Reprogram+1","Thinking Ahead+1","Jack Of All Trades+1","Gambling Chip","Ancient Potion"],"campfire_rested":1,"item_purchase_floors":[4,4,19,36,36,53,53,53,53,53],"current_hp_per_floor":[70,70,70,70,59,59,48,48,48,42,42,38,38,38,38,38,75,75,82,80,80,80,73,73,66,66,60,29,29,29,29,29,8,82,82,82,82,82,72,72,72,72,72,72,72,72,72,72,72,69,78,78,78,48,7],"gold":38,"neow_bonus":"HUNDRED_GOLD","is_daily":false,"chose_seed":false,"campfire_upgraded":7,"win_rate":0.0,"timestamp":1608757063,"path_taken":["M","M","M","$","?","R","E","R","T","E","R","E","M","?","R","BOSS","M","$","?","M","?","E","R","E","T","M","E","R","?","M","R","BOSS","M","$","?","M","?","R","E","R","T","?","?","M","R","E","R","BOSS","R","$","E","BOSS"],"items_purchased_type":["Relic","Card","Relic","Potion","Potion","Card","Card","Card","Relic","Potion"],"build_version":"2020-12-22","purchased_purges":2,"victory":true,"max_hp_per_floor":[75,75,75,75,75,75,75,75,75,75,75,75,75,75,75,75,75,75,82,82,82,82,82,82,82,82,82,82,82,82,82,82,82,82,82,82,82,82,82,82,82,82,82,82,78,78,78,78,78,78,78,78,78,92,92],"relic_stats":{"Dream Catcher":1,"counters":[25,143],"CeramicFish":189,"Gambling Chip":[7],"Tiny Chest":1,"Turnip":[5],"Bag of Preparation":[10],"obtain_stats":[{"Ice Cream":9,"Girya":26,"CeramicFish":10,"Mango":54,"Bag of Preparation":43,"Empty Cage":34,"Old Coin":7,"Cables":48,"Anchor":4,"Dream Catcher":41,"HornCleat":12,"Strawberry":19,"Gambling Chip":53,"Philosopher\u0027s Stone":17,"Tiny Chest":23,"Turnip":28,"Toxic Egg 2":25,"Cracked Core":0},{"Ice Cream":4,"Girya":13,"CeramicFish":5,"Mango":24,"Bag of Preparation":20,"Empty Cage":17,"Old Coin":4,"Cables":22,"Anchor":3,"Dream Catcher":20,"HornCleat":6,"Strawberry":9,"Gambling Chip":23,"Philosopher\u0027s Stone":8,"Tiny Chest":12,"Turnip":15,"Toxic Egg 2":13,"Cracked Core":0},{"Ice Cream":16,"Girya":55,"CeramicFish":19,"Mango":130,"Bag of Preparation":99,"Empty Cage":85,"Old Coin":16,"Cables":110,"Anchor":10,"Dream Catcher":99,"HornCleat":25,"Strawberry":37,"Gambling Chip":122,"Philosopher\u0027s Stone":34,"Tiny Chest":50,"Turnip":69,"Toxic Egg 2":55,"Cracked Core":0}],"Cables":[30,29,1,0,0]},"card_choices":[{"not_picked":["Aggregate","Stack"],"picked":"Cold Snap","floor":1.0},{"not_picked":["Rebound","Hologram"],"picked":"Reprogram","floor":2.0},{"not_picked":["Rebound","Static Discharge"],"picked":"Rip and Tear","floor":3.0},{"not_picked":["Steam Power","Melter"],"picked":"Go for the Eyes","floor":7.0},{"not_picked":["Streamline","Lockon","Consume"],"picked":"SKIP","floor":10.0},{"not_picked":["Reboot","Fusion"],"picked":"Ball Lightning","floor":12.0},{"not_picked":["Cold Snap","Sweeping Beam"],"picked":"BootSequence","floor":13.0},{"not_picked":["Machine Learning","Reboot"],"picked":"Echo Form","floor":16.0},{"not_picked":["Sweeping Beam","Coolheaded+1"],"picked":"Reprogram","floor":18.0},{"not_picked":["Hello World+1","Darkness","Defragment"],"picked":"SKIP","floor":20.0},{"not_picked":["BootSequence","Beam Cell"],"picked":"Reinforced Body+1","floor":21.0},{"not_picked":["Doom and Gloom","Stack","Lockon+1"],"picked":"SKIP","floor":23.0},{"not_picked":["Force Field+1","Rebound"],"picked":"Conserve Battery+1","floor":25.0},{"not_picked":["Loop+1","Coolheaded+1"],"picked":"Stack+1","floor":27.0},{"not_picked":["Capacitor","Multi-Cast+1"],"picked":"Undo+1","floor":28.0},{"not_picked":["Tempest+1","Compile Driver"],"picked":"Barrage","floor":31.0},{"not_picked":["Echo Form","Fission+1"],"picked":"Seek+1","floor":33.0},{"not_picked":["Chill+1","Undo+1","Hello World"],"picked":"SKIP","floor":35.0},{"not_picked":["Steam+1","Ball Lightning"],"picked":"Steam Power+1","floor":38.0},{"not_picked":["Dark Shackles+1","Blind+1"],"picked":"Trip+1","floor":39.0},{"not_picked":["Swift Strike","Bandage Up+1"],"picked":"Finesse+1","floor":39.0},{"not_picked":["Discovery+1","Transmutation+1"],"picked":"Thinking Ahead+1","floor":39.0},{"not_picked":["BootSequence+1","Rebound","Undo+1"],"picked":"SKIP","floor":41.0},{"not_picked":["Fusion+1","Rebound+1","Go for the Eyes"],"picked":"SKIP","floor":46.0},{"not_picked":["Fusion+1","Rebound+1","Go for the Eyes"],"picked":"SKIP","floor":46.0},{"not_picked":["Leap+1","Darkness+1"],"picked":"Reinforced Body+1","floor":48.0},{"not_picked":["Streamline","Leap+1"],"picked":"Reprogram+1","floor":52.0},{"not_picked":["Turbo+1","Melter+1"],"picked":"Steam Power+1","floor":54.0}],"player_experience":1106879,"relics_obtained":[{"floor":7.0,"key":"Old Coin"},{"floor":9.0,"key":"Ice Cream"},{"floor":10.0,"key":"CeramicFish"},{"floor":12.0,"key":"HornCleat"},{"floor":23.0,"key":"Tiny Chest"},{"floor":25.0,"key":"Toxic Egg 2"},{"floor":26.0,"key":"Girya"},{"floor":28.0,"key":"Turnip"},{"floor":41.0,"key":"Dream Catcher"},{"floor":43.0,"key":"Bag of Preparation"},{"floor":48.0,"key":"Cables"},{"floor":54.0,"key":"Mango"}],"event_choices":[{"damage_healed":0.0,"max_hp_gain":0.0,"max_hp_loss":0.0,"gold_gain":75.0,"event_name":"World of Goop","player_choice":"Gather Gold","floor":5.0,"gold_loss":0.0,"damage_taken":11.0},{"cards_removed":["Defend_B"],"damage_healed":0.0,"max_hp_gain":0.0,"max_hp_loss":0.0,"gold_gain":0.0,"event_name":"NoteForYourself","player_choice":"Took Card","floor":14.0,"gold_loss":0.0,"damage_taken":0.0,"cards_obtained":["Defend_B"]},{"damage_healed":0.0,"max_hp_gain":0.0,"max_hp_loss":0.0,"gold_gain":0.0,"event_name":"Ghosts","player_choice":"Ignored","floor":22.0,"gold_loss":0.0,"damage_taken":0.0},{"cards_removed":["Zap"],"damage_healed":0.0,"max_hp_gain":0.0,"max_hp_loss":0.0,"gold_gain":0.0,"event_name":"Beggar","player_choice":"Gave Gold","floor":30.0,"gold_loss":75.0,"damage_taken":0.0},{"cards_removed":["Rip and Tear"],"damage_healed":0.0,"max_hp_gain":0.0,"max_hp_loss":0.0,"gold_gain":0.0,"event_name":"Falling","player_choice":"Removed Attack","floor":37.0,"gold_loss":0.0,"damage_taken":0.0},{"damage_healed":0.0,"max_hp_gain":0.0,"max_hp_loss":0.0,"gold_gain":0.0,"event_name":"SensoryStone","player_choice":"Memory 3","floor":39.0,"gold_loss":0.0,"damage_taken":10.0},{"damage_healed":0.0,"max_hp_gain":0.0,"max_hp_loss":4.0,"gold_gain":0.0,"event_name":"Winding Halls","player_choice":"Max HP","floor":45.0,"gold_loss":0.0,"damage_taken":0.0}],"is_beta":false,"boss_relics":[{"not_picked":["Snecko Eye","Velvet Choker"],"picked":"Philosopher\u0027s Stone"},{"not_picked":["Calling Bell","SlaversCollar"],"picked":"Empty Cage"}],"items_purged_floors":[19,36],"is_endless":false,"potions_floor_spawned":[1,13,16,18,20,21,27,41,54],"ascension_level":1}}