{"host":"axbb6sj12fvt0d3b","time":1608696338,"event":{"mods":["AchievementEnabler","BaseMod","Better Altar","Better Match","Better Note","Better Sensory Stone","Better Skull","Better Third Choice","BetterRewards","Colored Map","Conspire","Downfall","Hermit","Highlight Path","Infinite Spire","Mimic Mod","Minty Spire (QoL Compilation)","Replay The Spire","Shop Mod","Spicy Shops","StSLib","The Cursed","The Jungle","The Runesmith","The Sage"],"gold_per_floor":[109,109,109,121,134,134,23,23,56,74,74,104,78,95,95,194,194,204,215,6,6,6,37,37,37],"floor_reached":24,"playtime":2440,"items_purged":[],"score":214,"play_id":"737af3de-a889-4d78-84d5-aa4cb697f5e9","local_time":"20201222220538","is_ascension_mode":false,"campfire_choices":[{"floor":6,"key":"REST"},{"data":"TheCursedMod:HellfireBreathing","floor":8,"key":"SMITH"},{"floor":15,"key":"REST"}],"circlet_count":0,"master_deck":["TheCursedMod:Strike_TheCursed","TheCursedMod:Defend_TheCursed","TheCursedMod:Defend_TheCursed","TheCursedMod:Defend_TheCursed","TheCursedMod:Defend_TheCursed","TheCursedMod:CursedWand","TheCursedMod:CleanUpWorkshop","TheCursedMod:Dregs","ReplayTheSpireMod:Splinters","TheCursedMod:WearCloak","TheCursedMod:ForbiddenAlchemy","TheCursedMod:SmokeScreen","TheCursedMod:HellfireBreathing+1","TheCursedMod:ReleasedStrength","TheCursedMod:SpitefulPlan","TheCursedMod:SpitefulPlan","TheCursedMod:CursedMace","TheCursedMod:HellfireBreathing","TheCursedMod:SurpriseAttack","TheCursedMod:RapidMovement","TheCursedMod:Obscuration","TheCursedMod:Hemoplague","TheCursedMod:Stigma","TheCursedMod:CollectTribute","TheCursedMod:CursedStaff+1","TheCursedMod:SpitefulPray","TheCursedMod:CircleOfCorruption","TheCursedMod:CursedBoomerang+1"],"relics":["TheCursedMod:BlackMagic101","Du-Vu Doll","Mirror","Dream Catcher","ReplayTheSpireMod:Ring of Collecting","CaptainsWheel","conspire:SpecialSausage","Blood Vial","Nloth\u0027s Gift","Replay:Bottled Flurry"],"acts_visited":["Exordium","TheCity"],"potions_floor_usage":[5,10,12,14,16,16,18,18,18,19,23],"damage_taken":[{"damage":0.0,"enemies":"2 Louse","floor":1.0,"turns":4.0},{"damage":5,"enemies":"Jaw Worm","floor":4,"turns":6},{"damage":0,"enemies":"Cultist","floor":5,"turns":5},{"damage":2,"enemies":"Large Slime","floor":9,"turns":10},{"damage":7,"enemies":"Large Slime","floor":10,"turns":5},{"damage":25,"enemies":"3 Sentries","floor":12,"turns":7},{"damage":0,"enemies":"conspire:2 RoseBushes","floor":14,"turns":7},{"damage":5,"enemies":"Slime Boss","floor":16,"turns":11},{"damage":0,"enemies":"Chosen","floor":18,"turns":6},{"damage":10,"enemies":"conspire:FuzzyDice","floor":19,"turns":5},{"damage":62,"enemies":"Gremlin Leader","floor":23,"turns":6},{"damage":0,"enemies":"conspire:HollyBat","floor":24,"turns":1}],"seed_played":"6201585424195043778","potions_obtained":[{"floor":10,"key":"Weak Potion"},{"floor":12,"key":"Explosive Potion"},{"floor":19,"key":"Ancient Potion"}],"is_trial":false,"path_per_floor":["M","?","?","M","M","R","$","R","MIM","M","?","E","$","M","R","B",null,"M","M","$","?","?","E","M"],"character_chosen":"THE_CURSED","items_purchased":["TheCursedMod:SpitefulPlan","TheCursedMod:CursedMace","TheCursedMod:Obscuration","TheCursedMod:CircleOfCorruption","Blood Vial"],"campfire_rested":2,"item_purchase_floors":[7,7,13,20,20],"current_hp_per_floor":[75,57,57,52,52,74,74,74,72,65,65,40,40,40,62,57,75,75,65,65,65,65,5,7,7],"gold":37,"neow_bonus":"TRANSFORM_TWO_CARDS","is_daily":false,"chose_seed":false,"campfire_upgraded":1,"win_rate":0.0,"timestamp":1608696338,"path_taken":["M","?","?","M","M","R","$","R","MIM","M","?","E","?","M","R","BOSS","M","M","$","?","?","E","M"],"items_purchased_type":["Card","Card","Card","Card","Relic"],"build_version":"2020-12-13","purchased_purges":0,"victory":false,"max_hp_per_floor":[75,75,75,75,75,75,75,75,75,75,75,75,75,75,75,75,75,75,75,75,75,75,75,75,75],"card_choices":[{"not_picked":["TheCursedMod:CursedShiv","TheCursedMod:Hemoplague"],"picked":"TheCursedMod:SmokeScreen","floor":1.0},{"not_picked":["TheCursedMod:CursedBlade","TheCursedMod:CursedShiv"],"picked":"TheCursedMod:HellfireBreathing","floor":4},{"not_picked":["TheCursedMod:RavingStaff","TheCursedMod:CircleOfWindfury"],"picked":"TheCursedMod:ReleasedStrength","floor":5},{"not_picked":["TheCursedMod:RavingStaff","TheCursedMod:SaltUponWound"],"picked":"TheCursedMod:HellfireBreathing","floor":9},{"not_picked":["TheCursedMod:Evocation","TheCursedMod:ForbiddenAlchemy"],"picked":"TheCursedMod:SurpriseAttack","floor":10},{"not_picked":["TheCursedMod:WearCloak","TheCursedMod:Neurasthenia"],"picked":"TheCursedMod:RapidMovement","floor":12},{"not_picked":["TheCursedMod:CursedAmulet","TheCursedMod:SpitefulPlan"],"picked":"TheCursedMod:Hemoplague","floor":14},{"not_picked":["TheCursedMod:SaltUponWound","TheCursedMod:Torture"],"picked":"TheCursedMod:Stigma","floor":15},{"not_picked":["TheCursedMod:DemonSword","TheCursedMod:ShockAndAwe"],"picked":"TheCursedMod:CollectTribute","floor":16},{"not_picked":["TheCursedMod:Wield","TheCursedMod:HellfireBreathing"],"picked":"TheCursedMod:CursedStaff+1","floor":18},{"not_picked":["TheCursedMod:SmokeScreen","TheCursedMod:CursedMace"],"picked":"TheCursedMod:SpitefulPray","floor":19},{"not_picked":["TheCursedMod:SpitefulStrike","TheCursedMod:RapidMovement+1"],"picked":"TheCursedMod:CursedBoomerang+1","floor":23}],"player_experience":106216,"relics_obtained":[{"floor":3.0,"key":"Mirror"},{"floor":9,"key":"Dream Catcher"},{"floor":11,"key":"Ring of Fangs"},{"floor":11,"key":"ReplayTheSpireMod:Ring of Collecting"},{"floor":12,"key":"CaptainsWheel"},{"floor":23,"key":"Replay:Bottled Flurry"}],"event_choices":[{"damage_healed":0.0,"max_hp_gain":0.0,"max_hp_loss":0.0,"gold_gain":0.0,"event_name":"betterThird:BetterScrap","player_choice":"Relic ","floor":2.0,"gold_loss":0.0,"damage_taken":18.0,"cards_obtained":["infinitespire:OneForAll"]},{"damage_healed":0.0,"max_hp_gain":0.0,"max_hp_loss":0.0,"gold_gain":0.0,"event_name":"Wheel of Change","player_choice":"Relic","floor":3.0,"gold_loss":0.0,"damage_taken":0.0},{"damage_healed":0,"gold_gain":0,"player_choice":"Traded Relic","damage_taken":0,"relics_obtained":["Nloth\u0027s Gift"],"max_hp_gain":0,"max_hp_loss":0,"event_name":"N\u0027loth","floor":21,"relics_lost":["Ring of Fangs"],"gold_loss":0},{"cards_removed":["TheCursedMod:Strike_TheCursed"],"damage_healed":0,"gold_gain":0,"player_choice":"Purged","damage_taken":0,"max_hp_gain":0,"max_hp_loss":0,"event_name":"Purifier","floor":22,"gold_loss":0}],"is_beta":false,"boss_relics":[{"not_picked":["Replay:Fungal Core","sagemod:Falmels_Amulet"],"picked":"conspire:SpecialSausage"}],"items_purged_floors":[],"is_endless":false,"potions_floor_spawned":[5,10,12,19],"killed_by":"conspire:HollyBat","ascension_level":0}}