{"host":"8s7r99mpv862ws6o","time":1608749043,"event":{"mods":["ATMod(°¢èªMod)","AchievementEnabler","BaseMod","GifTheSpireLib","Minty Spire (QoL Compilation)","Quick Restart","StSLib","UnlockEverythingMod"],"gold_per_floor":[118,193,193,193,193,193,204,204,273,304,304,304,331,344,344,447,447,459,384,483,499,84,84,118,43,43,60,89,89,124,124,124,221,221,221,221],"floor_reached":35,"playtime":1646,"items_purged":["Strike_B","Strike_B"],"score":515,"play_id":"7a3f9ecd-3a6c-4157-b973-7a5d1dbd498c","local_time":"20201224024403","is_ascension_mode":true,"campfire_choices":[{"data":"Capacitor","floor":6.0,"key":"SMITH"},{"data":"AT_ThunderBolt","floor":8.0,"key":"SMITH"},{"data":"Zap","floor":12.0,"key":"SMITH"},{"data":"Rainbow","floor":15.0,"key":"SMITH"},{"data":"Defend_B","floor":23.0,"key":"PURGE"},{"data":"Normality","floor":29,"key":"PURGE"},{"data":"Ghostly","floor":32,"key":"SMITH"}],"circlet_count":0,"master_deck":["Strike_B+1","Strike_B","Defend_B+1","Defend_B+1","Zap+1","Dualcast","Capacitor+1","AT_ThunderBolt+1","Cold Snap","Rainbow+1","BootSequence","Thunder Strike+1","Coolheaded","Glacier","Machine Learning","Conserve Battery+1","Hello World+1","Ghostly+1","Ghostly","Ghostly","Ghostly","Ghostly","Reboot"],"relics":["Cracked Core","AT_ATBox","NeowsBlessing","Orichalcum","War Paint","AT_TimeSand","Pantograph","Boot","Ornamental Fan","Cursed Key","Peace Pipe","Whetstone","Regal Pillow","Smiling Mask","Busted Crown"],"acts_visited":["Exordium","TheCity","TheBeyond"],"potions_floor_usage":[28,28],"damage_taken":[{"damage":0.0,"enemies":"Small Slimes","floor":1.0,"turns":1.0},{"damage":0.0,"enemies":"Jaw Worm","floor":7.0,"turns":1.0},{"damage":0.0,"enemies":"Lagavulin","floor":10.0,"turns":1.0},{"damage":11.0,"enemies":"3 Sentries","floor":13.0,"turns":7.0},{"damage":0.0,"enemies":"2 Louse","floor":14.0,"turns":2.0},{"damage":25.0,"enemies":"The Guardian","floor":16.0,"turns":8.0},{"damage":6.0,"enemies":"Shell Parasite","floor":18.0,"turns":5.0},{"damage":13.0,"enemies":"3 Byrds","floor":21.0,"turns":4.0},{"damage":10.0,"enemies":"Book of Stabbing","floor":24.0,"turns":5.0},{"damage":11.0,"enemies":"Sentry and Sphere","floor":27.0,"turns":5.0},{"damage":0,"enemies":"Slavers","floor":28,"turns":6},{"damage":7,"enemies":"Gremlin Leader","floor":30,"turns":6},{"damage":17,"enemies":"Collector","floor":33,"turns":9},{"damage":43,"enemies":"3 Shapes","floor":35,"turns":3}],"seed_played":"-3903049748214997534","potions_obtained":[{"floor":1.0,"key":"SkillPotion"},{"floor":13.0,"key":"Explosive Potion"},{"floor":16.0,"key":"Swift Potion"},{"floor":18.0,"key":"DuplicationPotion"},{"floor":21.0,"key":"FearPotion"},{"floor":33,"key":"SpeedPotion"}],"is_trial":false,"path_per_floor":["M","?","?","?","T","R","M","R","T","E","?","R","E","M","R","B",null,"M","$","?","M","$","R","E","?","T","M","E","R","E","?","R","B",null,"M"],"character_chosen":"DEFECT","items_purchased":["Peace Pipe"],"campfire_rested":0,"item_purchase_floors":[22],"current_hp_per_floor":[75,64,52,52,52,52,52,52,52,52,52,52,41,41,41,41,75,69,69,69,56,56,56,46,46,46,35,35,35,28,28,28,20,37,0,0],"gold":221,"neow_bonus":"THREE_ENEMY_KILL","is_daily":false,"chose_seed":false,"campfire_upgraded":5,"win_rate":0.0,"timestamp":1608749043,"path_taken":["M","?","?","?","?","R","?","R","T","E","?","R","E","?","R","BOSS","M","$","?","M","$","R","E","?","T","M","E","R","E","?","R","BOSS","M"],"items_purchased_type":["Relic"],"build_version":"2020-12-22","purchased_purges":2,"victory":false,"max_hp_per_floor":[75,75,75,75,75,75,75,75,75,75,75,75,75,75,75,75,75,75,75,75,75,75,75,75,75,75,75,75,75,75,37,37,37,37,37,37],"card_choices":[{"not_picked":["Compile Driver","Sweeping Beam"],"picked":"Capacitor","floor":1.0},{"not_picked":["Turbo","Cold Snap"],"picked":"AT_ThunderBolt","floor":7.0},{"not_picked":["Steam","Barrage"],"picked":"Cold Snap","floor":10.0},{"not_picked":["Reprogram","BootSequence"],"picked":"Rainbow","floor":13.0},{"not_picked":["Rip and Tear","Beam Cell"],"picked":"BootSequence","floor":14.0},{"not_picked":["Core Surge","Multi-Cast"],"picked":"Thunder Strike","floor":16.0},{"not_picked":["Steam","Sweeping Beam"],"picked":"Coolheaded","floor":18.0},{"not_picked":["Steam Power","Genetic Algorithm","Turbo"],"picked":"SKIP","floor":21.0},{"not_picked":["Stack","Lockon"],"picked":"Glacier","floor":24.0},{"not_picked":["Sweeping Beam","Cold Snap+1"],"picked":"Machine Learning","floor":27.0},{"not_picked":["Sunder+1","Compile Driver"],"picked":"Conserve Battery+1","floor":28},{"not_picked":["Stack","Glacier"],"picked":"Hello World+1","floor":30},{"not_picked":["Meteor Strike","Thunder Strike"],"picked":"Reboot","floor":33}],"player_experience":587772,"relics_obtained":[{"floor":5.0,"key":"AT_TimeSand"},{"floor":9.0,"key":"Pantograph"},{"floor":10.0,"key":"Boot"},{"floor":13.0,"key":"Ornamental Fan"},{"floor":24.0,"key":"Whetstone"},{"floor":28,"key":"Regal Pillow"},{"floor":30,"key":"Smiling Mask"}],"event_choices":[{"damage_healed":0.0,"max_hp_gain":0.0,"max_hp_loss":0.0,"gold_gain":75.0,"event_name":"World of Goop","player_choice":"Gather Gold","floor":2.0,"gold_loss":0.0,"damage_taken":11.0},{"damage_healed":0.0,"max_hp_gain":0.0,"max_hp_loss":0.0,"gold_gain":0.0,"event_name":"Scrap Ooze","player_choice":"Success","floor":3.0,"gold_loss":0.0,"damage_taken":12.0,"relics_obtained":["Orichalcum"]},{"damage_healed":0.0,"max_hp_gain":0.0,"max_hp_loss":0.0,"gold_gain":0.0,"event_name":"Big Fish","player_choice":"Box","floor":4.0,"gold_loss":0.0,"damage_taken":0.0,"relics_obtained":["War Paint"],"cards_obtained":["Regret"]},{"cards_removed":["Regret"],"damage_healed":0.0,"max_hp_gain":0.0,"max_hp_loss":0.0,"gold_gain":0.0,"event_name":"Purifier","player_choice":"Purged","floor":11.0,"gold_loss":0.0,"damage_taken":0.0},{"damage_healed":0.0,"max_hp_gain":0.0,"max_hp_loss":0.0,"gold_gain":99.0,"event_name":"Nest","player_choice":"Stole From Cult","floor":20.0,"gold_loss":0.0,"damage_taken":0.0},{"cards_removed":["Defend_B"],"damage_healed":0.0,"max_hp_gain":0.0,"max_hp_loss":0.0,"gold_gain":0.0,"event_name":"Beggar","player_choice":"Gave Gold","floor":25.0,"gold_loss":75.0,"damage_taken":0.0},{"damage_healed":0,"gold_gain":0,"player_choice":"Became a Ghost","damage_taken":0,"max_hp_gain":0,"max_hp_loss":38,"event_name":"Ghosts","floor":31,"gold_loss":0,"cards_obtained":["Ghostly","Ghostly","Ghostly","Ghostly","Ghostly"]}],"is_beta":false,"boss_relics":[{"not_picked":["Empty Cage","AT_TrinityForce"],"picked":"Cursed Key"},{"not_picked":["Velvet Choker","SacredBark"],"picked":"Busted Crown"}],"items_purged_floors":[19,22],"is_endless":false,"potions_floor_spawned":[1,13,16,18,21,24,33],"killed_by":"3 Shapes","ascension_level":1}}