{"host":"cyiefo55v5hz1ih5","time":1608698268,"event":{"mods":["2.2 Compatiblity","AchievementEnabler","BaseMod","GifTheSpireLib","Hermit","Hubris","Minty Spire (QoL Compilation)","Replay The Spire","Robot Space Explorer","Spicy Shops","StSLib"],"gold_per_floor":[113,113,113,113,113,113,142,217,217,229,256,256,102,137,137,232,232,232,232],"floor_reached":18,"playtime":1009,"items_purged":["hermit:Strike_Hermit"],"score":172,"play_id":"ebcc023c-8c78-4429-be4a-a11e8e48ebca","local_time":"20201222233748","is_ascension_mode":true,"campfire_choices":[{"floor":6,"key":"RECALL"},{"floor":12,"key":"REST"},{"data":"hermit:TakeAim","floor":15,"key":"SMITH"}],"circlet_count":0,"master_deck":["hermit:Strike_Hermit","hermit:Strike_Hermit","hermit:Defend_Hermit","hermit:Defend_Hermit","hermit:Defend_Hermit","hermit:Defend_Hermit","hermit:Snapshot","hermit:Covet","hermit:Grudge+1","Regret","hermit:TakeAim+1","hermit:Enervate","hermit:Brawl","hermit:FromBeyond"],"relics":["hermit:ClaspedLocket","hubris:DisguiseKit","MealTicket","hubris:Towel","PreservedInsect","Tiny Chest","Blood Vial","Replay:Wax Seal","Pen Nib"],"acts_visited":["Exordium","TheCity"],"potions_floor_usage":[16,16],"damage_taken":[{"damage":0,"enemies":"Small Slimes","floor":1,"turns":2},{"damage":40,"enemies":"Lagavulin","floor":7,"turns":8},{"damage":1,"enemies":"Jaw Worm","floor":10,"turns":4},{"damage":8,"enemies":"Gremlin Nob","floor":14,"turns":3},{"damage":34,"enemies":"The Guardian","floor":16,"turns":13},{"damage":82,"enemies":"3 Byrds","floor":18,"turns":6}],"seed_played":"8987539418004025511","potions_obtained":[{"floor":1,"key":"Explosive Potion"},{"floor":14,"key":"GamblersBrew"}],"is_trial":false,"path_per_floor":["M","?","?","?","?","R","E","?","T","M","T","R","$","E","R","B",null,"M"],"character_chosen":"HERMIT","items_purchased":["Replay:Wax Seal"],"campfire_rested":1,"item_purchase_floors":[13],"current_hp_per_floor":[75,75,75,75,75,75,35,24,24,23,23,45,60,54,54,22,75,0,0],"gold":232,"neow_bonus":"REMOVE_CARD","is_daily":false,"chose_seed":false,"campfire_upgraded":1,"win_rate":0.0,"timestamp":1608698268,"path_taken":["M","?","?","?","?","R","E","?","T","M","?","R","$","E","R","BOSS","M"],"items_purchased_type":["Relic"],"build_version":"2020-12-13","purchased_purges":1,"victory":false,"max_hp_per_floor":[75,75,75,75,75,75,75,75,75,75,75,75,75,75,75,75,75,75,75],"card_choices":[{"not_picked":["hermit:Combo","hermit:Headshot"],"picked":"hermit:Grudge","floor":1},{"not_picked":["hermit:Malice","hermit:HoleUp","Pommel Strike"],"picked":"hermit:TakeAim","floor":7},{"not_picked":["hermit:Scavenge","hermit:Grudge","ReplayTheSpireMod:Strike From Hell"],"picked":"hermit:Enervate","floor":10},{"not_picked":["hermit:NoHoldsBarred","hermit:Enervate","Eclipse"],"picked":"hermit:Brawl","floor":14},{"not_picked":["hermit:Purgatory","hermit:EternalForm","Limit Break"],"picked":"hermit:FromBeyond","floor":16}],"player_experience":714266,"relics_obtained":[{"floor":7,"key":"PreservedInsect"},{"floor":9,"key":"Tiny Chest"},{"floor":11,"key":"Blood Vial"},{"floor":14,"key":"Pen Nib"}],"event_choices":[{"damage_healed":0,"gold_gain":0,"player_choice":"Box","damage_taken":0,"relics_obtained":["MealTicket"],"max_hp_gain":0,"max_hp_loss":0,"event_name":"Big Fish","floor":4,"gold_loss":0,"cards_obtained":["Regret"]},{"damage_healed":0,"gold_gain":75,"player_choice":"Gather Gold","damage_taken":11,"max_hp_gain":0,"max_hp_loss":0,"event_name":"World of Goop","floor":8,"gold_loss":0}],"is_beta":false,"boss_relics":[{"not_picked":["Ring of Chaos","hubris:TerracottaHorce"],"picked":"hermit:ClaspedLocket"}],"items_purged_floors":[13],"is_endless":false,"potions_floor_spawned":[1,14],"killed_by":"3 Byrds","ascension_level":1}}