{"host":"ju66gn9zov5ov15o","time":1608727820,"event":{"mods":["2.2 Compatiblity","Act Like it!","BaseMod","Downfall","GifTheSpireLib","Minty Spire (QoL Compilation)","Pale of the Ancients","StSLib"],"gold_per_floor":[99,115,130,580,595,595,663,838,852,777,1052,400,414,424,435,435,435,435],"floor_reached":16,"playtime":722,"items_purged":["Regret"],"score":119,"play_id":"e07c8d49-8199-43fb-96fb-878ba7d089d9","local_time":"20201223135020","is_ascension_mode":false,"campfire_choices":[{"floor":1,"key":"RECALL"},{"floor":10,"key":"REST"}],"circlet_count":0,"master_deck":["champ:Strike","champ:Strike","champ:Strike","champ:Defend","champ:Defend","champ:Defend","champ:Execute","champ:Taunt","champ:GladiatorsShout","champ:FocusedBerserking","Slimebound:Icky","Slimebound:Icky","Slimebound:Icky","champ:BerserkerStyle","Doubt","champ:BringItOn","champ:FanOfKnives","champ:SkillfulDodge","champ:CalledShot","champ:Encircle","champ:AdrenalArmor","champ:HoldFirm","champ:RisingSlash"],"relics":["champ:ChampionCrown","Lantern","HornCleat","downfall:HeartBlessingRed","MealTicket","Shuriken"],"acts_visited":["Exordium"],"potions_floor_usage":[9,9,14,16],"damage_taken":[{"damage":13,"enemies":"Jaw Worm","floor":2,"turns":4},{"damage":8,"enemies":"Small Slimes","floor":3,"turns":3},{"damage":7,"enemies":"2 Louse","floor":5,"turns":5},{"damage":15,"enemies":"Blue Slaver","floor":9,"turns":3},{"damage":11,"enemies":"downfall:FleeingMerchant","floor":12,"turns":4},{"damage":30,"enemies":"Gremlin Gang","floor":13,"turns":4},{"damage":43,"enemies":"Exordium Thugs","floor":14,"turns":5},{"damage":11,"enemies":"Blue Slaver","floor":15,"turns":3},{"damage":28,"enemies":"downfall:Watcher","floor":16,"turns":4}],"seed_played":"2469739445755426246","potions_obtained":[{"floor":2,"key":"champ:OpenerPotion"},{"floor":5,"key":"Fire Potion"},{"floor":13,"key":"SneckoOil"},{"floor":14,"key":"AttackPotion"}],"is_trial":false,"path_per_floor":["R","M","M","?","M","?","T","?","M","R","?","$","M","M","M","B"],"character_chosen":"THE_CHAMP","items_purchased":["MealTicket","Shuriken","champ:SkillfulDodge","champ:CalledShot","champ:Encircle"],"campfire_rested":1,"item_purchase_floors":[12,12,12,12,12],"current_hp_per_floor":[63,60,57,57,55,30,30,30,23,50,50,49,31,14,12,0,0,0],"gold":435,"neow_bonus":"REMOVE_TWO","is_daily":false,"chose_seed":false,"campfire_upgraded":0,"win_rate":0.0,"timestamp":1608727820,"path_taken":["R","M","M","?","M","?","T","?","?","R","?","$","M","M","M","BOSS"],"items_purchased_type":["Relic","Relic","Card","Card","Card"],"build_version":"2020-12-22","purchased_purges":1,"victory":false,"max_hp_per_floor":[90,90,90,90,90,90,90,90,90,90,90,90,90,90,90,90,90,90],"card_choices":[{"not_picked":["champ:EnragedBash","champ:FlashCut"],"picked":"champ:GladiatorsShout","floor":2},{"not_picked":["champ:PreciseThrust","champ:Backstep"],"picked":"champ:FocusedBerserking","floor":3},{"not_picked":["champ:FlashCut","champ:ShieldWall"],"picked":"champ:BerserkerStyle","floor":5},{"not_picked":["champ:Haymaker","champ:TornadoPunch"],"picked":"champ:BringItOn","floor":9},{"not_picked":["champ:DefensiveShout","champ:BringItOn"],"picked":"champ:FanOfKnives","floor":12},{"not_picked":["champ:TornadoPunch","champ:CalledShot"],"picked":"champ:AdrenalArmor","floor":13},{"not_picked":["champ:FalseCounter","champ:Balance"],"picked":"champ:HoldFirm","floor":14},{"not_picked":["champ:AdrenalArmor","champ:BerserkersShout"],"picked":"champ:RisingSlash","floor":15}],"player_experience":190783,"relics_obtained":[{"floor":7,"key":"HornCleat"}],"event_choices":[{"damage_healed":0,"gold_gain":0,"player_choice":"Success","damage_taken":25,"relics_obtained":["Lantern"],"max_hp_gain":0,"max_hp_loss":0,"event_name":"Scrap Ooze","floor":6,"gold_loss":0}],"is_beta":false,"boss_relics":[],"items_purged_floors":[12],"is_endless":false,"potions_floor_spawned":[2,5,13,14],"killed_by":"downfall:Watcher","ascension_level":0}}