{"host":"oy4pyvr762z5n0bb","time":1608687365,"event":{"mods":["AchievementEnabler","BaseMod","Colored Map","Colored Powertips","Googly Eyes","Key Reminder","Minty Spire (QoL Compilation)","Quick Restart","Relic Sorter","StSLib","SuperFastMode","Unceasing Turn Reminder","slay the spire mod where everything is the same but ironclad has a cowboy hat"],"gold_per_floor":[111,124,84,104,179,179,204,2,2,2,34,45,63,63,63,63,63],"floor_reached":16,"playtime":225,"items_purged":[],"score":132,"play_id":"0d12199d-1175-4968-945e-a391109b21c9","local_time":"20201222173605","is_ascension_mode":true,"campfire_choices":[{"data":"Searing Blow","floor":6,"key":"SMITH"},{"data":"Sword Boomerang","floor":10,"key":"SMITH"},{"data":"Searing Blow+1","floor":15,"key":"SMITH"}],"circlet_count":0,"master_deck":["Strike_R","Strike_R","Strike_R","Strike_R","Strike_R","Defend_R","Defend_R","Defend_R","Defend_R","Bash","Dropkick","Thunderclap","Searing Blow+2","Thunderclap","Rampage","Sword Boomerang+1","Twin Strike","Twin Strike","Sever Soul"],"relics":["Burning Blood","NeowsBlessing","WingedGreaves","Akabeko","HornCleat","Bag of Preparation"],"acts_visited":["Exordium"],"potions_floor_usage":[7,16],"damage_taken":[{"damage":0,"enemies":"Cultist","floor":1,"turns":1},{"damage":0,"enemies":"Small Slimes","floor":2,"turns":1},{"damage":0,"enemies":"2 Louse","floor":4,"turns":1},{"damage":25,"enemies":"3 Sentries","floor":7,"turns":6},{"damage":30,"enemies":"Lagavulin","floor":11,"turns":6},{"damage":10,"enemies":"Large Slime","floor":12,"turns":4},{"damage":13,"enemies":"3 Louse","floor":13,"turns":2},{"damage":18,"enemies":"Hexaghost","floor":16,"turns":4}],"seed_played":"909843425428638335","potions_obtained":[{"floor":2,"key":"Fire Potion"},{"floor":11,"key":"CultistPotion"},{"floor":13,"key":"SpeedPotion"}],"is_trial":false,"path_per_floor":["M","M","$","M","?","R","E","$","T","R","E","M","M","?","R","B"],"character_chosen":"IRONCLAD","items_purchased":["Searing Blow","Akabeko","Sword Boomerang"],"campfire_rested":0,"item_purchase_floors":[3,8,8],"current_hp_per_floor":[80,80,80,80,69,69,50,50,50,50,26,22,15,15,15,0,0],"gold":63,"neow_bonus":"THREE_ENEMY_KILL","is_daily":false,"chose_seed":false,"campfire_upgraded":3,"win_rate":0.0,"timestamp":1608687365,"path_taken":["M","M","$","?","?","R","E","$","T","R","E","M","M","?","R","BOSS"],"items_purchased_type":["Card","Relic","Card"],"build_version":"2020-12-13","purchased_purges":0,"victory":false,"max_hp_per_floor":[80,80,80,80,80,80,80,80,80,80,80,80,80,80,80,80,80],"card_choices":[{"not_picked":["Heavy Blade","Headbutt"],"picked":"Dropkick","floor":1},{"not_picked":["Iron Wave","Flame Barrier"],"picked":"Thunderclap","floor":2},{"not_picked":["Cleave","Clash"],"picked":"Thunderclap","floor":4},{"not_picked":["Juggernaut","Metallicize"],"picked":"Rampage","floor":7},{"not_picked":["Body Slam","Dark Embrace"],"picked":"Twin Strike","floor":11},{"not_picked":["Iron Wave","Warcry"],"picked":"Twin Strike","floor":12},{"not_picked":["Twin Strike","Anger"],"picked":"Sever Soul","floor":13}],"player_experience":553919,"relics_obtained":[{"floor":7,"key":"WingedGreaves"},{"floor":9,"key":"HornCleat"},{"floor":11,"key":"Bag of Preparation"}],"event_choices":[{"damage_healed":0,"gold_gain":75,"player_choice":"Gather Gold","damage_taken":11,"max_hp_gain":0,"max_hp_loss":0,"event_name":"World of Goop","floor":5,"gold_loss":0},{"damage_healed":0,"gold_gain":0,"player_choice":"Searched \u00270\u0027 times","damage_taken":0,"max_hp_gain":0,"max_hp_loss":0,"event_name":"Dead Adventurer","floor":14,"gold_loss":0}],"is_beta":false,"boss_relics":[],"items_purged_floors":[],"is_endless":false,"potions_floor_spawned":[2,11,13],"killed_by":"Hexaghost","ascension_level":4}}