{"host":"alk2ftu785mujiir","time":1608749877,"event":{"mods":["BaseMod","Colored Map","Downfall","Minty Spire (QoL Compilation)","StSLib"],"gold_per_floor":[99,110,110,125,143,68,95,112,144,144,154,188,206,35,50,147,147,147,147,147,147,52,52,52,52,37,37,13,13,13,13,13,13,13,13,13,13,13,13,13,13,13,13,13,13,13,13,13,13,13,13,13,13,13,13],"floor_reached":56,"playtime":3425,"items_purged":["Guardian:Strike_Guardian"],"score":1344,"play_id":"887aa3b1-75d5-424f-bff6-6fbaef868796","local_time":"20201223135757","is_ascension_mode":false,"campfire_choices":[{"floor":1.0,"key":"RECALL"},{"data":"Guardian:PrismaticBeam","floor":6.0,"key":"SMITH"},{"data":"Guardian:RollAttack","floor":10.0,"key":"SMITH"},{"data":"Guardian:BaubleBeam","floor":18.0,"key":"SMITH"},{"data":"Guardian:ChargeUp","floor":23.0,"key":"SMITH"},{"data":"Guardian:SphericShield","floor":35.0,"key":"SMITH"},{"data":"Guardian:ShieldSpikes","floor":47,"key":"SMITH"},{"floor":54,"key":"REST"}],"circlet_count":0,"master_deck":["Guardian:Strike_Guardian","Guardian:Defend_Guardian","Guardian:Defend_Guardian","Guardian:Defend_Guardian","Guardian:Defend_Guardian","Guardian:CurlUp","Guardian:TwinSlam","Guardian:PrismaticBeam+1","Guardian:RollAttack+1","Guardian:SpikerProtocol","Guardian:DecasProtection","Guardian:GuardianWhirl","Guardian:BaubleBeam+1","Guardian:ChargeUp+1","Guardian:ShieldSpikes+1","Guardian:PrimingBeam","Guardian:PolyBeam","Guardian:StasisEngine","Guardian:ShieldCharger+1","Guardian:FloatingOrbs","Guardian:SphericShield+1","Guardian:DonusPower","Guardian:PrimingBeam","Guardian:Gem_Fragmented","Guardian:ArmoredProtocol","Guardian:BronzeOrb+1","Guardian:Repulse+1","Guardian:SphericShield","Guardian:PrimingBeam","Guardian:FastForward","Guardian:BronzeOrb+1","Guardian:EvasiveProtocol","expansioncontent:YouAreMine","expansioncontent:Flail","expansioncontent:DefensiveStance","Guardian:CrystalBeam","Guardian:PrimingBeam+1","Guardian:ChargeUp+1"],"relics":["Guardian:ModeShifter","Tiny Chest","downfall:HeartBlessingRed","Pen Nib","Prayer Wheel","Bag of Preparation","Membership Card","downfall:Hecktoplasm","Blood Vial","Bottled Tornado","expansioncontent:StudyCardRelic","downfall:HeartBlessingBlue","MawBank","Bottled Flame","Shuriken","Ornamental Fan","Guardian:PickAxe","Mummified Hand","downfall:HeartBlessingGreen","Strawberry"],"acts_visited":["Exordium","TheCity","TheBeyond","TheEnding"],"potions_floor_usage":[55],"damage_taken":[{"damage":0.0,"enemies":"Small Slimes","floor":2.0,"turns":3.0},{"damage":1.0,"enemies":"Cultist","floor":4.0,"turns":4.0},{"damage":1.0,"enemies":"Jaw Worm","floor":5.0,"turns":4.0},{"damage":7.0,"enemies":"2 Fungi Beasts","floor":8.0,"turns":3.0},{"damage":14.0,"enemies":"Gremlin Nob","floor":9.0,"turns":4.0},{"damage":0.0,"enemies":"3 Louse","floor":11.0,"turns":1.0},{"damage":7.0,"enemies":"3 Sentries","floor":12.0,"turns":4.0},{"damage":1.0,"enemies":"Gremlin Gang","floor":13.0,"turns":1.0},{"damage":0.0,"enemies":"downfall:FleeingMerchant","floor":14.0,"turns":4.0},{"damage":0.0,"enemies":"2 Fungi Beasts","floor":15.0,"turns":1.0},{"damage":38.0,"enemies":"downfall:Silent","floor":16.0,"turns":8.0},{"damage":0.0,"enemies":"3 Byrds","floor":19.0,"turns":3.0},{"damage":6.0,"enemies":"Snecko","floor":20.0,"turns":3.0},{"damage":2.0,"enemies":"Centurion and Healer","floor":21.0,"turns":4.0},{"damage":0.0,"enemies":"downfall:FleeingMerchant","floor":22.0,"turns":4.0},{"damage":2.0,"enemies":"3 Cultists","floor":25.0,"turns":4.0},{"damage":4.0,"enemies":"downfall:FleeingMerchant","floor":26.0,"turns":4.0},{"damage":10.0,"enemies":"Slavers","floor":27.0,"turns":5.0},{"damage":0.0,"enemies":"downfall:FleeingMerchant","floor":28.0,"turns":1.0},{"damage":0.0,"enemies":"Sentry and Sphere","floor":31.0,"turns":4.0},{"damage":3.0,"enemies":"Snecko","floor":32.0,"turns":4.0},{"damage":18.0,"enemies":"downfall:Ironclad","floor":33.0,"turns":7.0},{"damage":0,"enemies":"Orb Walker","floor":37,"turns":3},{"damage":9,"enemies":"Giant Head","floor":40,"turns":7},{"damage":0,"enemies":"Nemesis","floor":42,"turns":3},{"damage":0,"enemies":"3 Shapes","floor":44,"turns":2},{"damage":0,"enemies":"Transient","floor":45,"turns":5},{"damage":10,"enemies":"Giant Head","floor":46,"turns":8},{"damage":0,"enemies":"4 Shapes","floor":49,"turns":3},{"damage":13,"enemies":"downfall:Defect","floor":50,"turns":4},{"damage":24,"enemies":"downfall:CharBossMerchant","floor":52,"turns":9},{"damage":23,"enemies":"downfall:NeowBoss","floor":55,"turns":17}],"seed_played":"5770628457532742608","potions_obtained":[{"floor":3.0,"key":"champ:CounterPotion"},{"floor":3.0,"key":"LiquidBronze"},{"floor":3.0,"key":"Energy Potion"},{"floor":5.0,"key":"DistilledChaos"},{"floor":15.0,"key":"SneckoOil"},{"floor":16.0,"key":"Guardian:DefensiveModePotion"},{"floor":25.0,"key":"champ:CounterPotion"},{"floor":31.0,"key":"SteroidPotion"},{"floor":32.0,"key":"sneckomod:MuddlingPotion"},{"floor":33.0,"key":"FairyPotion"},{"floor":46,"key":"SkillPotion"}],"is_trial":false,"path_per_floor":["R","M","?","M","M","R","T","M","E","R","M","E","M","$","M","B",null,"R","M","M","M","$","R","T","M","$","E","$","T","?","M","M","B",null,"R","?","M","?","T","E","T","E","?","M","M","E","R","$","M","B",null,"E","$","R","B",null],"character_chosen":"GUARDIAN","items_purchased":["Membership Card","Guardian:PrimingBeam","Guardian:PolyBeam","Guardian:PrimingBeam"],"campfire_rested":1,"item_purchase_floors":[14,22,22,28],"current_hp_per_floor":[80,80,80,79,78,78,78,71,57,57,57,50,49,49,49,11,80,80,80,74,72,72,72,72,70,66,56,58,58,58,60,59,43,80,90,90,90,90,90,81,81,83,73,75,77,69,69,69,71,60,90,73,73,97,74],"gold":13,"neow_bonus":"RANDOM_COMMON_RELIC","is_daily":false,"chose_seed":false,"campfire_upgraded":6,"win_rate":0.0,"timestamp":1608749877,"path_taken":["R","M","?","?","M","R","T","M","E","R","M","E","M","$","M","BOSS","R","M","M","M","$","R","T","M","$","E","?","?","?","M","M","BOSS","R","?","M","?","?","E","T","E","?","M","M","E","R","$","M","BOSS","E","$","R","BOSS"],"items_purchased_type":["Relic","Card","Card","Card"],"build_version":"2020-12-22","purchased_purges":1,"victory":true,"max_hp_per_floor":[80,80,80,80,80,80,80,80,80,80,80,80,80,80,80,80,80,80,80,80,80,80,80,80,80,80,80,80,80,80,80,80,80,80,90,90,90,90,90,90,90,90,90,90,90,90,90,90,90,90,90,97,97,97,97],"card_choices":[{"not_picked":["Guardian:Gem_Red","Guardian:Gem_White"],"picked":"Guardian:PrismaticBeam","floor":2.0},{"not_picked":["Guardian:Preprogram","Guardian:Suspension"],"picked":"Guardian:Gem_Red","floor":4.0},{"not_picked":["Guardian:GuardianWhirl","Guardian:Suspension"],"picked":"Guardian:RollAttack","floor":5.0},{"not_picked":["Guardian:Recover","Guardian:Gem_Yellow"],"picked":"Guardian:Gem_Green","floor":8.0},{"not_picked":["Guardian:PrismaticBarrier","Guardian:Recover"],"picked":"Guardian:Gem_Blue","floor":9.0},{"not_picked":["Guardian:Planning","Guardian:Reroute"],"picked":"Guardian:Gem_Crimson","floor":11.0},{"not_picked":["Guardian:MultiBeam","Guardian:Gem_Green"],"picked":"Guardian:Gem_Cyan","floor":11.0},{"not_picked":["Guardian:Recover","Guardian:Gem_Yellow"],"picked":"Guardian:SpikerProtocol","floor":12.0},{"not_picked":["Guardian:Planning","Guardian:Preprogram"],"picked":"Guardian:DecasProtection","floor":13.0},{"not_picked":["Guardian:ConstructionForm","Guardian:TimeCapacitor"],"picked":"Guardian:GuardianWhirl","floor":13.0},{"not_picked":["Guardian:DecasProtection","Guardian:StasisEngine"],"picked":"Guardian:Gem_White","floor":14.0},{"not_picked":["Guardian:Gem_Lightblue","Guardian:Planning"],"picked":"Guardian:Gem_Green","floor":15.0},{"not_picked":["Guardian:GuardianWhirl","Guardian:Gem_Lightblue","Guardian:Gem_Cyan"],"picked":"SKIP","floor":15.0},{"not_picked":["Guardian:GuardianWhirl","Guardian:Gem_Lightblue"],"picked":"Guardian:Gem_Cyan","floor":15.0},{"not_picked":["Guardian:StasisEngine","Guardian:ExploitGems"],"picked":"Guardian:BaubleBeam","floor":16.0},{"not_picked":["Guardian:VentSteam","Guardian:Recover","Guardian:PolyBeam"],"picked":"SKIP","floor":19.0},{"not_picked":["Guardian:PrismaticBeam+1","Guardian:Gem_Red","Guardian:WalkerClaw+1"],"picked":"SKIP","floor":19.0},{"not_picked":["Guardian:Preprogram","Guardian:GuardianWhirl"],"picked":"Guardian:ChargeUp","floor":20.0},{"not_picked":["Guardian:BronzeArmor","Guardian:Planning","Guardian:Reroute"],"picked":"SKIP","floor":20.0},{"not_picked":["Guardian:Gem_Cyan","Guardian:Gem_Lightblue","Guardian:Gem_Fragmented"],"picked":"SKIP","floor":21.0},{"not_picked":["Guardian:WalkerClaw","Guardian:Recover","Guardian:ShieldCharger+1"],"picked":"SKIP","floor":21.0},{"not_picked":["Guardian:Gem_Green","Guardian:ChargeCore+1"],"picked":"Guardian:ShieldSpikes","floor":22.0},{"not_picked":["Guardian:PiercingHide","Guardian:ShieldSpikes"],"picked":"Guardian:StasisEngine","floor":25.0},{"not_picked":["Guardian:Incinerate","Guardian:Suspension"],"picked":"Guardian:ShieldCharger+1","floor":25.0},{"not_picked":["Guardian:Preprogram+1","Guardian:GemFinder"],"picked":"Guardian:FloatingOrbs","floor":26.0},{"not_picked":["Guardian:ShieldCharger","Guardian:PiercingHide"],"picked":"Guardian:SphericShield","floor":27.0},{"not_picked":["Guardian:Gem_Lightblue","Guardian:ShieldCharger"],"picked":"Guardian:DonusPower","floor":28.0},{"not_picked":["Guardian:Gem_White","Guardian:Gem_Fragmented"],"picked":"Guardian:ArmoredProtocol","floor":31.0},{"not_picked":["Guardian:TimeBomb","Guardian:SentryBeam","Guardian:Gem_Green"],"picked":"SKIP","floor":31.0},{"not_picked":["Guardian:ChargeCore+1","Guardian:Reroute+1"],"picked":"Guardian:BronzeOrb+1","floor":32.0},{"not_picked":["Guardian:ShieldSpikes","Guardian:CrystalBeam"],"picked":"Guardian:Repulse+1","floor":32.0},{"not_picked":["Guardian:Gem_Synthetic","Guardian:StasisField"],"picked":"Guardian:SphericShield","floor":33.0},{"not_picked":["Guardian:Gem_Green","Guardian:TemporalShield"],"picked":"Guardian:PrimingBeam","floor":37},{"not_picked":["Guardian:TimeBomb","Guardian:ShieldCharger","Guardian:SpikerProtocol"],"picked":"SKIP","floor":37},{"not_picked":["Guardian:VentSteam","Guardian:Incinerate"],"picked":"Guardian:BronzeOrb+1","floor":40},{"not_picked":["Guardian:TemporalStrike+1","Guardian:StasisEngine"],"picked":"Guardian:EvasiveProtocol","floor":42},{"not_picked":["expansioncontent:PolyBeam","expansioncontent:FaceSlap"],"picked":"expansioncontent:YouAreMine","floor":43},{"not_picked":["expansioncontent:Chronoboost","expansioncontent:HyperBeam"],"picked":"expansioncontent:Flail","floor":43},{"not_picked":["expansioncontent:DarkVoid","expansioncontent:YouAreMine"],"picked":"expansioncontent:DefensiveStance","floor":43},{"not_picked":["Guardian:VentSteam+1","Guardian:Recover"],"picked":"Guardian:CrystalBeam","floor":44},{"not_picked":["Guardian:BronzeArmor","Guardian:TemporalShield","Guardian:Gem_Red"],"picked":"SKIP","floor":44},{"not_picked":["Guardian:RollAttack","Guardian:ShieldCharger","Guardian:Incinerate"],"picked":"SKIP","floor":45},{"not_picked":["Guardian:ShieldSpikes+1","Guardian:Suspension","Guardian:PrismaticBarrier"],"picked":"SKIP","floor":45},{"not_picked":["Guardian:Planning+1","Guardian:FastForward"],"picked":"Guardian:PrimingBeam+1","floor":46},{"not_picked":["Guardian:ShieldCharger+1","Guardian:WalkerClaw"],"picked":"Guardian:ChargeUp+1","floor":49},{"not_picked":["Guardian:TemporalStrike+1","Guardian:RollAttack","Guardian:Repulse"],"picked":"SKIP","floor":49},{"not_picked":["Guardian:Recover+1","Guardian:Reroute+1","Guardian:TemporalStrike"],"picked":"SKIP","floor":52}],"player_experience":1715439,"relics_obtained":[{"floor":7.0,"key":"Pen Nib"},{"floor":9.0,"key":"Prayer Wheel"},{"floor":12.0,"key":"Bag of Preparation"},{"floor":27.0,"key":"Blood Vial"},{"floor":29.0,"key":"Bottled Tornado"},{"floor":36.0,"key":"MawBank"},{"floor":39,"key":"Bottled Flame"},{"floor":40,"key":"Shuriken"},{"floor":41,"key":"Ornamental Fan"},{"floor":42,"key":"Guardian:PickAxe"},{"floor":46,"key":"Mummified Hand"},{"floor":52,"key":"Strawberry"}],"event_choices":[{"damage_healed":0.0,"max_hp_gain":0.0,"max_hp_loss":0.0,"gold_gain":0.0,"event_name":"Lab","player_choice":"Got Potions","floor":3.0,"gold_loss":0.0,"damage_taken":0.0},{"damage_healed":0,"gold_gain":0,"cards_transformed":["Guardian:Strike_Guardian"],"player_choice":"Transformed","damage_taken":0,"max_hp_gain":0,"max_hp_loss":0,"event_name":"Transmorgrifier","floor":38,"gold_loss":0,"cards_obtained":["Guardian:FastForward"]}],"is_beta":false,"boss_relics":[{"not_picked":["Fusion Hammer","Black Star"],"picked":"downfall:Hecktoplasm"},{"not_picked":["Empty Cage","Coffee Dripper"],"picked":"expansioncontent:StudyCardRelic"}],"items_purged_floors":[22],"is_endless":false,"potions_floor_spawned":[4,5,11,15,16,25,31,32,33,37,45,46,52],"ascension_level":0}}