{"host":"k4t1rqzyfa1bjnq8","time":1608767918,"event":{"mods":["BaseMod","Colored Powertips","Downfall","Minty Spire (QoL Compilation)","StSLib","The Cursed","The Jungle","The Servant 0.9.4"],"gold_per_floor":[116,191,266,277,277,302,302,329,329,329,348,379,379,413,413,513,513,528,548,548,559,20,20,20],"floor_reached":23,"playtime":2566,"items_purged":[],"score":228,"play_id":"6242a4b2-5b04-4bac-b666-2bc05da9d215","local_time":"20201224015838","is_ascension_mode":true,"campfire_choices":[{"floor":7,"key":"REST"},{"floor":10,"key":"REST"},{"floor":13,"key":"REST"},{"floor":15,"key":"RECALL"}],"circlet_count":0,"master_deck":["TheCursedMod:CursedWand","TheCursedMod:CleanUpWorkshop","TheCursedMod:Dregs","expansioncontent:FaceSlap","TheCursedMod:SpitefulStrike","TheCursedMod:CursedAmulet","TheCursedMod:HellfireBreathing","TheCursedMod:Stigma","TheCursedMod:ReleasedStrength","TheCursedMod:Obscuration","TheCursedMod:OutForBlood","TheCursedMod:CollectTribute","TheCursedMod:Torture","TheCursedMod:StunningStrike","TheCursedMod:Obscuration","TheCursedMod:CircleOfCorruption","TheCursedMod:ReleasedKnowledge","TheCursedMod:ManaCirculation","TheCursedMod:LuckyCharm","TheCursedMod:Hemoplague","TheCursedMod:Stigma+1","TheCursedMod:WearCloak+1","TheCursedMod:CollectTribute","TheCursedMod:SpitefulPlan"],"relics":["TheCursedMod:BlackMagic101","TheCursedMod:BloodyHarpoon","HornCleat","Darkstone Periapt","PreservedInsect","Ice Cream","Pandora\u0027s Box","TheAbacus","FossilizedHelix"],"acts_visited":["Exordium","TheCity"],"potions_floor_usage":[6,8,12,21],"damage_taken":[{"damage":1,"enemies":"2 Louse","floor":1,"turns":3},{"damage":0,"enemies":"Small Slimes","floor":4,"turns":3},{"damage":29,"enemies":"Gremlin Nob","floor":6,"turns":5},{"damage":13,"enemies":"3 Sentries","floor":8,"turns":8},{"damage":1,"enemies":"Cultist","floor":11,"turns":4},{"damage":11,"enemies":"Lagavulin","floor":12,"turns":6},{"damage":5,"enemies":"Gremlin Nob","floor":14,"turns":4},{"damage":39,"enemies":"The Guardian","floor":16,"turns":8},{"damage":17,"enemies":"Shell Parasite","floor":18,"turns":5},{"damage":5,"enemies":"Chosen","floor":19,"turns":4},{"damage":14,"enemies":"Centurion and Healer","floor":21,"turns":9},{"damage":39,"enemies":"Gremlin Leader","floor":23,"turns":4}],"seed_played":"-3305843534792531208","potions_obtained":[{"floor":4,"key":"GamblersBrew"},{"floor":5,"key":"TheCursedMod:DregsPotion"},{"floor":5,"key":"Fire Potion"},{"floor":12,"key":"Fire Potion"},{"floor":16,"key":"SmokeBomb"},{"floor":18,"key":"SpeedPotion"}],"is_trial":false,"path_per_floor":["M","?","?","M","?","E","R","E","T","R","M","E","R","E","R","B",null,"M","M","?","M","$","E"],"character_chosen":"THE_CURSED","items_purchased":["TheAbacus","FossilizedHelix","TheCursedMod:SpitefulPlan"],"campfire_rested":3,"item_purchase_floors":[22,22,22],"current_hp_per_floor":[74,74,63,63,63,34,56,43,43,65,64,53,75,70,70,31,75,58,53,53,39,39,0,0],"gold":20,"neow_bonus":"RANDOM_COLORLESS","is_daily":false,"chose_seed":false,"campfire_upgraded":0,"win_rate":0.0,"timestamp":1608767918,"path_taken":["M","?","?","M","?","E","R","E","T","R","M","E","R","E","R","BOSS","M","?","?","M","$","E"],"items_purchased_type":["Relic","Relic","Card"],"build_version":"2020-12-22","purchased_purges":0,"victory":false,"max_hp_per_floor":[75,75,75,75,75,75,75,75,75,75,75,75,75,75,75,75,75,75,75,75,75,75,75,75],"card_choices":[{"not_picked":["Impatience","Forethought"],"picked":"expansioncontent:FaceSlap","floor":0},{"not_picked":["TheCursedMod:CursedMace","TheCursedMod:Mangle"],"picked":"TheCursedMod:SpitefulStrike","floor":1},{"not_picked":["TheCursedMod:FleshFromBone","TheCursedMod:PrepareRite"],"picked":"TheCursedMod:CursedAmulet","floor":4},{"not_picked":["TheCursedMod:DemonSword","TheCursedMod:Stretching"],"picked":"TheCursedMod:HellfireBreathing","floor":6},{"not_picked":["TheCursedMod:Wield","TheCursedMod:SpitefulPlan"],"picked":"TheCursedMod:Stigma","floor":8},{"not_picked":["TheCursedMod:RavingStaff","TheCursedMod:BlessingInDisguise"],"picked":"TheCursedMod:ReleasedStrength","floor":11},{"not_picked":["TheCursedMod:StingEye","TheCursedMod:CursedBlade"],"picked":"TheCursedMod:Obscuration","floor":12},{"not_picked":["TheCursedMod:CircleOfAmplification","TheCursedMod:CursedBlade"],"picked":"TheCursedMod:OutForBlood","floor":14},{"not_picked":["TheCursedMod:NeowsMight","TheCursedMod:OutForBlood"],"picked":"TheCursedMod:CollectTribute","floor":16},{"not_picked":["TheCursedMod:Obscuration","TheCursedMod:CircleOfWindfury"],"picked":"TheCursedMod:Stigma+1","floor":18},{"not_picked":["TheCursedMod:Obscuration","TheCursedMod:CircleOfFlame+1"],"picked":"TheCursedMod:WearCloak+1","floor":19},{"not_picked":["TheCursedMod:FleshFromBone","TheCursedMod:Evocation"],"picked":"TheCursedMod:CollectTribute","floor":21}],"player_experience":1070504,"relics_obtained":[{"floor":6,"key":"TheCursedMod:BloodyHarpoon"},{"floor":8,"key":"HornCleat"},{"floor":9,"key":"Darkstone Periapt"},{"floor":12,"key":"PreservedInsect"},{"floor":14,"key":"Ice Cream"}],"event_choices":[{"damage_healed":0,"gold_gain":75,"player_choice":"Gained Gold","damage_taken":0,"max_hp_gain":0,"max_hp_loss":0,"event_name":"Golden Wing","floor":2,"gold_loss":0},{"damage_healed":0,"gold_gain":75,"player_choice":"Gather Gold","damage_taken":11,"max_hp_gain":0,"max_hp_loss":0,"event_name":"World of Goop","floor":3,"gold_loss":0},{"damage_healed":0,"gold_gain":0,"player_choice":"Got Potions","damage_taken":0,"max_hp_gain":0,"max_hp_loss":0,"event_name":"Lab","floor":5,"gold_loss":0},{"damage_healed":0,"gold_gain":0,"player_choice":"Ignored","damage_taken":0,"max_hp_gain":0,"max_hp_loss":0,"event_name":"Vampires","floor":20,"gold_loss":0}],"is_beta":false,"boss_relics":[{"not_picked":["Velvet Choker","Runic Pyramid"],"picked":"Pandora\u0027s Box"}],"items_purged_floors":[],"is_endless":false,"potions_floor_spawned":[4,12,16,18],"killed_by":"Gremlin Leader","ascension_level":1}}