{"host":"l2821e3dgmq4sghh","time":1608720858,"event":{"mods":["BaseMod","Colored Powertips","Minty Spire (QoL Compilation)","StSLib"],"gold_per_floor":[113,128,53,53,72,72,100,100,180,197,197,212,244,261,261,261,261],"floor_reached":16,"playtime":1311,"items_purged":["Strike_B"],"score":118,"play_id":"3f34b4df-162e-40fe-bed3-0f3f35c7f69d","local_time":"20201223115418","is_ascension_mode":true,"campfire_choices":[{"data":"Go for the Eyes","floor":6,"key":"SMITH"},{"data":"Streamline","floor":8,"key":"SMITH"},{"data":"Zap","floor":15,"key":"SMITH"}],"circlet_count":0,"master_deck":["Strike_B","Strike_B","Strike_B","Defend_B","Defend_B","Defend_B","Defend_B","Zap+1","Dualcast","Go for the Eyes+1","Go for the Eyes","Streamline+1","Sweeping Beam","Sweeping Beam"],"relics":["Cracked Core","NeowsBlessing","PreservedInsect","Kunai","Toy Ornithopter"],"acts_visited":["Exordium"],"potions_floor_usage":[13],"damage_taken":[{"damage":0,"enemies":"Small Slimes","floor":1,"turns":1},{"damage":0,"enemies":"Cultist","floor":2,"turns":1},{"damage":0,"enemies":"Jaw Worm","floor":5,"turns":1},{"damage":54,"enemies":"3 Sentries","floor":7,"turns":11},{"damage":2,"enemies":"Looter","floor":10,"turns":3},{"damage":2,"enemies":"3 Louse","floor":12,"turns":3},{"damage":1,"enemies":"Lagavulin","floor":13,"turns":4},{"damage":0,"enemies":"2 Fungi Beasts","floor":14,"turns":3},{"damage":22,"enemies":"The Guardian","floor":16,"turns":10}],"seed_played":"5302213720174042281","potions_obtained":[{"floor":2,"key":"LiquidBronze"},{"floor":10,"key":"ColorlessPotion"},{"floor":13,"key":"EssenceOfSteel"},{"floor":14,"key":"SteroidPotion"}],"is_trial":false,"path_per_floor":["M","M","$","?","M","R","E","R","T","M","?","M","E","M","R","B"],"character_chosen":"DEFECT","items_purchased":[],"campfire_rested":0,"item_purchase_floors":[],"current_hp_per_floor":[75,75,75,75,75,75,21,21,21,19,24,22,21,21,21,0,0],"gold":261,"neow_bonus":"THREE_ENEMY_KILL","is_daily":false,"chose_seed":false,"campfire_upgraded":3,"win_rate":0.0,"timestamp":1608720858,"path_taken":["M","M","$","?","M","R","E","R","T","?","?","M","E","M","R","BOSS"],"items_purchased_type":[],"build_version":"2020-12-22","purchased_purges":1,"victory":false,"max_hp_per_floor":[75,75,75,75,75,75,75,75,75,75,80,80,80,80,80,80,80],"card_choices":[{"not_picked":["Turbo","Barrage"],"picked":"Go for the Eyes","floor":1},{"not_picked":["Steam","BootSequence","Glacier"],"picked":"SKIP","floor":2},{"not_picked":["Chaos","Undo"],"picked":"Go for the Eyes","floor":5},{"not_picked":["Reprogram","Go for the Eyes"],"picked":"Streamline","floor":7},{"not_picked":["Recycle","Defragment","Self Repair"],"picked":"SKIP","floor":10},{"not_picked":["Darkness","Blizzard"],"picked":"Sweeping Beam","floor":12},{"not_picked":["Lockon","FTL","Machine Learning"],"picked":"SKIP","floor":13},{"not_picked":["Redo","Aggregate"],"picked":"Sweeping Beam","floor":14}],"player_experience":5355214,"relics_obtained":[{"floor":7,"key":"PreservedInsect"},{"floor":9,"key":"Kunai"},{"floor":13,"key":"Toy Ornithopter"}],"event_choices":[{"damage_healed":0,"gold_gain":0,"player_choice":"0 cards matched","damage_taken":0,"max_hp_gain":0,"max_hp_loss":0,"event_name":"Match and Keep!","floor":4,"gold_loss":0,"cards_obtained":[]},{"damage_healed":0,"gold_gain":0,"player_choice":"Donut","damage_taken":0,"max_hp_gain":5,"max_hp_loss":0,"event_name":"Big Fish","floor":11,"gold_loss":0}],"is_beta":false,"boss_relics":[],"items_purged_floors":[3],"is_endless":false,"potions_floor_spawned":[2,10,13,14],"killed_by":"The Guardian","ascension_level":1}}