{"host":"vc42n08di9czm3e7","time":1608751975,"event":{"mods":["AchievementEnabler","Act Like it!","BaseMod","Colored Powertips","Downfall","Friendly Minions","GifTheSpireLib","Jorbs\u0027s Wanderer Trilogy","Minty Spire (QoL Compilation)","Rare Cards Sparkle","StSLib","The Bug Knight"],"gold_per_floor":[99,119,130,141,4,4,73,73,87,101,101,113,113,113,125,226,226,226,244,244,244,260,72,72,72,85,85,85,70,70,80,91,188,238,238,257,257,75,98,98,98,118,137,137,161,161,161,182,182,182],"floor_reached":51,"playtime":3018,"items_purged":["hexamod:Defend","hexamod:Defend"],"score":666,"play_id":"cda8f421-038d-4c35-abbc-c7f6e13b7e48","local_time":"20201223143255","is_ascension_mode":false,"campfire_choices":[{"data":"hexamod:CrushingStance","floor":1,"key":"SMITH"},{"data":"hexamod:GhostflameBarrier","floor":8,"key":"SMITH"},{"data":"hexamod:VolcanoVisage","floor":11,"key":"SMITH"},{"data":"hexamod:Defend","floor":13,"key":"SMITH"},{"data":"hexamod:Sear","floor":18,"key":"SMITH"},{"data":"hexamod:Float","floor":25,"key":"SMITH"},{"data":"hexamod:RadiantFlame","floor":27,"key":"SMITH"},{"data":"hexamod:AdvancingGuard","floor":35,"key":"SMITH"},{"floor":40,"key":"RECALL"},{"floor":44,"key":"REST"},{"floor":47,"key":"REST"},{"data":"hexamod:HexaLevel","floor":49,"key":"SMITH"}],"circlet_count":0,"master_deck":["hexamod:Strike+1","hexamod:Defend+1","hexamod:Defend+1","hexamod:Sear+1","hexamod:Float+1","hexamod:CrushingStance+1","hexamod:GhostflameBarrier+1","hexamod:AdvancingGuard+1","hexamod:HeatMetal+1","hexamod:GhostShield+1","hexamod:Hexaguard+1","hexamod:VolcanoVisage+1","hexamod:CatchUp+1","hexamod:RadiantFlame+1","hexamod:FifthSeal","hexamod:FourthSeal","hexamod:WildfireWeapon+1","hexamod:PhantomFireball+1","hexamod:StepThrough+1","hexamod:RecurringNightmare+1","hexamod:AdvancingGuard+1","hexamod:SixthSeal","hexamod:Hexaguard+1","hexamod:SoulSteal+1","hexamod:ThirdSeal","hexamod:GhostShield+1","hexamod:PowerFromBeyond+1","hexamod:GhostflameInferno+1","hexamod:NightmareGuise+1","hexamod:Hexaguard+1","hexamod:SecondSeal","hexamod:UnleashSpirits+1","hexamod:CatchUp+1","hexamod:FirstSeal","hexamod:PhantomFireball+1","Apotheosis+1","hexamod:Hexaguard+1","hexamod:SkipABeat+1","hexamod:SpectersWail+1","hexamod:HexaLevel+1","hexamod:EtherealExpedition+1"],"relics":["hexamod:SpiritBrand","Toxic Egg 2","downfall:ShatteredFragment","Astrolabe","Calipers","downfall:RedIOU","Tiny House","hexamod:MatchstickCase"],"acts_visited":["Exordium","TheCity","TheBeyond"],"potions_floor_usage":[16,16,26,39],"damage_taken":[{"damage":0,"enemies":"Cultist","floor":2,"turns":4},{"damage":1,"enemies":"Jaw Worm","floor":3,"turns":4},{"damage":0,"enemies":"Small Slimes","floor":4,"turns":4},{"damage":0,"enemies":"downfall:FleeingMerchant","floor":5,"turns":4},{"damage":0,"enemies":"2 Fungi Beasts","floor":9,"turns":4},{"damage":10,"enemies":"Lots of Slimes","floor":10,"turns":4},{"damage":7,"enemies":"Blue Slaver","floor":12,"turns":3},{"damage":6,"enemies":"Gremlin Gang","floor":15,"turns":4},{"damage":16,"enemies":"downfall:Silent","floor":16,"turns":9},{"damage":0,"enemies":"3 Byrds","floor":19,"turns":5},{"damage":6,"enemies":"Shell Parasite","floor":22,"turns":5},{"damage":9,"enemies":"downfall:FleeingMerchant","floor":23,"turns":4},{"damage":0,"enemies":"Snecko","floor":26,"turns":6},{"damage":3,"enemies":"downfall:FleeingMerchant","floor":29,"turns":4},{"damage":0,"enemies":"Shelled Parasite and Fungi","floor":31,"turns":4},{"damage":0,"enemies":"Chosen and Byrds","floor":32,"turns":7},{"damage":18,"enemies":"downfall:Defect","floor":33,"turns":9},{"damage":1,"enemies":"3 Shapes","floor":36,"turns":7},{"damage":0,"enemies":"downfall:FleeingMerchant","floor":38,"turns":4},{"damage":19,"enemies":"Orb Walker","floor":39,"turns":7},{"damage":30,"enemies":"Maw","floor":42,"turns":10},{"damage":42,"enemies":"Sphere and 2 Shapes","floor":43,"turns":6},{"damage":7,"enemies":"Spire Growth","floor":45,"turns":7},{"damage":17,"enemies":"Writhing Mass","floor":48,"turns":9},{"damage":49,"enemies":"downfall:Ironclad","floor":50,"turns":10}],"seed_played":"3100986218960547587","potions_obtained":[{"floor":4,"key":"hexamod:EctoCoolerPotion"},{"floor":9,"key":"Guardian:BlockOnCardUsePotion"},{"floor":10,"key":"hexamod:DoubleChargePotion"},{"floor":22,"key":"BlessingOfTheForge"},{"floor":23,"key":"DistilledChaos"},{"floor":26,"key":"Regen Potion"},{"floor":39,"key":"Guardian:BlockOnCardUsePotion"},{"floor":46,"key":"FairyPotion"}],"is_trial":false,"path_per_floor":["R","M","M","M","$","T","T","R","M","M","R","M","R","?","M","B",null,"R","M","?","?","M","$","T","R","M","R","?","$","?","M","M","B",null,"R","M","?","$","M","R","T","M","M","R","M","?","R","M","R","B",null],"character_chosen":"THE_SPIRIT","items_purchased":["hexamod:GhostShield","hexamod:SoulSteal+1","Apotheosis+1"],"campfire_rested":2,"item_purchase_floors":[5,23,38],"current_hp_per_floor":[70,70,69,69,69,69,69,69,69,59,59,52,52,31,25,9,70,70,70,70,70,64,55,55,55,55,55,55,52,52,52,52,34,75,75,74,74,74,74,74,74,51,16,38,38,38,60,50,50,8],"gold":182,"neow_bonus":"ONE_RANDOM_RARE_CARD","is_daily":false,"chose_seed":false,"campfire_upgraded":9,"win_rate":0.0,"timestamp":1608751975,"path_taken":["R","M","M","M","$","?","T","R","M","M","R","M","R","?","M","BOSS","R","M","?","?","M","$","T","R","M","R","?","$","?","M","M","BOSS","R","M","?","$","M","R","T","M","M","R","?","?","R","M","R","BOSS"],"items_purchased_type":["Card","Card","Card"],"build_version":"2020-12-13","purchased_purges":2,"victory":true,"max_hp_per_floor":[70,70,70,70,70,70,70,70,70,70,70,70,70,70,70,70,70,70,70,70,70,70,70,70,70,70,70,70,70,70,70,70,70,75,75,75,75,75,75,75,75,75,75,75,75,75,75,75,75,75],"card_choices":[{"not_picked":["hexamod:BacktrackSmack","hexamod:InspiringFlames"],"picked":"hexamod:GhostflameBarrier","floor":2},{"not_picked":["hexamod:GhostLash","hexamod:InspiringFlames"],"picked":"hexamod:AdvancingGuard","floor":3},{"not_picked":["hexamod:InspiringFlames","hexamod:SwordOfDarkness"],"picked":"hexamod:HeatMetal","floor":4},{"not_picked":["hexamod:SwordOfDarkness","hexamod:Firestarter","hexamod:AdvancingGuard"],"picked":"SKIP","floor":5},{"not_picked":["hexamod:HeatShield+1","hexamod:RetreatToShadows+1"],"picked":"hexamod:Hexaguard+1","floor":9},{"not_picked":["hexamod:RainOfEmbers","hexamod:HauntingEcho"],"picked":"hexamod:VolcanoVisage","floor":10},{"not_picked":["hexamod:ThirdSeal","hexamod:GhostOfSpirePast"],"picked":"hexamod:CatchUp+1","floor":12},{"not_picked":["hexamod:ShieldOfDarkness+1","hexamod:GhostOfSpireFuture"],"picked":"hexamod:RadiantFlame","floor":15},{"not_picked":["hexamod:TimeWarp","hexamod:SearingWound+1"],"picked":"hexamod:FifthSeal","floor":16},{"not_picked":["hexamod:HauntingEcho","hexamod:BacktrackSmack"],"picked":"hexamod:StepThrough","floor":19},{"not_picked":["hexamod:Firestarter+1","hexamod:FirstSeal"],"picked":"hexamod:AdvancingGuard+1","floor":22},{"not_picked":["hexamod:SecondSeal","hexamod:FourthSeal"],"picked":"hexamod:SixthSeal","floor":23},{"not_picked":["hexamod:FirstSeal","hexamod:HeatMetal"],"picked":"hexamod:Hexaguard+1","floor":23},{"not_picked":["hexamod:FirstSeal","hexamod:SecondSeal"],"picked":"hexamod:ThirdSeal","floor":26},{"not_picked":["hexamod:SpectersWail","hexamod:ShieldOfDarkness+1"],"picked":"hexamod:GhostShield+1","floor":26},{"not_picked":["hexamod:CatchUp+1","hexamod:AdvancingGuard+1"],"picked":"hexamod:PowerFromBeyond+1","floor":29},{"not_picked":["hexamod:AdvancingGuard+1","hexamod:GhostLash"],"picked":"hexamod:GhostflameInferno+1","floor":29},{"not_picked":["hexamod:FastForward+1","hexamod:GhostLash+1"],"picked":"hexamod:NightmareGuise+1","floor":31},{"not_picked":["hexamod:BurningTouch+1","hexamod:SwordOfDarkness+1","hexamod:Again+1"],"picked":"SKIP","floor":31},{"not_picked":["hexamod:PhantomCloak","hexamod:SearingWound+1"],"picked":"hexamod:Hexaguard+1","floor":32},{"not_picked":["hexamod:SkipABeat+1","hexamod:GhostShield+1","hexamod:DynamicBlow"],"picked":"SKIP","floor":32},{"not_picked":["hexamod:FourthSeal","hexamod:ThirdSeal"],"picked":"hexamod:SecondSeal","floor":33},{"not_picked":["hexamod:FifthSeal","hexamod:TimeWarp"],"picked":"hexamod:UnleashSpirits","floor":33},{"not_picked":["hexamod:RetreatToShadows+1","hexamod:GhostflameBarrier+1"],"picked":"hexamod:CatchUp+1","floor":34},{"not_picked":["hexamod:FastForward+1","hexamod:NightmareGuise+1","hexamod:Haunt+1"],"picked":"SKIP","floor":36},{"not_picked":["hexamod:InspiringFlames+1","hexamod:GhostShield+1","hexamod:SecondSeal"],"picked":"SKIP","floor":36},{"not_picked":["hexamod:FourthSeal","hexamod:ThirdSeal"],"picked":"hexamod:FirstSeal","floor":38},{"not_picked":["hexamod:FirstSeal","hexamod:NightmareGuise+1"],"picked":"hexamod:PhantomFireball","floor":38},{"not_picked":["hexamod:GhostOfSpirePresent+1","hexamod:GhostflameBarrier+1"],"picked":"hexamod:Hexaguard+1","floor":39},{"not_picked":["hexamod:Haunt+1","hexamod:HauntingEcho","hexamod:SwordOfDarkness+1"],"picked":"SKIP","floor":39},{"not_picked":["hexamod:ThermalTransfer","hexamod:AdvancingGuard+1"],"picked":"hexamod:SkipABeat+1","floor":42},{"not_picked":["hexamod:SixthSeal","hexamod:SecondSeal","hexamod:FourthSeal"],"picked":"SKIP","floor":42},{"not_picked":["hexamod:GhostShield+1","hexamod:HauntingEcho+1","hexamod:ThermalTransfer"],"picked":"SKIP","floor":42},{"not_picked":["hexamod:SwordOfDarkness","hexamod:RainOfEmbers","hexamod:Hexaguard+1"],"picked":"SKIP","floor":43},{"not_picked":["hexamod:GhostShield+1","hexamod:GhostLash+1","hexamod:Haunt+1"],"picked":"SKIP","floor":43},{"not_picked":["hexamod:SoulSteal+1","hexamod:Firestarter+1"],"picked":"hexamod:SpectersWail+1","floor":45},{"not_picked":["hexamod:ThermalTransfer+1","hexamod:GhostLash+1","hexamod:ShieldOfDarkness+1"],"picked":"SKIP","floor":45},{"not_picked":["hexamod:Haunt+1","hexamod:ShieldOfDarkness+1"],"picked":"hexamod:HexaLevel","floor":48},{"not_picked":["hexamod:ThermalTransfer","hexamod:NightmareStrike+1"],"picked":"hexamod:EtherealExpedition+1","floor":48}],"player_experience":171279,"relics_obtained":[{"floor":6,"key":"hexamod:InflammatoryLetter"},{"floor":7,"key":"Toxic Egg 2"},{"floor":24,"key":"Calipers"},{"floor":41,"key":"hexamod:MatchstickCase"}],"event_choices":[{"damage_healed":0,"gold_gain":0,"player_choice":"Read","damage_taken":0,"max_hp_gain":0,"max_hp_loss":0,"event_name":"The Library","floor":20,"gold_loss":0,"cards_obtained":["hexamod:RecurringNightmare"]},{"damage_healed":0,"gold_gain":0,"player_choice":"Ignored","damage_taken":0,"max_hp_gain":0,"max_hp_loss":0,"event_name":"NoteForYourself","floor":37,"gold_loss":0},{"damage_healed":0,"gold_gain":0,"player_choice":"Got Potions","damage_taken":0,"max_hp_gain":0,"max_hp_loss":0,"event_name":"Lab","floor":46,"gold_loss":0}],"is_beta":false,"boss_relics":[{"not_picked":["Cursed Key","SlaversCollar"],"picked":"Astrolabe"},{"not_picked":["Calling Bell","Philosopher\u0027s Stone"],"picked":"Tiny House"}],"items_purged_floors":[5,23],"is_endless":false,"potions_floor_spawned":[4,9,10,22,26,31,33,43,45,48],"ascension_level":0}}