{"host":"c59zqhrgluvxuu0k","time":1608693859,"event":{"mods":["BaseMod","Better Altar","Better Third Choice","BetterRewards","Colored Map","Colored Powertips","Curses Come First","Downfall","Duelist Mod","Friendly Minions","Hermit","Hubris","Minty Spire (QoL Compilation)","Replay The Spire","Shop Mod","Spicy Shops","StSLib","The Administrix","The Blackbeard","The Cursed","The Death Knight","The Dragon Tamer","The Druid","The Jungle","The Runesmith","The Wild Card"],"gold_per_floor":[349,369,544,61,211,211,238,251,251,251,326,36,36,51,71,176,176,26,42,42,56,73,107,107,19,47,60,95,95,113,113,123,222,222,147,88,99,72,72,72,123,123,136,136,179,190,190,228,240,265,265,324,19,19,44],"floor_reached":56,"playtime":17415,"items_purged":["Doubt","Doubt"],"score":1450,"play_id":"f763b0e4-ecb2-4550-ae68-dde49f02dee2","local_time":"20201222202419","is_ascension_mode":false,"campfire_choices":[{"data":"champ:Taunt","floor":1,"key":"SMITH"},{"data":"champ:Aggression","floor":6,"key":"SMITH"},{"data":"champ:StanceDance","floor":9,"key":"SMITH"},{"floor":13,"key":"RECALL"},{"floor":18,"key":"DIG"},{"data":"champ:Improvising","floor":40,"key":"SMITH"},{"data":"champ:GladiatorStyle","floor":44,"key":"SMITH"},{"data":"expansioncontent:Chronoboost","floor":54,"key":"SMITH"}],"circlet_count":0,"master_deck":["champ:Strike","champ:Strike","champ:Strike","champ:Strike+1","champ:Defend","champ:Defend","champ:Defend","champ:Defend","champ:Execute","champ:Taunt+1","champ:Lariat+1","champ:Aggression+1","Slimebound:Icky","champ:StanceDance+1","champ:IronFortress","champ:RapidStrikes","Midas Touch+1","champ:FaceSlap","champ:Balance","champ:MurderStrike","champ:HeartStrike+1","champ:Haymaker+1","champ:SteelEdge","champ:PreciseThrust","champ:Improvising+1","blackbeard:GoldenStrike","blackbeard:PiratesWill","champ:AdrenalArmor","champ:FanOfKnives+1","champ:CrownThrow+1","champ:IronFortress+1","champ:Backstep+1","champ:FlashCut","blackbeard:Bandana","champ:ShieldWall","champ:AdrenalArmor","Hallucinations","expansioncontent:Chronoboost+1","champ:GladiatorStyle+1","champ:ViciousMockery","champ:BringItOn+1","ReplayTheSpireMod:IOU","champ:ArenaPreparation+1","champ:BerserkerStyle","champ:GutPunch+1"],"relics":["champ:ChampionCrown","Mummified Hand","Bronze Scales","Ring of Misfortune","BargainBundle","Replay:Fungal Core","downfall:HeartBlessingRed","downfall:HeartBlessingBlue","Replay:Ringing Soul","Dream Catcher","hubris:DisguiseKit","ReplayTheSpireMod:Lightbulb","Anchor","Cursed Key","downfall:HeartBlessingGreen","hubris:Icosahedron","Guide Book","hubris:MysteriousPyramids","hubris:Towel","Lantern","Runesmith:Locket","Whetstone","Bottled Lightning","DeathKnight:SindragosasSkull"],"acts_visited":["Exordium","Exordium","TheBeyond","TheEnding"],"potions_floor_usage":[15,16,16,23,23,28,33,33,33,38,55,55,55],"damage_taken":[{"damage":5,"enemies":"Jaw Worm","floor":2,"turns":3},{"damage":14,"enemies":"downfall:FleeingMerchant","floor":4,"turns":4},{"damage":7,"enemies":"2 Louse","floor":8,"turns":3},{"damage":5,"enemies":"downfall:FleeingMerchant","floor":12,"turns":4},{"damage":3,"enemies":"Small Slimes","floor":14,"turns":3},{"damage":2,"enemies":"Gremlin Gang","floor":15,"turns":4},{"damage":63,"enemies":"downfall:Defect","floor":16,"turns":7},{"damage":0,"enemies":"Shell Parasite","floor":19,"turns":6},{"damage":7,"enemies":"theJungle:5_Spyders","floor":21,"turns":8},{"damage":6,"enemies":"theJungle:Snecko_Cultist_And_Trap","floor":22,"turns":7},{"damage":27,"enemies":"theJungle:MamaSnecko","floor":23,"turns":6},{"damage":2,"enemies":"downfall:FleeingMerchant","floor":25,"turns":4},{"damage":2,"enemies":"theJungle:2_Phrogs","floor":26,"turns":6},{"damage":8,"enemies":"theJungle:SlimyTreeVines","floor":27,"turns":3},{"damage":5,"enemies":"theJungle:Cassacara","floor":28,"turns":5},{"damage":9,"enemies":"theJungle:Lyon","floor":30,"turns":4},{"damage":20,"enemies":"theJungle:2_Flameangoes","floor":32,"turns":5},{"damage":48,"enemies":"downfall:Watcher","floor":33,"turns":6},{"damage":24,"enemies":"downfall:FleeingMerchant","floor":36,"turns":4},{"damage":43,"enemies":"3 Darklings","floor":37,"turns":6},{"damage":8,"enemies":"downfall:FleeingMerchant","floor":38,"turns":3},{"damage":6,"enemies":"Orb Walker","floor":43,"turns":2},{"damage":9,"enemies":"Transient","floor":45,"turns":5},{"damage":2,"enemies":"Sphere and 2 Shapes","floor":46,"turns":2},{"damage":2,"enemies":"Reptomancer","floor":48,"turns":3},{"damage":3,"enemies":"3 Darklings","floor":49,"turns":3},{"damage":46,"enemies":"downfall:Ironclad","floor":50,"turns":6},{"damage":24,"enemies":"downfall:CharBossMerchant","floor":52,"turns":6},{"damage":72,"enemies":"downfall:NeowBoss","floor":55,"turns":18}],"seed_played":"3424606953789919035","potions_obtained":[{"floor":2,"key":"champ:OpenerPotion"},{"floor":11,"key":"downfall:CursedFountainPotion"},{"floor":19,"key":"sneckomod:MuddlingPotion"},{"floor":21,"key":"Swift Potion"},{"floor":27,"key":"hexamod:EctoCoolerPotion"},{"floor":29,"key":"champ:OpenerPotion"},{"floor":29,"key":"Dexterity Potion"},{"floor":29,"key":"Weak Potion"},{"floor":30,"key":"DeathKnight:RimePotion"},{"floor":33,"key":"Explosive Potion"},{"floor":46,"key":"Weak Potion"},{"floor":48,"key":"DeathKnight:RimePotion"},{"floor":49,"key":"Block Potion"}],"is_trial":false,"path_per_floor":["R","M","?","$","?","R","T","M","R","?","?","$","R","M","M","B",null,"R_BF","M","?","M","M","E","T","$","E","M","E","?","M","?","M","B",null,"R_BF","$","M","$","?","R","T","?","M","R","M","M","T","E","M","B",null,"E","$","R","B",null],"character_chosen":"THE_CHAMP","items_purchased":["Mummified Hand","Bronze Scales","BargainBundle","champ:IronFortress","champ:RapidStrikes","Midas Touch","Dexterity Potion","champ:Improvising","champ:Backstep+1","champ:ShieldWall","Guide Book","hubris:MysteriousPyramids","champ:AdrenalArmor","DeathKnight:SindragosasSkull","champ:GutPunch+1"],"campfire_rested":0,"item_purchase_floors":[4,4,12,12,12,12,12,25,36,38,38,38,38,53,53],"current_hp_per_floor":[90,90,90,90,90,90,90,88,88,88,88,88,88,90,90,31,90,100,100,100,103,106,90,90,96,102,102,107,107,107,121,124,116,127,127,113,85,88,88,88,91,89,98,98,101,102,105,117,121,133,160,160,163,163,163],"gold":44,"neow_bonus":"TWO_FIFTY_GOLD","is_daily":false,"chose_seed":false,"campfire_upgraded":6,"win_rate":0.0,"timestamp":1608693859,"path_taken":["R","M","?","$","?","R","T","M","R","?","?","$","R","?","M","BOSS","R_BF","M","?","M","M","E","T","$","E","M","E","?","?","?","M","BOSS","R_BF","$","M","$","?","R","T","?","M","R","?","M","?","E","M","BOSS","E","$","R","BOSS"],"items_purchased_type":["Relic","Relic","Relic","Card","Card","Card","Potion","Card","Card","Card","Relic","Relic","Card","Relic","Card"],"build_version":"2020-12-13","purchased_purges":2,"victory":true,"max_hp_per_floor":[90,90,90,90,90,90,90,90,90,90,90,90,90,90,90,90,90,100,100,100,103,106,109,109,112,115,118,121,121,121,121,124,127,127,127,130,133,136,136,136,139,142,145,145,148,151,154,157,160,160,160,160,163,163,163],"card_choices":[{"not_picked":["champ:TornadoPunch","champ:Backstep"],"picked":"champ:Lariat","floor":2},{"not_picked":["champ:Backstep","champ:FanOfKnives"],"picked":"champ:Aggression","floor":4},{"not_picked":["champ:FlashCut","champ:TornadoPunch"],"picked":"champ:StanceDance","floor":8},{"not_picked":["champ:FocusedDefense","champ:ShieldSlam","champ:PerfectedStrike"],"picked":"SKIP","floor":12},{"not_picked":["champ:FocusedDefense","champ:Backstep"],"picked":"champ:FaceSlap","floor":14},{"not_picked":["champ:DefensiveShout","champ:FalseCounter"],"picked":"champ:Balance","floor":15},{"not_picked":["champ:CrownThrow","champ:DancingMaster"],"picked":"champ:MurderStrike","floor":16},{"not_picked":["champ:CrookedStrike+1","champ:FocusedDefense","champ:PerfectedStrike"],"picked":"SKIP","floor":19},{"not_picked":["champ:BerserkersShout+1","champ:Encircle+1"],"picked":"champ:HeartStrike+1","floor":21},{"not_picked":["champ:RapidStrikes+1","champ:HeartStrike"],"picked":"champ:Haymaker","floor":22},{"not_picked":["champ:BerserkerStyle","champ:ShieldSlam"],"picked":"champ:SteelEdge","floor":23},{"not_picked":["champ:TornadoPunch","champ:SwordThrow","blackbeard:DeadlyArsenal"],"picked":"champ:PreciseThrust","floor":25},{"not_picked":["champ:EnGarde+1","champ:Lariat+1","champ:Haymaker"],"picked":"blackbeard:GoldenStrike","floor":26},{"not_picked":["champ:BerserkersShout+1","champ:CrookedStrike+1","champ:Backstep"],"picked":"blackbeard:PiratesWill","floor":27},{"not_picked":["champ:BladeFlurry+1","champ:GladiatorsShout","blackbeard:Fencing"],"picked":"champ:AdrenalArmor","floor":28},{"not_picked":["champ:Duel","champ:Encircle","champ:CrookedStrike","blackbeard:CannonBarrage"],"picked":"SKIP","floor":30},{"not_picked":["champ:EnGarde","champ:HeartStrike","blackbeard:Dagger"],"picked":"champ:FanOfKnives+1","floor":32},{"not_picked":["champ:StrikeOfGenius","champ:ShieldThrow","blackbeard:GoldenGuillotine"],"picked":"champ:CrownThrow","floor":33},{"not_picked":["champ:Haymaker","champ:PerfectedStrike+1","blackbeard:Revenge"],"picked":"champ:IronFortress+1","floor":36},{"not_picked":["champ:CrookedStrike+1","champ:Haymaker+1","blackbeard:TerrorOfTheSeas"],"picked":"champ:FlashCut","floor":37},{"not_picked":["champ:StanceDance","champ:AdrenalArmor","champ:GladiatorsShout"],"picked":"blackbeard:Bandana","floor":38},{"not_picked":["expansioncontent:HyperBeam","expansioncontent:CaCaw"],"picked":"expansioncontent:Chronoboost","floor":42},{"not_picked":["champ:FocusedGladiator+1","champ:HeartStrike+1","blackbeard:CannonBarrage"],"picked":"champ:GladiatorStyle","floor":43},{"not_picked":["champ:PerfectedStrike","champ:RecklessLeap","blackbeard:Upgrade"],"picked":"champ:ViciousMockery","floor":45},{"not_picked":["champ:FanOfKnives+1","champ:DefensiveShout","blackbeard:VengefulSpirit"],"picked":"champ:BringItOn+1","floor":46},{"not_picked":["champ:TornadoPunch","champ:Duel+1","blackbeard:DeadlyArsenal"],"picked":"champ:ArenaPreparation+1","floor":48},{"not_picked":["champ:Encircle","champ:BerserkersShout+1","blackbeard:BlindAttacks"],"picked":"champ:BerserkerStyle","floor":49},{"not_picked":["champ:DefensiveShout+1","champ:TornadoPunch+1","champ:StanceDance+1","blackbeard:Sword"],"picked":"SKIP","floor":52}],"player_experience":2146035,"relics_obtained":[{"floor":10,"key":"Ring of Misfortune"},{"floor":18,"key":"Replay:Ringing Soul"},{"floor":23,"key":"Dream Catcher"},{"floor":24,"key":"hubris:DisguiseKit"},{"floor":26,"key":"ReplayTheSpireMod:Lightbulb"},{"floor":28,"key":"Anchor"},{"floor":41,"key":"Lantern"},{"floor":47,"key":"Runesmith:Locket"},{"floor":48,"key":"Whetstone"},{"floor":52,"key":"Bottled Lightning"}],"event_choices":[{"damage_healed":0,"gold_gain":0,"player_choice":"Got Potions","damage_taken":0,"max_hp_gain":0,"max_hp_loss":0,"event_name":"Lab","floor":29,"gold_loss":0}],"is_beta":false,"boss_relics":[{"not_picked":["hubris:CrackedHourglass","Honey Jar"],"picked":"Replay:Fungal Core"},{"not_picked":["SacredBark","Painkiller Herb"],"picked":"Cursed Key"}],"items_purged_floors":[4,12],"is_endless":false,"potions_floor_spawned":[2,19,21,27,30,33,46,48,49],"ascension_level":0}}