{"host":"o7j6aatxjwpw1421","time":1608739619,"event":{"mods":["2.2 Compatiblity","BaseMod","Colored Map","DeckTracker","Highlight Path","Keyboard Shortcuts","Minty Spire (QoL Compilation)","Permanent Neow","Quick Restart","StSLib","SuperFastMode","everything is the same but u backflip on backflip"],"gold_per_floor":[111,186,41,57,70,70,98,116,192,205,205,217,217,217,217,320,320,336,69,81,14,34,34,34],"floor_reached":23,"playtime":1063,"items_purged":["Decay","Strike_R"],"score":299,"play_id":"85eca857-9697-4e00-8dcb-2667c634be5e","local_time":"20201224010659","is_ascension_mode":true,"campfire_choices":[{"data":"Immolate","floor":6.0,"key":"SMITH"},{"data":"Fiend Fire","floor":11.0,"key":"SMITH"},{"data":"Shrug It Off","floor":15.0,"key":"SMITH"}],"circlet_count":0,"master_deck":["AscendersBane","Strike_R","Strike_R","Strike_R","Defend_R","Defend_R","Defend_R","Defend_R","Bash","Immolate+1","Fiend Fire+1","Intimidate","Sentinel","Shrug It Off+1","Entrench+1","Apotheosis","Power Through","Feel No Pain","Offering"],"relics":["Burning Blood","Dead Branch","Matryoshka","Eternal Feather","Omamori","Calling Bell","Smiling Mask","Meat on the Bone","Mango"],"acts_visited":["Exordium","TheCity"],"potions_floor_usage":[23,23],"damage_taken":[{"damage":1.0,"enemies":"Cultist","floor":1.0,"turns":3.0},{"damage":0.0,"enemies":"2 Louse","floor":4.0,"turns":2.0},{"damage":4.0,"enemies":"Jaw Worm","floor":5.0,"turns":4.0},{"damage":15.0,"enemies":"3 Sentries","floor":7.0,"turns":4.0},{"damage":0.0,"enemies":"Lots of Slimes","floor":8.0,"turns":2.0},{"damage":0.0,"enemies":"3 Louse","floor":10.0,"turns":1.0},{"damage":0.0,"enemies":"Looter","floor":12.0,"turns":2.0},{"damage":79.0,"enemies":"The Guardian","floor":16.0,"turns":11.0},{"damage":12.0,"enemies":"2 Thieves","floor":18.0,"turns":4.0},{"damage":1.0,"enemies":"Chosen","floor":20.0,"turns":6.0},{"damage":17,"enemies":"Snecko","floor":22,"turns":5},{"damage":79,"enemies":"Gremlin Leader","floor":23,"turns":6}],"seed_played":"5548387732801821927","potions_obtained":[{"floor":7.0,"key":"GamblersBrew"},{"floor":8.0,"key":"Fire Potion"},{"floor":10.0,"key":"Explosive Potion"},{"floor":16.0,"key":"FearPotion"},{"floor":20.0,"key":"Energy Potion"}],"is_trial":false,"path_per_floor":["M","?","$","M","M","R","E","M","T","M","R","M","?","T","R","B",null,"M","$","M","$","M","E"],"character_chosen":"IRONCLAD","items_purchased":["Fiend Fire","Apotheosis","Power Through","Feel No Pain"],"campfire_rested":0,"item_purchase_floors":[3,19,19,21],"current_hp_per_floor":[77,66,66,72,74,74,65,71,71,77,77,80,73,73,80,7,76,70,70,75,75,64,0,0],"gold":34,"neow_bonus":"THREE_RARE_CARDS","is_daily":false,"chose_seed":false,"campfire_upgraded":3,"win_rate":0.0,"timestamp":1608739619,"path_taken":["M","?","$","M","M","R","E","M","T","M","R","M","?","?","R","BOSS","M","$","M","?","M","E"],"items_purchased_type":["Card","Card","Card","Card"],"build_version":"2020-12-22","purchased_purges":2,"victory":false,"max_hp_per_floor":[80,80,80,80,80,80,80,80,80,80,80,80,80,80,80,80,94,94,94,94,94,94,94,94],"card_choices":[{"not_picked":["Offering","Bludgeon"],"picked":"Immolate","floor":0.0},{"not_picked":["Rage","Warcry","Body Slam"],"picked":"SKIP","floor":1.0},{"not_picked":["Hemokinesis","Perfected Strike","True Grit"],"picked":"SKIP","floor":4.0},{"not_picked":["Clothesline","Sword Boomerang"],"picked":"Intimidate","floor":5.0},{"not_picked":["Wild Strike","Spot Weakness"],"picked":"Sentinel","floor":7.0},{"not_picked":["Metallicize","Twin Strike","Cleave"],"picked":"SKIP","floor":8.0},{"not_picked":["Intimidate","Headbutt"],"picked":"Shrug It Off","floor":10.0},{"not_picked":["Thunderclap","Twin Strike","Metallicize"],"picked":"SKIP","floor":12.0},{"not_picked":["Havoc+1","Shrug It Off"],"picked":"Entrench+1","floor":18.0},{"not_picked":["Flex","Anger","Clothesline+1"],"picked":"SKIP","floor":20.0},{"not_picked":["Twin Strike","Wild Strike"],"picked":"Offering","floor":22}],"player_experience":343681,"relics_obtained":[{"floor":7.0,"key":"Dead Branch"},{"floor":9.0,"key":"Matryoshka"},{"floor":14.0,"key":"Eternal Feather"},{"floor":14.0,"key":"Omamori"},{"floor":17.0,"key":"Smiling Mask"},{"floor":17.0,"key":"Meat on the Bone"},{"floor":17.0,"key":"Mango"}],"event_choices":[{"damage_healed":0.0,"max_hp_gain":0.0,"max_hp_loss":0.0,"gold_gain":75.0,"event_name":"World of Goop","player_choice":"Gather Gold","floor":2.0,"gold_loss":0.0,"damage_taken":11.0},{"cards_removed":["Strike_R"],"damage_healed":0.0,"max_hp_gain":0.0,"max_hp_loss":0.0,"gold_gain":0.0,"event_name":"Golden Wing","player_choice":"Card Removal","floor":13.0,"gold_loss":0.0,"damage_taken":7.0}],"is_beta":false,"boss_relics":[{"not_picked":["Velvet Choker","Busted Crown"],"picked":"Calling Bell"}],"items_purged_floors":[3,19],"is_endless":false,"potions_floor_spawned":[7,8,10,16,20],"killed_by":"Gremlin Leader","ascension_level":11}}