{"host":"aplcfi4424y88z9j","time":1608764484,"event":{"mods":["BaseMod","Better Third Choice","Colored Map","Downfall","Highlight Path","Minty Spire (QoL Compilation)","Replay The Spire","StSLib"],"gold_per_floor":[99,109,215,215,232,246,246,260,294,370,370,295,326,20,33,138,138,138,156,54,71,83,114,114,125,50,50,75,175,100,130,144,246,246,246,262,236,236,86,136,136,152,163,198,198,212,240,258,271,271,271,300,71,71,71],"floor_reached":56,"playtime":5323,"items_purged":["champ:CrookedStrike"],"score":1427,"play_id":"ed5ddbe7-44e4-49b8-8bd8-3529058a541a","local_time":"20201223230124","is_ascension_mode":true,"campfire_choices":[{"data":"champ:Taunt","floor":1.0,"key":"SMITH"},{"data":"champ:SwordSigil","floor":12.0,"key":"SMITH"},{"data":"Terror","floor":12.0,"key":"SMITH"},{"floor":18.0,"key":"RECALL"},{"data":"champ:Duel","floor":26,"key":"SMITH"},{"data":"champ:VampiricStrike","floor":26,"key":"SMITH"},{"data":"champ:FocusedDefense","floor":30,"key":"SMITH"},{"data":"expansioncontent:Flail","floor":30,"key":"SMITH"},{"data":"champ:DancingMaster","floor":35,"key":"SMITH"},{"data":"champ:FanOfKnives","floor":35,"key":"SMITH"},{"data":"champ:SwordSigil","floor":45,"key":"SMITH"},{"data":"champ:Balance","floor":45,"key":"SMITH"},{"data":"champ:RisingSlash","floor":54,"key":"SMITH"},{"data":"champ:Control","floor":54,"key":"SMITH"}],"circlet_count":0,"master_deck":["champ:Strike","champ:Strike","champ:Strike","champ:Strike","champ:Defend+1","champ:Defend","champ:Defend","champ:Execute","champ:Taunt+1","champ:Balance+1","Terror+1","champ:DefensiveShout+1","champ:SwordSigil+1","champ:BringItOn","champ:VampiricStrike+1","champ:TornadoPunch+1","champ:FocusedDefense+1","expansioncontent:Flail+1","champ:GladiatorsShout+1","champ:Balance+1","champ:Duel+1","champ:GutPunch+1","champ:DeathBlow+1","champ:BringItOn","champ:FanOfKnives+1","champ:FocusedGladiator+1","champ:DancingMaster+1","champ:Aggression","champ:Encircle+1","champ:RisingSlash","champ:DefensiveStyle","expansioncontent:GuardianWhirl","champ:SwordSigil+1","champ:BerserkerStyle","champ:Control+1","champ:RisingSlash+1","expansioncontent:Sear","champ:GladiatorStyle+1","champ:BerserkerStyle+1","champ:GutPunch+1","champ:RisingSlash+1","champ:LastStand"],"relics":["champ:ChampionCrown","Lantern","champ:FightingForDummies","Bronze Scales","Replay:WaspNest","Replay:Arrowhead","HornCleat","downfall:HeartBlessingGreen","Du-Vu Doll","Ginger","Honey Jar","Guardian:PocketSentry","downfall:HeartBlessingRed","Replay:Mystery Machine","champ:BlackKnightHelmet","Letter Opener","downfall:HeartBlessingBlue","Replay:Rubber Ducky","expansioncontent:StudyCardRelic","BargainBundle","War Paint","PreservedInsect","Replay:PocketPolymizer","Art of War","Guardian:GemstoneGun","Replay:Wax Seal","Bottled Flame","Nunchaku"],"acts_visited":["Exordium","TheCity","TheBeyond","TheEnding"],"potions_floor_usage":[21,55,55,55],"damage_taken":[{"damage":14.0,"enemies":"Jaw Worm","floor":2.0,"turns":8.0},{"damage":0.0,"enemies":"Small Slimes","floor":5.0,"turns":2.0},{"damage":5.0,"enemies":"2 Louse","floor":6.0,"turns":2.0},{"damage":5.0,"enemies":"Lots of Slimes","floor":8.0,"turns":3.0},{"damage":13.0,"enemies":"Replay:BlueRogue","floor":9.0,"turns":4.0},{"damage":7.0,"enemies":"Gremlin Nob","floor":13.0,"turns":3.0},{"damage":0.0,"enemies":"downfall:FleeingMerchant","floor":14.0,"turns":4.0},{"damage":5.0,"enemies":"Exordium Thugs","floor":15.0,"turns":4.0},{"damage":14.0,"enemies":"downfall:Ironclad","floor":16.0,"turns":5.0},{"damage":4,"enemies":"3 Byrds","floor":19,"turns":5},{"damage":25,"enemies":"downfall:FleeingMerchant","floor":20,"turns":4},{"damage":26,"enemies":"Snecko","floor":21,"turns":4},{"damage":6,"enemies":"Snake Plant","floor":22,"turns":4},{"damage":26,"enemies":"Book of Stabbing","floor":23,"turns":4},{"damage":0,"enemies":"3 Cultists","floor":25,"turns":4},{"damage":34,"enemies":"Gremlin Leader","floor":28,"turns":5},{"damage":27,"enemies":"Gremlin Leader","floor":29,"turns":5},{"damage":35,"enemies":"Slavers","floor":31,"turns":2},{"damage":3,"enemies":"Chosen and Byrds","floor":32,"turns":3},{"damage":33,"enemies":"downfall:Watcher","floor":33,"turns":4},{"damage":15,"enemies":"3 Darklings","floor":36,"turns":3},{"damage":10,"enemies":"downfall:FleeingMerchant","floor":37,"turns":3},{"damage":42,"enemies":"Mind Bloom Boss Battle","floor":40,"turns":6},{"damage":5,"enemies":"3 Shapes","floor":42,"turns":2},{"damage":14,"enemies":"Sphere and 2 Shapes","floor":43,"turns":3},{"damage":15,"enemies":"R_Hoarder","floor":44,"turns":4},{"damage":22,"enemies":"Writhing Mass","floor":46,"turns":2},{"damage":16,"enemies":"Reptomancer","floor":47,"turns":3},{"damage":0,"enemies":"Jaw Worm Horde","floor":48,"turns":2},{"damage":8,"enemies":"3 Darklings","floor":49,"turns":2},{"damage":55,"enemies":"downfall:Silent","floor":50,"turns":5},{"damage":82,"enemies":"downfall:CharBossMerchant","floor":52,"turns":4},{"damage":200,"enemies":"downfall:NeowBoss","floor":55,"turns":17}],"seed_played":"47287617406403486","potions_obtained":[{"floor":6.0,"key":"Guardian:BlockOnCardUsePotion"},{"floor":9.0,"key":"champ:OpenerPotion"},{"floor":13.0,"key":"Energy Potion"},{"floor":19,"key":"Energy Potion"},{"floor":21,"key":"Fruit Juice"},{"floor":23,"key":"Dexterity Potion"},{"floor":29,"key":"Weak Potion"},{"floor":32,"key":"SteroidPotion"},{"floor":33,"key":"Dexterity Potion"},{"floor":36,"key":"DuplicationPotion"},{"floor":42,"key":"Block Potion"},{"floor":49,"key":"LiquidBronze"}],"is_trial":false,"path_per_floor":["R","M","?","?","M","M","T","M","E","T","?","R","E","$","M","B",null,"R","M","$","M","M","E","T","M","R","?","E","?","R","E","M","B",null,"R","M","$","?","$","?","T","M","M","E","R","M","E","M","M","B",null,"E","$","R","B",null],"character_chosen":"THE_CHAMP","items_purchased":["Ginger","expansioncontent:Flail","BargainBundle","War Paint","expansioncontent:DecasProtection","champ:RisingSlash","champ:DefensiveStyle","PreservedInsect","champ:RisingSlash","Nunchaku"],"campfire_rested":0,"item_purchase_floors":[14,20,37,37,37,37,37,39,53,53],"current_hp_per_floor":[90,76,54,45,45,45,45,45,32,32,32,32,30,30,30,24,90,90,86,90,79,91,70,70,82,82,82,86,87,97,105,105,105,105,105,105,105,105,105,88,88,85,80,98,98,98,98,98,105,69,105,84,84,84,64],"gold":71,"neow_bonus":"RANDOM_COMMON_RELIC","is_daily":false,"chose_seed":false,"campfire_upgraded":13,"win_rate":0.0,"timestamp":1608764484,"path_taken":["R","M","?","?","M","M","T","M","E","?","?","R","E","$","M","BOSS","R","M","?","?","M","E","T","M","R","?","E","?","R","E","M","BOSS","R","M","$","?","$","?","T","M","M","E","R","M","E","M","M","BOSS","E","$","R","BOSS"],"items_purchased_type":["Relic","Card","Relic","Relic","Card","Card","Card","Relic","Card","Relic"],"build_version":"2020-12-22","purchased_purges":1,"victory":true,"max_hp_per_floor":[90,90,90,90,90,90,90,90,90,90,90,90,90,90,90,90,90,90,90,90,95,95,95,95,95,95,95,95,95,105,105,105,105,105,105,105,105,105,105,105,105,105,105,105,105,105,105,105,105,105,105,105,105,105,105],"card_choices":[{"not_picked":["champ:RageSigil","champ:Backstep"],"picked":"champ:CrookedStrike","floor":2.0},{"not_picked":["champ:IronFortress","champ:BerserkersShout"],"picked":"champ:Balance","floor":3.0},{"not_picked":["champ:PerfectedStrike","champ:BladeFlurry"],"picked":"champ:SteelEdge","floor":3.0},{"not_picked":["champ:ShieldWall","champ:AdrenalArmor"],"picked":"champ:DefensiveShout","floor":5.0},{"not_picked":["champ:TornadoPunch","champ:BerserkersShout"],"picked":"champ:SwordSigil","floor":6.0},{"not_picked":["champ:RageSigil","champ:FightOn","champ:Encircle"],"picked":"SKIP","floor":8.0},{"not_picked":["champ:FaceSlap","champ:BerserkerStyle"],"picked":"champ:BringItOn","floor":9.0},{"not_picked":["champ:EnragedBash","champ:Backstep","champ:Balance"],"picked":"SKIP","floor":13.0},{"not_picked":["champ:AdrenalArmor","champ:DefensiveStyle","champ:BringItOn"],"picked":"SKIP","floor":14.0},{"not_picked":["champ:TornadoPunch","champ:ShieldSlam","champ:FaceSlap"],"picked":"SKIP","floor":15.0},{"not_picked":["champ:ShieldSlam","champ:SwordThrow"],"picked":"champ:VampiricStrike","floor":16.0},{"not_picked":["champ:BringItOn","champ:CrookedStrike","champ:FocusedGladiator+1"],"picked":"champ:TornadoPunch+1","floor":19},{"not_picked":["champ:Shatter","champ:HeavySlash","champ:Circumvent"],"picked":"champ:FocusedDefense","floor":20},{"not_picked":["champ:Haymaker","champ:GutPunch","champ:FaceSlap"],"picked":"champ:GladiatorsShout+1","floor":21},{"not_picked":["champ:Haymaker","champ:Backstep","champ:PreciseThrust"],"picked":"champ:Balance+1","floor":22},{"not_picked":["champ:AdrenalArmor+1","champ:RageSigil","champ:FightOn"],"picked":"champ:Duel","floor":23},{"not_picked":["champ:Shatter","champ:FlashCut","champ:Duel"],"picked":"champ:GutPunch+1","floor":25},{"not_picked":["champ:BladeFlurry","champ:AdrenalArmor","champ:Riposte"],"picked":"champ:DeathBlow+1","floor":28},{"not_picked":["champ:EnGarde","champ:LastStand","champ:BladeFlurry"],"picked":"champ:BringItOn","floor":29},{"not_picked":["champ:ShieldThrow","champ:GutPunch+1","champ:BladeFlurry"],"picked":"champ:FanOfKnives","floor":31},{"not_picked":["champ:Shatter","champ:BladeFlurry","champ:FocusedBerserking"],"picked":"champ:FocusedGladiator+1","floor":32},{"not_picked":["champ:ShieldSlam","champ:StrikeOfGenius","champ:LastStand"],"picked":"champ:DancingMaster","floor":33},{"not_picked":["champ:Circumvent","champ:FalseCounter+1","champ:CrookedStrike"],"picked":"champ:Aggression","floor":36},{"not_picked":["champ:TornadoPunch+1","champ:ShieldSigil","champ:EnragedBash"],"picked":"champ:Encircle+1","floor":37},{"not_picked":["expansioncontent:CaCaw","Replay:SS_hec_2","expansioncontent:Flail"],"picked":"expansioncontent:GuardianWhirl","floor":38},{"not_picked":["champ:FlashCut","champ:ShieldSigil+1","champ:Encircle"],"picked":"champ:SwordSigil","floor":40},{"not_picked":["champ:AdrenalArmor","champ:RapidStrikes+1","champ:FanOfKnives"],"picked":"champ:BerserkerStyle","floor":42},{"not_picked":["champ:FalseCounter+1","champ:FanOfKnives+1","champ:BerserkersShout+1"],"picked":"champ:Control","floor":43},{"not_picked":["champ:BerserkerStyle+1","champ:StrikeOfGenius","champ:RisingSlash+1","champ:Backstep+1"],"picked":"SKIP","floor":44},{"not_picked":["champ:BerserkerStyle+1","champ:StrikeOfGenius","champ:Backstep+1"],"picked":"champ:RisingSlash+1","floor":44},{"not_picked":["champ:PreciseThrust+1","champ:RageSigil+1","champ:BerserkersShout+1"],"picked":"champ:GladiatorStyle+1","floor":46},{"not_picked":["champ:Riposte+1","champ:BerserkersShout+1","champ:Shatter"],"picked":"champ:BerserkerStyle+1","floor":47},{"not_picked":["champ:Haymaker","champ:PerfectedStrike","champ:RageSigil+1"],"picked":"champ:GutPunch+1","floor":48},{"not_picked":["champ:Balance","champ:FlashCut","champ:AdrenalArmor","champ:Haymaker+1"],"picked":"SKIP","floor":49},{"not_picked":["champ:Backstep","champ:FlashCut+1","champ:Circumvent+1","champ:CrookedStrike"],"picked":"SKIP","floor":52}],"player_experience":357403,"relics_obtained":[{"floor":3.0,"key":"champ:FightingForDummies"},{"floor":7.0,"key":"Replay:WaspNest"},{"floor":9.0,"key":"Replay:Arrowhead"},{"floor":10.0,"key":"HornCleat"},{"floor":13.0,"key":"Du-Vu Doll"},{"floor":23,"key":"Guardian:PocketSentry"},{"floor":28,"key":"Replay:Mystery Machine"},{"floor":29,"key":"champ:BlackKnightHelmet"},{"floor":29,"key":"Letter Opener"},{"floor":31,"key":"Replay:Rubber Ducky"},{"floor":40,"key":"Replay:PocketPolymizer"},{"floor":41,"key":"Art of War"},{"floor":44,"key":"Guardian:GemstoneGun"},{"floor":47,"key":"Replay:Wax Seal"},{"floor":52,"key":"Bottled Flame"}],"event_choices":[{"cards_removed":["champ:Defend"],"damage_healed":0.0,"max_hp_gain":0.0,"max_hp_loss":0.0,"gold_gain":0.0,"event_name":"Bonfire Elementals","player_choice":"Offered Basic","floor":11.0,"gold_loss":0.0,"damage_taken":0.0}],"is_beta":false,"boss_relics":[{"not_picked":["Tiny House","Velvet Choker"],"picked":"Honey Jar"},{"not_picked":["Replay:Ancient Bell","Ring of Chaos"],"picked":"expansioncontent:StudyCardRelic"}],"items_purged_floors":[37],"is_endless":false,"potions_floor_spawned":[6,9,13,19,21,23,29,32,33,36,42,49,52],"ascension_level":1}}