{"host":"utqe55yv0jihe4d6","time":1608689112,"event":{"mods":["2.2 Compatiblity","AchievementEnabler","BaseMod","Block Reminder","Colored Map","Colored Powertips","Minty Spire (QoL Compilation)","Quick Restart","Rare Cards Sparkle","Relic Stats","SuperFastMode"],"gold_per_floor":[17,17,32,32,48,48,48,48],"floor_reached":7,"playtime":191,"items_purged":[],"score":82,"play_id":"f366b035-008a-4ce5-9071-1ec8ab80777f","local_time":"20201222210512","is_ascension_mode":true,"campfire_choices":[{"data":"Dagger Spray","floor":6,"key":"SMITH"}],"circlet_count":0,"master_deck":["AscendersBane","Strike_G","Strike_G","Strike_G","Strike_G","Strike_G","Defend_G","Defend_G","Defend_G","Defend_G","Defend_G","Survivor","Neutralize","Die Die Die","PiercingWail","Dagger Spray+1","Wraith Form v2"],"relics":["Ring of the Snake","Golden Idol","Ornamental Fan"],"acts_visited":["Exordium"],"potions_floor_usage":[],"damage_taken":[{"damage":0,"enemies":"2 Louse","floor":1,"turns":3},{"damage":0,"enemies":"Jaw Worm","floor":3,"turns":5},{"damage":0,"enemies":"Small Slimes","floor":5,"turns":3},{"damage":45,"enemies":"Lagavulin","floor":7,"turns":9}],"seed_played":"-7005541056076973059","potions_obtained":[{"floor":3,"key":"SmokeBomb"}],"is_trial":false,"path_per_floor":["M","?","M","?","M","R","E"],"character_chosen":"THE_SILENT","items_purchased":[],"campfire_rested":0,"item_purchase_floors":[],"current_hp_per_floor":[59,59,59,41,41,41,0,0],"gold":48,"neow_bonus":"THREE_RARE_CARDS","is_daily":false,"chose_seed":false,"campfire_upgraded":1,"win_rate":0.0,"timestamp":1608689112,"path_taken":["M","?","M","?","M","R","E"],"items_purchased_type":[],"build_version":"2020-12-13","purchased_purges":0,"victory":false,"max_hp_per_floor":[66,60,60,60,60,60,60,60],"relic_stats":{"counters":[4,20],"Golden Idol":6,"Ornamental Fan":[16],"obtain_stats":[{"Golden Idol":2,"Ornamental Fan":4,"Ring of the Snake":0},{"Golden Idol":1,"Ornamental Fan":2,"Ring of the Snake":0},{"Golden Idol":3,"Ornamental Fan":8,"Ring of the Snake":0}],"Ring of the Snake":[8]},"card_choices":[{"not_picked":["Malaise","Burst"],"picked":"Die Die Die","floor":0},{"not_picked":["Dodge and Roll","Deflect"],"picked":"PiercingWail","floor":1},{"not_picked":["Prepared","Underhanded Strike"],"picked":"Dagger Spray","floor":3},{"not_picked":["Backstab","Sucker Punch"],"picked":"Wraith Form v2","floor":5}],"player_experience":2835401,"relics_obtained":[],"event_choices":[{"damage_healed":0,"gold_gain":0,"player_choice":"Lose Max HP","damage_taken":0,"relics_obtained":["Golden Idol"],"max_hp_gain":0,"max_hp_loss":6,"event_name":"Golden Idol","floor":2,"gold_loss":0},{"damage_healed":0,"gold_gain":0,"player_choice":"Success","damage_taken":18,"relics_obtained":["Ornamental Fan"],"max_hp_gain":0,"max_hp_loss":0,"event_name":"Scrap Ooze","floor":4,"gold_loss":0}],"is_beta":false,"boss_relics":[],"items_purged_floors":[],"is_endless":false,"potions_floor_spawned":[3],"killed_by":"Lagavulin","ascension_level":20}}