{"host":"xko5sdb82mf02c09","time":1608742530,"event":{"mods":["AchievementEnabler","BaseMod","Colored Map","Minty Spire (QoL Compilation)","Quick Restart","StSLib","everything is the same but u backflip on backflip"],"gold_per_floor":[116,116,129,304,317,317,331,331,331,351,351,366,366,396,396,499,499,516,177,21,40,59,59,94,94,94,123,135,135,135,153,153,254,254,270,318,368,278,33,64,77,77,77,77,91,91,107,140,140,140,140,140,15,45,45],"floor_reached":56,"playtime":2646,"items_purged":["Defend_P","Defend_P","Defend_P"],"score":1810,"play_id":"2c896146-1e9c-4ad3-9bc2-b0fbbb5ec354","local_time":"20201224015530","is_ascension_mode":true,"campfire_choices":[{"data":"Tantrum","floor":6,"key":"SMITH"},{"data":"Eruption","floor":8,"key":"SMITH"},{"data":"Adaptation","floor":11,"key":"SMITH"},{"data":"TalkToTheHand","floor":15,"key":"SMITH"},{"data":"ForeignInfluence","floor":23,"key":"SMITH"},{"floor":25,"key":"RECALL"},{"data":"Vault","floor":32,"key":"SMITH"},{"data":"Vault","floor":42,"key":"SMITH"},{"data":"Scrawl","floor":44,"key":"SMITH"},{"data":"Indignation","floor":49,"key":"SMITH"},{"data":"Consecrate","floor":52,"key":"SMITH"}],"circlet_count":0,"master_deck":["Strike_P","Strike_P","Strike_P","Eruption+1","Vigilance","DeusExMachina","Indignation+1","Tantrum+1","Adaptation+1","TalkToTheHand+1","ForeignInfluence+1","Scrawl+1","Consecrate+1","MentalFortress+1","InnerPeace","Vault+1","EmptyBody","FearNoEvil","Vault+1","Adaptation+1","DeusExMachina"],"relics":["PureWater","NeowsBlessing","InkBottle","Spirit Poop","White Beast Statue","SacredBark","FossilizedHelix","Calipers","Blue Candle","Coffee Dripper","CloakClasp","Mango","Ancient Tea Set","Molten Egg 2","Darkstone Periapt","Thread and Needle"],"acts_visited":["Exordium","TheCity","TheBeyond","TheEnding"],"potions_floor_usage":[18,21,22,27,27,31,37,37,37,47,55],"damage_taken":[{"damage":0,"enemies":"2 Louse","floor":1,"turns":1},{"damage":0,"enemies":"Cultist","floor":3,"turns":1},{"damage":0,"enemies":"Jaw Worm","floor":5,"turns":1},{"damage":0,"enemies":"Large Slime","floor":7,"turns":2},{"damage":5,"enemies":"Red Slaver","floor":10,"turns":6},{"damage":6,"enemies":"Lots of Slimes","floor":12,"turns":3},{"damage":16,"enemies":"Gremlin Nob","floor":14,"turns":3},{"damage":0,"enemies":"Slime Boss","floor":16,"turns":3},{"damage":11,"enemies":"Shell Parasite","floor":18,"turns":2},{"damage":0,"enemies":"2 Thieves","floor":21,"turns":2},{"damage":0,"enemies":"3 Cultists","floor":22,"turns":3},{"damage":0,"enemies":"Book of Stabbing","floor":24,"turns":3},{"damage":0,"enemies":"Slavers","floor":27,"turns":3},{"damage":0,"enemies":"Cultist and Chosen","floor":28,"turns":3},{"damage":0,"enemies":"Centurion and Healer","floor":31,"turns":4},{"damage":0,"enemies":"Collector","floor":33,"turns":6},{"damage":0,"enemies":"Orb Walker","floor":35,"turns":2},{"damage":0,"enemies":"2 Orb Walkers","floor":36,"turns":3},{"damage":0,"enemies":"Mind Bloom Boss Battle","floor":37,"turns":5},{"damage":0,"enemies":"Nemesis","floor":40,"turns":8},{"damage":0,"enemies":"3 Darklings","floor":41,"turns":6},{"damage":0,"enemies":"Writhing Mass","floor":45,"turns":4},{"damage":0,"enemies":"Jaw Worm Horde","floor":47,"turns":3},{"damage":0,"enemies":"Giant Head","floor":48,"turns":2},{"damage":0,"enemies":"Time Eater","floor":50,"turns":7},{"damage":0,"enemies":"Shield and Spear","floor":54,"turns":2},{"damage":10,"enemies":"The Heart","floor":55,"turns":6}],"seed_played":"-5463328797007292789","potions_obtained":[{"floor":3,"key":"SmokeBomb"},{"floor":5,"key":"ColorlessPotion"},{"floor":12,"key":"PowerPotion"},{"floor":16,"key":"Fruit Juice"},{"floor":18,"key":"Explosive Potion"},{"floor":21,"key":"SkillPotion"},{"floor":22,"key":"BlessingOfTheForge"},{"floor":27,"key":"Block Potion"},{"floor":28,"key":"ColorlessPotion"},{"floor":31,"key":"LiquidMemories"},{"floor":35,"key":"SkillPotion"},{"floor":37,"key":"DuplicationPotion"},{"floor":40,"key":"Swift Potion"},{"floor":41,"key":"ColorlessPotion"},{"floor":47,"key":"Explosive Potion"},{"floor":48,"key":"PowerPotion"}],"is_trial":false,"path_per_floor":["M","?","M","?","M","R","M","R","T","M","R","M","?","E","R","B",null,"M","$","$","M","M","R","E","R","T","E","M","?","?","M","R","B",null,"M","?","?","?","$","E","M","R","T","R","M","?","M","E","R","B",null,"R","$","E","B",null],"character_chosen":"WATCHER","items_purchased":["MentalFortress","FossilizedHelix","InnerPeace","FearNoEvil","Vault"],"campfire_rested":0,"item_purchase_floors":[19,19,20,39,39],"current_hp_per_floor":[72,72,72,72,72,72,72,72,72,67,67,61,61,45,45,45,72,71,71,71,71,71,71,71,71,71,71,71,71,71,71,71,71,82,82,82,96,96,96,96,96,96,96,96,96,96,96,96,96,96,96,96,96,96,86],"gold":45,"neow_bonus":"THREE_ENEMY_KILL","is_daily":false,"chose_seed":false,"campfire_upgraded":10,"win_rate":0.0,"timestamp":1608742530,"path_taken":["M","?","?","?","M","R","M","R","T","M","R","M","?","E","R","BOSS","M","?","$","?","M","R","E","R","T","E","?","?","?","M","R","BOSS","M","?","?","?","$","E","M","R","T","R","?","?","?","E","R","BOSS","R","$","E","BOSS"],"items_purchased_type":["Card","Relic","Card","Card","Card"],"build_version":"2020-12-22","purchased_purges":3,"victory":true,"max_hp_per_floor":[72,72,72,72,72,72,72,72,72,72,72,72,72,72,72,72,72,82,82,82,82,82,82,82,82,82,82,82,82,82,82,82,82,82,82,82,96,96,96,96,96,96,96,96,96,96,96,96,96,96,96,96,96,96,96],"card_choices":[{"not_picked":["EmptyBody","SashWhip","Prostrate"],"picked":"SKIP","floor":1},{"not_picked":["SashWhip","JustLucky"],"picked":"Indignation","floor":3},{"not_picked":["Evaluate","JustLucky"],"picked":"Tantrum","floor":5},{"not_picked":["Crescendo","Wireheading","Study"],"picked":"SKIP","floor":7},{"not_picked":["FlurryOfBlows","PathToVictory"],"picked":"Adaptation","floor":10},{"not_picked":["FlyingSleeves","Fasting2"],"picked":"TalkToTheHand","floor":12},{"not_picked":["WheelKick","Blasphemy"],"picked":"ForeignInfluence","floor":14},{"not_picked":["Wish","SpiritShield"],"picked":"Scrawl","floor":16},{"not_picked":["FlyingSleeves","BowlingBash"],"picked":"Consecrate","floor":18},{"not_picked":["FlurryOfBlows+1","Worship+1","Consecrate"],"picked":"SKIP","floor":21},{"not_picked":["BowlingBash","PathToVictory","EmptyBody"],"picked":"SKIP","floor":22},{"not_picked":["Vengeance","DeceiveReality","FlyingSleeves"],"picked":"SKIP","floor":24},{"not_picked":["Nirvana","Halt","Prostrate"],"picked":"SKIP","floor":27},{"not_picked":["Vengeance+1","SandsOfTime+1","ReachHeaven+1"],"picked":"SKIP","floor":28},{"not_picked":["Consecrate","WindmillStrike","Crescendo"],"picked":"SKIP","floor":31},{"not_picked":["Crescendo+1","PathToVictory+1","SashWhip"],"picked":"SKIP","floor":35},{"not_picked":["ThirdEye+1","JustLucky"],"picked":"EmptyBody","floor":37},{"not_picked":["Prostrate","WreathOfFlame","SandsOfTime"],"picked":"SKIP","floor":40},{"not_picked":["SashWhip","Swivel+1"],"picked":"Adaptation+1","floor":41},{"not_picked":["JustLucky+1","ForeignInfluence","Evaluate"],"picked":"SKIP","floor":45},{"not_picked":["CrushJoints+1","Crescendo+1","Study+1"],"picked":"SKIP","floor":47},{"not_picked":["Judgement","BowlingBash+1","Adaptation"],"picked":"SKIP","floor":48},{"not_picked":["JustLucky+1","Prostrate+1","MentalFortress"],"picked":"SKIP","floor":54}],"player_experience":693313,"relics_obtained":[{"floor":9,"key":"InkBottle"},{"floor":14,"key":"White Beast Statue"},{"floor":24,"key":"Calipers"},{"floor":27,"key":"Blue Candle"},{"floor":36,"key":"CloakClasp"},{"floor":37,"key":"Mango"},{"floor":40,"key":"Ancient Tea Set"},{"floor":43,"key":"Molten Egg 2"},{"floor":48,"key":"Darkstone Periapt"},{"floor":54,"key":"Thread and Needle"}],"event_choices":[{"damage_healed":0,"gold_gain":0,"cards_transformed":["Strike_P"],"player_choice":"Transformed","damage_taken":0,"max_hp_gain":0,"max_hp_loss":0,"event_name":"Transmorgrifier","floor":2,"gold_loss":0,"cards_obtained":["DeusExMachina"]},{"damage_healed":0,"gold_gain":175,"player_choice":"AGREE","damage_taken":0,"max_hp_gain":0,"max_hp_loss":0,"event_name":"Liars Game","floor":4,"gold_loss":0,"cards_obtained":["Doubt"]},{"cards_removed":["Doubt"],"damage_healed":0,"gold_gain":0,"player_choice":"Offered Curse","damage_taken":0,"relics_obtained":["Spirit Poop"],"max_hp_gain":0,"max_hp_loss":0,"event_name":"Bonfire Elementals","floor":13,"gold_loss":0},{"damage_healed":0,"gold_gain":0,"player_choice":"Read","damage_taken":0,"max_hp_gain":0,"max_hp_loss":0,"event_name":"The Library","floor":29,"gold_loss":0,"cards_obtained":["Vault"]},{"damage_healed":0,"gold_gain":0,"player_choice":"0 cards matched","damage_taken":0,"max_hp_gain":0,"max_hp_loss":0,"event_name":"Match and Keep!","floor":30,"gold_loss":0,"cards_obtained":[]},{"damage_healed":0,"gold_gain":0,"player_choice":"Fight","damage_taken":0,"max_hp_gain":0,"max_hp_loss":0,"event_name":"Mysterious Sphere","floor":36,"gold_loss":0},{"damage_healed":0,"gold_gain":0,"player_choice":"Fight","damage_taken":0,"max_hp_gain":0,"max_hp_loss":0,"event_name":"MindBloom","floor":37,"gold_loss":0},{"cards_removed":["Defend_P"],"damage_healed":0,"gold_gain":0,"player_choice":"Upgrade and Remove","damage_taken":0,"max_hp_gain":0,"max_hp_loss":0,"event_name":"Designer","floor":38,"gold_loss":90,"cards_upgraded":["MentalFortress"]},{"damage_healed":0,"gold_gain":0,"player_choice":"1 cards matched","damage_taken":0,"max_hp_gain":0,"max_hp_loss":0,"event_name":"Match and Keep!","floor":46,"gold_loss":0,"cards_obtained":["DeusExMachina"]}],"is_beta":false,"boss_relics":[{"not_picked":["Black Star","Fusion Hammer"],"picked":"SacredBark"},{"not_picked":["Cursed Key","Snecko Eye"],"picked":"Coffee Dripper"}],"items_purged_floors":[20,39,53],"is_endless":false,"potions_floor_spawned":[3,5,12,16,18,21,22,24,27,28,31,33,35,36,37,40,41,45,47,48,54],"ascension_level":3}}