{"host":"m6aaltr68g9tvoay","time":1608709977,"event":{"mods":["AchievementEnabler","BaseMod","Colored Map","Minty Spire (QoL Compilation)","StSLib"],"gold_per_floor":[115,115,115,126,126,126,160,107,107,52,67,67,92,92,92,167,167,181,199,214,224,274,274,274,274,319,335,347,262,292,28,28,28,28],"floor_reached":33,"playtime":954,"items_purged":[],"score":546,"play_id":"c2b0f95e-5377-4be0-85e2-8a0b97045ffe","local_time":"20201222235257","is_ascension_mode":true,"campfire_choices":[{"data":"Static Discharge","floor":6,"key":"SMITH"},{"floor":12,"key":"DIG"},{"floor":15,"key":"REST"},{"floor":23,"key":"REST"},{"floor":25,"key":"REST"},{"floor":32,"key":"REST"}],"circlet_count":0,"master_deck":["AscendersBane","Strike_B","Strike_B","Strike_B","Defend_B","Defend_B","Defend_B","Defend_B","Zap","Dualcast","Go for the Eyes","Sweeping Beam","Static Discharge+1","Reinforced Body","Gash","Beam Cell","Gash","Conserve Battery","Skim","Biased Cognition","Gash","Static Discharge","Glacier+1","Decay","Sunder","Scrape","Core Surge"],"relics":["Cracked Core","NeowsBlessing","Mummified Hand","Shovel","Meat on the Bone","Kunai","Akabeko","SlaversCollar","Pen Nib","MawBank"],"acts_visited":["Exordium","TheCity"],"potions_floor_usage":[20,21,28,31,33],"damage_taken":[{"damage":0,"enemies":"Jaw Worm","floor":1,"turns":1},{"damage":0,"enemies":"Small Slimes","floor":4,"turns":1},{"damage":0,"enemies":"Lagavulin","floor":7,"turns":1},{"damage":1,"enemies":"Cultist","floor":11,"turns":3},{"damage":19,"enemies":"3 Sentries","floor":13,"turns":6},{"damage":21,"enemies":"Slime Boss","floor":16,"turns":9},{"damage":16,"enemies":"Spheric Guardian","floor":18,"turns":3},{"damage":5,"enemies":"3 Byrds","floor":19,"turns":2},{"damage":26,"enemies":"Sentry and Sphere","floor":20,"turns":4},{"damage":21,"enemies":"Snake Plant","floor":21,"turns":3},{"damage":23,"enemies":"Snecko","floor":27,"turns":6},{"damage":9,"enemies":"Centurion and Healer","floor":28,"turns":8},{"damage":21,"enemies":"Snake Plant","floor":30,"turns":2},{"damage":87,"enemies":"Collector","floor":33,"turns":6}],"seed_played":"6078685142525159859","potions_obtained":[{"floor":11,"key":"EssenceOfSteel"},{"floor":13,"key":"Weak Potion"},{"floor":20,"key":"Energy Potion"},{"floor":30,"key":"DistilledChaos"}],"is_trial":false,"path_per_floor":["M","?","?","M","T","R","E","$","T","$","M","R","E","?","R","B",null,"M","M","M","M","?","R","?","R","T","M","M","?","M","$","R","B"],"character_chosen":"DEFECT","items_purchased":["Gash","Beam Cell","Core Surge","Fruit Juice"],"campfire_rested":4,"item_purchase_floors":[8,10,31,31],"current_hp_per_floor":[64,64,64,64,64,64,64,64,64,64,63,63,44,44,65,44,64,48,43,29,20,20,41,41,62,62,39,42,42,33,38,60,0,0],"gold":28,"neow_bonus":"THREE_ENEMY_KILL","is_daily":false,"chose_seed":false,"campfire_upgraded":1,"win_rate":0.0,"timestamp":1608709977,"path_taken":["M","?","?","M","?","R","E","$","T","$","M","R","E","?","R","BOSS","M","M","M","M","?","R","?","R","T","M","M","?","?","$","R","BOSS"],"items_purchased_type":["Card","Card","Card","Potion"],"build_version":"2020-12-22","purchased_purges":0,"victory":false,"max_hp_per_floor":[71,71,71,71,71,71,71,71,71,71,71,71,71,71,71,71,71,71,71,71,71,71,71,71,71,71,71,71,71,71,76,76,76,76],"card_choices":[{"not_picked":["Coolheaded","Turbo"],"picked":"Go for the Eyes","floor":1},{"not_picked":["Conserve Battery","Coolheaded"],"picked":"Static Discharge","floor":4},{"not_picked":["Reprogram","Undo"],"picked":"Reinforced Body","floor":7},{"not_picked":["Aggregate","Coolheaded"],"picked":"Gash","floor":11},{"not_picked":["Stack","Skim"],"picked":"Conserve Battery","floor":13},{"not_picked":["Seek","Reboot"],"picked":"Biased Cognition","floor":16},{"not_picked":["Hologram","Sweeping Beam"],"picked":"Gash","floor":18},{"not_picked":["Darkness","Conserve Battery","Force Field"],"picked":"SKIP","floor":19},{"not_picked":["Blizzard","Compile Driver"],"picked":"Static Discharge","floor":20},{"not_picked":["Rip and Tear","Reprogram"],"picked":"Glacier+1","floor":21},{"not_picked":["Steam","Redo","Heatsinks"],"picked":"SKIP","floor":27},{"not_picked":["Fusion","Reprogram+1"],"picked":"Sunder","floor":28},{"not_picked":["Cold Snap","Go for the Eyes"],"picked":"Scrape","floor":30}],"player_experience":1296425,"relics_obtained":[{"floor":5,"key":"Mummified Hand"},{"floor":7,"key":"Shovel"},{"floor":9,"key":"Meat on the Bone"},{"floor":12,"key":"Kunai"},{"floor":13,"key":"Akabeko"},{"floor":26,"key":"Pen Nib"}],"event_choices":[{"damage_healed":0,"gold_gain":0,"player_choice":"Ignored","damage_taken":0,"max_hp_gain":0,"max_hp_loss":0,"event_name":"Shining Light","floor":2,"gold_loss":0},{"damage_healed":0,"gold_gain":0,"cards_transformed":["Strike_B"],"player_choice":"Change","damage_taken":0,"max_hp_gain":0,"max_hp_loss":0,"event_name":"Living Wall","floor":3,"gold_loss":0,"cards_obtained":["Sweeping Beam"]},{"damage_healed":0,"gold_gain":0,"player_choice":"1 cards matched","damage_taken":0,"max_hp_gain":0,"max_hp_loss":0,"event_name":"Match and Keep!","floor":14,"gold_loss":0,"cards_obtained":["Skim"]},{"damage_healed":0,"gold_gain":50,"player_choice":"Stole From Cult","damage_taken":0,"max_hp_gain":0,"max_hp_loss":0,"event_name":"Nest","floor":22,"gold_loss":0},{"damage_healed":0,"gold_gain":0,"player_choice":"Smashed Altar","damage_taken":0,"max_hp_gain":0,"max_hp_loss":0,"event_name":"Forgotten Altar","floor":24,"gold_loss":0,"cards_obtained":["Decay"]},{"damage_healed":0,"gold_gain":0,"player_choice":"Obtained Relic","damage_taken":0,"relics_obtained":["MawBank"],"max_hp_gain":0,"max_hp_loss":0,"event_name":"Addict","floor":29,"gold_loss":85}],"is_beta":false,"boss_relics":[{"not_picked":["Runic Dome","Snecko Eye"],"picked":"SlaversCollar"}],"items_purged_floors":[],"is_endless":false,"potions_floor_spawned":[11,13,16,20,30],"killed_by":"Collector","ascension_level":19}}