{"host":"er8s5flrc5z1a07t","time":1608763709,"event":{"mods":["2.2 Compatiblity","Act Like it!","Bard","BaseMod","Better Note","Better Third Choice","Downfall","Duelist Mod","Elementarium","Energized Spire","GifTheSpireLib","Hermit","Hubris","Infinite Spire","Minty Spire (QoL Compilation)","Relic Stats","Replay The Spire","Shop Mod","StSLib","Stuff the Spire","Synergy Search","The Cursed","The Disciple","The Mystic"],"gold_per_floor":[115,86,86,100,118,118,144,144,221,321,353,353,57,75,75,175,175,189,189,129,129],"floor_reached":20,"playtime":689,"items_purged":[],"score":236,"play_id":"ab6dff16-6758-4e27-b17e-d1b3885b4d5d","local_time":"20201223174829","is_ascension_mode":true,"campfire_choices":[{"data":"Blasphemy","floor":6,"key":"SMITH"},{"data":"ForeignInfluence","floor":8,"key":"SMITH"},{"data":"Worship","floor":12,"key":"SMITH"},{"data":"LikeWater","floor":15,"key":"SMITH"}],"circlet_count":0,"master_deck":["Strike_P","Strike_P","Strike_P","Defend_P","Defend_P","Defend_P","Eruption","Vigilance","Blasphemy+1","CutThroughFate","ForeignInfluence+1","Steam","CrushJoints","SandsOfTime","Establishment","Worship+1","LikeWater+1","Vault","CurseOfTheBell","WheelKick+1","expansioncontent:DonusPower"],"relics":["PureWater","betterThird:SlimedRelic","Strawberry","Mirror","Girya","infinitespire:Lychee Nut","Calling Bell","infinitespire:Satchel","Kunai","Torii"],"acts_visited":["Exordium","TheCity"],"potions_floor_usage":[],"damage_taken":[{"damage":0,"enemies":"2 Louse","floor":1,"turns":3},{"damage":10,"enemies":"Small Slimes","floor":4,"turns":4},{"damage":0,"enemies":"infinitespire:Voidling","floor":5,"turns":2},{"damage":17,"enemies":"3 Sentries","floor":7,"turns":6},{"damage":4,"enemies":"Lagavulin","floor":11,"turns":4},{"damage":18,"enemies":"Exordium Wildlife","floor":14,"turns":5},{"damage":15,"enemies":"Slime Boss","floor":16,"turns":5},{"damage":29,"enemies":"3 Byrds","floor":18,"turns":4},{"damage":24,"enemies":"2 Thieves","floor":20,"turns":2}],"seed_played":"4024666814689957840","potions_obtained":[{"floor":4,"key":"FearPotion"},{"floor":7,"key":"champ:CounterPotion"},{"floor":14,"key":"sneckomod:MuddlingPotion"}],"is_trial":false,"path_per_floor":["M","?","?","M","M","R","E","R","T","?","E","R","$","M","R","B",null,"M","?","M"],"character_chosen":"WATCHER","items_purchased":["infinitespire:Lychee Nut"],"campfire_rested":0,"item_purchase_floors":[13],"current_hp_per_floor":[72,61,61,51,51,51,41,41,41,41,37,37,37,25,25,16,59,31,19,0,0],"gold":129,"neow_bonus":"ONE_RANDOM_RARE_CARD","is_daily":false,"chose_seed":false,"campfire_upgraded":4,"win_rate":0.0,"timestamp":1608763709,"path_taken":["M","?","?","M","M","R","E","R","T","?","E","R","$","?","R","BOSS","M","?","?"],"items_purchased_type":["Relic"],"build_version":"2020-12-22","purchased_purges":0,"victory":false,"max_hp_per_floor":[72,72,72,72,72,72,79,79,79,79,79,79,59,59,59,59,59,59,59,59,59],"relic_stats":{"Torii":10,"counters":[9,35],"Kunai":[1],"obtain_stats":[{"Calling Bell":17,"Girya":11,"Torii":17,"infinitespire:Lychee Nut":13,"betterThird:SlimedRelic":2,"Strawberry":7,"infinitespire:Satchel":17,"Kunai":17,"PureWater":0,"Mirror":9},{"Calling Bell":7,"Girya":5,"Torii":7,"infinitespire:Lychee Nut":5,"betterThird:SlimedRelic":1,"Strawberry":4,"infinitespire:Satchel":7,"Kunai":7,"PureWater":0,"Mirror":4},{"Calling Bell":29,"Girya":19,"Torii":29,"infinitespire:Lychee Nut":19,"betterThird:SlimedRelic":3,"Strawberry":15,"infinitespire:Satchel":29,"Kunai":29,"PureWater":0,"Mirror":15}]},"card_choices":[{"not_picked":["FlurryOfBlows","FlyingSleeves"],"picked":"CutThroughFate","floor":1},{"not_picked":["Devotion","Replay:ManipulateFuture"],"picked":"CrushJoints","floor":4},{"not_picked":["BattleHymn","Prostrate"],"picked":"SandsOfTime","floor":5},{"not_picked":["Halt","BowlingBash"],"picked":"Establishment","floor":7},{"not_picked":["CrushJoints","Halt"],"picked":"Worship","floor":11},{"not_picked":["Prostrate","SashWhip"],"picked":"LikeWater","floor":14},{"not_picked":["Judgement","Omniscience"],"picked":"Vault","floor":16},{"not_picked":["Halt+1","JustLucky"],"picked":"WheelKick+1","floor":18}],"player_experience":1164287,"relics_obtained":[{"floor":7,"key":"Strawberry"},{"floor":9,"key":"Mirror"},{"floor":11,"key":"Girya"},{"floor":17,"key":"infinitespire:Satchel"},{"floor":17,"key":"Kunai"},{"floor":17,"key":"Torii"}],"event_choices":[{"damage_healed":0,"gold_gain":0,"player_choice":"Slimed","damage_taken":11,"max_hp_gain":0,"max_hp_loss":0,"event_name":"betterThird:BetterGoop","floor":2,"gold_loss":29},{"damage_healed":0,"gold_gain":100,"player_choice":"Pray","damage_taken":0,"max_hp_gain":0,"max_hp_loss":0,"event_name":"Golden Shrine","floor":10,"gold_loss":0},{"damage_healed":0,"gold_gain":0,"player_choice":"CARD ","damage_taken":12,"max_hp_gain":0,"max_hp_loss":0,"event_name":"Knowing Skull","floor":19,"potions_obtained":[],"gold_loss":0,"cards_obtained":["expansioncontent:DonusPower"]}],"is_beta":false,"boss_relics":[{"not_picked":["VioletLotus","energizedSpire:StickyHand"],"picked":"Calling Bell"}],"items_purged_floors":[],"is_endless":false,"potions_floor_spawned":[4,7,14],"killed_by":"2 Thieves","ascension_level":3}}