{"host":"w4b7hmige5bnqipq","time":1608732255,"event":{"mods":["BaseMod","Minty Spire (QoL Compilation)","Rare Cards Sparkle","SuperFastMode","everything is the same but u backflip on backflip","slay the spire mod where everything is the same but ironclad has a cowboy hat"],"gold_per_floor":[129,129,214,269,358,358,433,443,470,502,253,292,387,447,447,447,447],"floor_reached":16,"playtime":604,"items_purged":["Strike_R"],"score":236,"play_id":"c3b144e3-5ec2-47d9-ba48-c939bdc4327d","local_time":"20201223230415","is_ascension_mode":true,"campfire_choices":[{"data":"HandOfGreed","floor":6,"key":"SMITH"},{"floor":15,"key":"REST"}],"circlet_count":0,"master_deck":["AscendersBane","Strike_R","Strike_R","Strike_R","Strike_R","Defend_R","Defend_R","Defend_R","Defend_R","Bash","HandOfGreed+1","Body Slam","Evolve","Reckless Charge","Entrench","Wild Strike","Second Wind","Sentinel"],"relics":["Burning Blood","SsserpentHead","Art of War","Centennial Puzzle","PreservedInsect","Oddly Smooth Stone","Toy Ornithopter"],"acts_visited":["Exordium"],"potions_floor_usage":[7,10,10,10,13,14,16],"damage_taken":[{"damage":7,"enemies":"Jaw Worm","floor":1,"turns":3},{"damage":0,"enemies":"Cultist","floor":3,"turns":3},{"damage":8,"enemies":"2 Louse","floor":4,"turns":5},{"damage":27,"enemies":"Large Slime","floor":5,"turns":6},{"damage":22,"enemies":"3 Sentries","floor":7,"turns":8},{"damage":12,"enemies":"Looter","floor":8,"turns":3},{"damage":8,"enemies":"Gremlin Nob","floor":10,"turns":3},{"damage":24,"enemies":"Exordium Wildlife","floor":12,"turns":5},{"damage":8,"enemies":"3 Louse","floor":13,"turns":6},{"damage":16,"enemies":"Lagavulin","floor":14,"turns":6},{"damage":42,"enemies":"Slime Boss","floor":16,"turns":8}],"seed_played":"-4277132533751095043","potions_obtained":[{"floor":4,"key":"BloodPotion"},{"floor":5,"key":"BlessingOfTheForge"},{"floor":7,"key":"EntropicBrew"},{"floor":12,"key":"Swift Potion"},{"floor":14,"key":"Explosive Potion"}],"is_trial":false,"path_per_floor":["M","?","M","M","M","R","E","M","T","E","$","M","M","E","R","B"],"character_chosen":"IRONCLAD","items_purchased":["Oddly Smooth Stone","BloodPotion"],"campfire_rested":1,"item_purchase_floors":[11,11],"current_hp_per_floor":[67,67,68,66,45,45,29,23,23,34,34,16,14,17,37,0,0],"gold":447,"neow_bonus":"RANDOM_COLORLESS_2","is_daily":false,"chose_seed":false,"campfire_upgraded":1,"win_rate":0.0,"timestamp":1608732255,"path_taken":["M","?","?","M","?","R","E","M","T","E","?","M","M","E","R","BOSS"],"items_purchased_type":["Relic","Potion"],"build_version":"2020-12-22","purchased_purges":1,"victory":false,"max_hp_per_floor":[68,68,68,68,68,68,68,68,68,68,68,68,68,68,68,68,68],"card_choices":[{"not_picked":["Mayhem","Thinking Ahead"],"picked":"HandOfGreed","floor":0},{"not_picked":["Flex","Dark Embrace","Spot Weakness"],"picked":"SKIP","floor":1},{"not_picked":["Twin Strike","Iron Wave"],"picked":"Body Slam","floor":3},{"not_picked":["Armaments","Body Slam"],"picked":"Evolve","floor":4},{"not_picked":["Flame Barrier","Thunderclap","Headbutt"],"picked":"SKIP","floor":5},{"not_picked":["Fire Breathing","Reaper"],"picked":"Reckless Charge","floor":7},{"not_picked":["Heavy Blade","Spot Weakness"],"picked":"Entrench","floor":8},{"not_picked":["Brutality","Demon Form"],"picked":"Wild Strike","floor":10},{"not_picked":["Uppercut","Wild Strike","Reckless Charge"],"picked":"SKIP","floor":12},{"not_picked":["Combust","Intimidate"],"picked":"Second Wind","floor":13},{"not_picked":["Iron Wave","Havoc"],"picked":"Sentinel","floor":14}],"player_experience":420367,"relics_obtained":[{"floor":7,"key":"Art of War"},{"floor":9,"key":"Centennial Puzzle"},{"floor":10,"key":"PreservedInsect"},{"floor":14,"key":"Toy Ornithopter"}],"event_choices":[{"damage_healed":0,"gold_gain":0,"player_choice":"Trade","damage_taken":0,"relics_obtained":["SsserpentHead"],"max_hp_gain":0,"max_hp_loss":0,"event_name":"FaceTrader","floor":2,"gold_loss":0}],"is_beta":false,"boss_relics":[],"items_purged_floors":[11],"is_endless":false,"potions_floor_spawned":[4,5,7,12,14],"killed_by":"Slime Boss","ascension_level":18}}