{"host":"7t8rqoeeopyy0nh0","time":1608747897,"event":{"mods":["AchievementEnabler","BaseMod","Better Third Choice","BetterRewards","Colored Map","Colored Powertips","Downfall","Hubris","Infinite Spire","Marisa????????","Minty Spire (QoL Compilation)","Replay The Spire","StSLib","The Animator","The Construct","The Cursed","The Hierophant"],"gold_per_floor":[113,138,167,191,202,190,190],"floor_reached":6,"playtime":513,"items_purged":[],"score":40,"play_id":"7e77c2be-4d5c-4c1d-9876-c495e68c04dc","local_time":"20201223132457","is_ascension_mode":false,"campfire_choices":[],"circlet_count":0,"master_deck":["hierophant:Strike_Hierophant","hierophant:Strike_Hierophant","hierophant:Strike_Hierophant","hierophant:Strike_Hierophant","hierophant:Punish","hierophant:Defend_Hierophant","hierophant:Defend_Hierophant","hierophant:Defend_Hierophant","hierophant:Defend_Hierophant","hierophant:ChurchCoffers","hierophant:ThreeLashes","hierophant:Sermon","hierophant:CoinFling","hierophant:Doubloon","Dark Shackles","hierophant:Smite","hierophant:Doubloon","hierophant:Remorse","hierophant:Community","hierophant:EyeForCoin","hierophant:Doubloon","hierophant:SecretStash"],"relics":["hierophant:PropheticMaskRelic","infinitespire:Joker Card","infinitespire:CheckeredPen"],"acts_visited":["Exordium"],"potions_floor_usage":[5,5],"damage_taken":[{"damage":0,"enemies":"Jaw Worm","floor":1,"turns":3},{"damage":2,"enemies":"Small Slimes","floor":2,"turns":3},{"damage":0,"enemies":"Cultist","floor":3,"turns":3},{"damage":7,"enemies":"Exordium Thugs","floor":4,"turns":4},{"damage":10,"enemies":"Large Slime","floor":5,"turns":4},{"damage":6,"enemies":"Gremlin Nob","floor":6,"turns":3}],"seed_played":"3206547118361482893","potions_obtained":[{"floor":2,"key":"ColorlessPotion"},{"floor":4,"key":"SmokeBomb"}],"is_trial":false,"path_per_floor":["M","M","M","M","M","E"],"character_chosen":"HIEROPHANT","items_purchased":["hierophant:ThreeLashes","infinitespire:Joker Card","infinitespire:CheckeredPen","hierophant:Sermon","hierophant:CoinFling","PowerPotion"],"campfire_rested":0,"item_purchase_floors":[0,0,0,0,0,0],"current_hp_per_floor":[40,38,38,31,21,15,15],"gold":190,"neow_bonus":"","is_daily":false,"chose_seed":false,"campfire_upgraded":0,"win_rate":0.0,"timestamp":1608747897,"path_taken":["M","M","M","M","M","E"],"items_purchased_type":["Card","Relic","Relic","Card","Card","Potion"],"build_version":"2020-12-22","purchased_purges":0,"victory":false,"max_hp_per_floor":[75,75,75,75,75,75,75],"card_choices":[{"not_picked":["hierophant:Alms","hierophant:Purify"],"picked":"hierophant:Smite","floor":1},{"not_picked":["hierophant:Purify","hierophant:Upheaval"],"picked":"hierophant:Remorse","floor":2},{"not_picked":["hierophant:PristineSoul","hierophant:SealAway"],"picked":"hierophant:Community","floor":3},{"not_picked":["hierophant:SecretStash","hierophant:MorningPrayer"],"picked":"hierophant:EyeForCoin","floor":4},{"not_picked":["hierophant:DisplayOfPower","hierophant:AuricShield"],"picked":"hierophant:SecretStash","floor":5}],"player_experience":368991,"relics_obtained":[],"event_choices":[],"is_beta":false,"boss_relics":[],"items_purged_floors":[],"is_endless":false,"potions_floor_spawned":[2,4],"killed_by":"Gremlin Nob","ascension_level":0}}