{"host":"kiauivt48syq9iz6","time":1608706380,"event":{"mods":["BaseMod","Conspire","Downfall","Hermit","Minty Spire (QoL Compilation)","Replay The Spire","SIMod","StSLib","The Animator","The Construct","The Cursed","The Runesmith","The Servant 0.9.4"],"gold_per_floor":[113,113,124,37,37,37,37,37,85,12,12,26,36,52,52,152,152,164,263,213,34,70,70,73,73],"floor_reached":24,"playtime":962,"items_purged":["Louder"],"score":284,"play_id":"70543c55-7e5d-4ccd-9119-cf099524655e","local_time":"20201222235300","is_ascension_mode":false,"campfire_choices":[{"floor":6,"key":"REST"},{"data":"hermit:Showdown","floor":8,"key":"SMITH"},{"data":"hermit:Combo","floor":11,"key":"SMITH"},{"data":"Toxin Wave","floor":15,"key":"SMITH"},{"floor":23,"key":"REST"}],"circlet_count":0,"master_deck":["hermit:Strike_Hermit","hermit:Strike_Hermit","hermit:Strike_Hermit","hermit:Strike_Hermit","hermit:Defend_Hermit","hermit:Defend_Hermit","hermit:Defend_Hermit","hermit:Defend_Hermit","hermit:Snapshot","hermit:Covet","Trip","hermit:Showdown+1","hermit:Determination","hermit:Determination","hermit:Dive","Slimebound:Icky","Regret","hermit:Combo+1","Toxin Wave+1","champ:IgnorePain","Parasite","Decay","Spreading Infection","hermit:Manifest+1","conspire:SpireCoStock","hermit:FullyLoaded","hermit:Brawl","WaveOfTheHand"],"relics":["hermit:Momento","FaceOfCleric","PrismaticShard","Replay:Bottled Steam","Bag of Preparation","Replay:Ancient Bell","Pet Ghost","conspire:DeflatedDodgeball","Gambling Chip"],"acts_visited":["Exordium","TheCity"],"potions_floor_usage":[14,22,24],"damage_taken":[{"damage":11,"enemies":"Jaw Worm","floor":1,"turns":4},{"damage":6,"enemies":"Cultist","floor":3,"turns":3},{"damage":0,"enemies":"2 Louse","floor":12,"turns":3},{"damage":2,"enemies":"2 Fungi Beasts","floor":13,"turns":4},{"damage":9,"enemies":"Exordium Wildlife","floor":14,"turns":3},{"damage":52,"enemies":"Fading Forest","floor":16,"turns":11},{"damage":30,"enemies":"Spheric Guardian","floor":18,"turns":6},{"damage":40,"enemies":"3 Byrds","floor":22,"turns":8},{"damage":42,"enemies":"Sentry and Sphere","floor":24,"turns":6}],"seed_played":"4556475263868063958","potions_obtained":[{"floor":13,"key":"Adrenaline Potion"},{"floor":18,"key":"sneckomod:MuddlingPotion"},{"floor":22,"key":"Strength Potion"}],"is_trial":false,"path_per_floor":["M","?","M","$","?","R","?","R","T","$","R","M","M","M","R","B",null,"M","?","?","$","M","R","M"],"character_chosen":"HERMIT","items_purchased":["hermit:Determination","hermit:Dive","hermit:Combo","hermit:FullyLoaded","hermit:Brawl"],"campfire_rested":2,"item_purchase_floors":[4,4,10,21,21],"current_hp_per_floor":[64,64,59,59,59,76,76,76,76,76,76,77,76,68,68,39,80,51,51,51,51,12,36,0,0],"gold":73,"neow_bonus":"RANDOM_COLORLESS","is_daily":false,"chose_seed":false,"campfire_upgraded":3,"win_rate":0.0,"timestamp":1608706380,"path_taken":["M","?","M","?","?","R","?","R","T","$","R","M","?","M","R","BOSS","M","?","?","$","M","R","M"],"items_purchased_type":["Card","Card","Card","Card","Card"],"build_version":"2020-12-22","purchased_purges":1,"victory":false,"max_hp_per_floor":[75,75,76,76,76,76,76,76,76,76,76,77,78,79,79,80,80,81,81,81,81,82,82,82,82],"card_choices":[{"not_picked":["Replay:SS_fish_1","Enlightenment"],"picked":"Trip","floor":0},{"not_picked":["hermit:FlashPowder","hermit:Virtue"],"picked":"hermit:Showdown","floor":1},{"not_picked":["hermit:Grudge","hermit:HighCaliber"],"picked":"hermit:Determination","floor":3},{"not_picked":["Glacier","True Grit"],"picked":"Louder","floor":12},{"not_picked":["construct:FocusedBeam","Blade Dance"],"picked":"Toxin Wave","floor":13},{"not_picked":["Body Slam","sneckomod:UnknownClassSILVER","animator:ShinjiMatou"],"picked":"SKIP","floor":14},{"not_picked":["animator:Saitama","Guardian:ExploitGems"],"picked":"champ:IgnorePain","floor":16},{"not_picked":["Sickly","conspire:NecroticWound"],"picked":"Parasite","floor":17},{"not_picked":["ReplayTheSpireMod:Doomed","Parasite"],"picked":"Decay","floor":17},{"not_picked":["conspire:NecroticWound","Amnesia"],"picked":"Spreading Infection","floor":17},{"not_picked":["Slimebound:GoopTackle","Warcry+1"],"picked":"hermit:Manifest+1","floor":18},{"not_picked":["animator:DolaCouronne","animator:Hitei"],"picked":"WaveOfTheHand","floor":22}],"player_experience":3073,"relics_obtained":[{"floor":9,"key":"Bag of Preparation"}],"event_choices":[{"damage_healed":0,"gold_gain":0,"player_choice":"Trade","damage_taken":0,"relics_obtained":["FaceOfCleric"],"max_hp_gain":0,"max_hp_loss":0,"event_name":"FaceTrader","floor":2,"gold_loss":0},{"damage_healed":0,"gold_gain":0,"player_choice":"Box","damage_taken":0,"relics_obtained":["Replay:Bottled Steam"],"max_hp_gain":0,"max_hp_loss":0,"event_name":"Big Fish","floor":7,"gold_loss":0,"cards_obtained":["Regret"]},{"damage_healed":0,"gold_gain":99,"player_choice":"Stole From Cult","damage_taken":0,"max_hp_gain":0,"max_hp_loss":0,"event_name":"Nest","floor":19,"gold_loss":0},{"damage_healed":0,"gold_gain":0,"player_choice":"Invest 1","damage_taken":0,"max_hp_gain":0,"max_hp_loss":0,"event_name":"conspire:Investor","floor":20,"gold_loss":0}],"is_beta":false,"boss_relics":[{"not_picked":["Tiny House","Ectoplasm"],"picked":"Replay:Ancient Bell"},{"not_picked":["Runesmith:AutoHammer","Juzu Bracelet"],"picked":"Pet Ghost"},{"not_picked":["Shuriken","conspire:Flyswatter"],"picked":"conspire:DeflatedDodgeball"},{"not_picked":["Thread and Needle","Torii"],"picked":"Gambling Chip"}],"items_purged_floors":[21],"is_endless":false,"potions_floor_spawned":[13,18,22],"killed_by":"Sentry and Sphere","ascension_level":0}}