{"host":"sdjng9zhqonqi3uc","time":1608738842,"event":{"mods":["2.2 Compatiblity","AchievementEnabler","BaseMod","BetterRewards","Colored Powertips","Hero for Fun","Minty Spire (QoL Compilation)","StSLib","Td1madao Mod","The Animator","The Cursed","The Servant 0.9.4"],"gold_per_floor":[119,194,3,20,33,63,63,74,153,166,166,184,184,204,204,305,305,325,325,341,341,440,470,470,501,524,540,540,559,573,20,20,116,116,131,144,154,9,9,37,37,55,55,68,84,84,84,84,84,84,84],"floor_reached":50,"playtime":2991,"items_purged":[],"score":591,"play_id":"fc8fb5ab-1118-4871-b3f2-cd009dc6da28","local_time":"20201223165402","is_ascension_mode":false,"campfire_choices":[{"data":"TheCursedMod:AntiAging","floor":7,"key":"SMITH"},{"data":"TheCursedMod:Torture","floor":15,"key":"SMITH"},{"data":"1","floor":24,"key":"LIFT"},{"floor":28,"key":"REST"},{"data":"2","floor":32,"key":"LIFT"},{"data":"3","floor":41,"key":"LIFT"},{"floor":46,"key":"REST"},{"floor":49,"key":"RECALL"}],"circlet_count":0,"master_deck":["TheCursedMod:CursedWand+1","TheCursedMod:CleanUpWorkshop+1","TheCursedMod:Dregs","Shame","TheCursedMod:Torture+1","TheCursedMod:AntiAging+1","TheCursedMod:Stigma+1","TheCursedMod:LuckyCharm+1","TheCursedMod:CursedStaff+1","TheCursedMod:WearCloak+1","TheCursedMod:VitalStrike+1","TheCursedMod:SpreadPlague+1","TheCursedMod:SpitefulStrike+1","TheCursedMod:ManaBullet+1","TheCursedMod:DoubleShield+1","TheCursedMod:ReleasedKnowledge+1","TheCursedMod:StingEye+1","TheCursedMod:SpitefulPlan+1","TheCursedMod:HellfireBreathing+1","TheCursedMod:CircleOfFlame+1","TheCursedMod:DoubleShield+1","TheCursedMod:CursedBoomerang+1","TheCursedMod:VoidForm+1","TheCursedMod:HellsGateOpen+1","TheCursedMod:CircleOfCorruption+1","TheCursedMod:CursedRelics+1","TheCursedMod:EmpowerCircles+1","TheCursedMod:SurpriseAttack+1","TheCursedMod:DemonicPact+1","TheCursedMod:Mangle+1","TheCursedMod:Hemoplague+1","Parasite"],"relics":["TheCursedMod:BlackMagic101","MealTicket","Ginger","HornCleat","Bronze Scales","Astrolabe","Girya","Tiny Chest","PreservedInsect","Meat on the Bone","OrangePellets","Pen Nib","Black Star","Potion Belt","White Beast Statue","Mercury Hourglass","Mark of the Bloom"],"acts_visited":["Exordium","TheCity","TheBeyond"],"potions_floor_usage":[6,6,23,23,27,27,33,40,42,45,45,50,50],"damage_taken":[{"damage":5,"enemies":"Small Slimes","floor":1,"turns":5},{"damage":1,"enemies":"Cultist","floor":4,"turns":4},{"damage":1,"enemies":"2 Louse","floor":5,"turns":3},{"damage":14,"enemies":"Lagavulin","floor":6,"turns":6},{"damage":4,"enemies":"Looter","floor":8,"turns":4},{"damage":4,"enemies":"Gremlin Gang","floor":10,"turns":4},{"damage":10,"enemies":"Large Slime","floor":12,"turns":6},{"damage":0,"enemies":"Blue Slaver","floor":14,"turns":3},{"damage":20,"enemies":"Hexaghost","floor":16,"turns":7},{"damage":7,"enemies":"Chosen","floor":18,"turns":4},{"damage":12,"enemies":"3 Byrds","floor":20,"turns":1},{"damage":0,"enemies":"Gremlin Leader","floor":23,"turns":4},{"damage":76,"enemies":"Slavers","floor":25,"turns":5},{"damage":0,"enemies":"Snecko","floor":27,"turns":3},{"damage":0,"enemies":"Snake Plant","floor":29,"turns":3},{"damage":2,"enemies":"Centurion and Healer","floor":30,"turns":6},{"damage":24,"enemies":"Collector","floor":33,"turns":7},{"damage":11,"enemies":"Orb Walker","floor":35,"turns":5},{"damage":32,"enemies":"3 Shapes","floor":36,"turns":3},{"damage":27,"enemies":"Jaw Worm Horde","floor":37,"turns":5},{"damage":45,"enemies":"Reptomancer","floor":40,"turns":4},{"damage":14,"enemies":"Maw","floor":42,"turns":6},{"damage":12,"enemies":"3 Darklings","floor":44,"turns":4},{"damage":22,"enemies":"Writhing Mass","floor":45,"turns":5},{"damage":50,"enemies":"Donu and Deca","floor":50,"turns":4}],"seed_played":"-6270128893415203234","potions_obtained":[{"floor":1,"key":"SkillPotion"},{"floor":5,"key":"SkillPotion"},{"floor":6,"key":"FearPotion"},{"floor":14,"key":"SteroidPotion"},{"floor":16,"key":"AttackPotion"},{"floor":18,"key":"Strength Potion"},{"floor":25,"key":"Dexterity Potion"},{"floor":29,"key":"SpeedPotion"},{"floor":33,"key":"SmokeBomb"},{"floor":36,"key":"Weak Potion"},{"floor":37,"key":"PowerPotion"},{"floor":40,"key":"SneckoOil"},{"floor":42,"key":"Weak Potion"},{"floor":44,"key":"Dexterity Potion"},{"floor":45,"key":"Explosive Potion"}],"is_trial":false,"path_per_floor":["M","?","$","M","M","E","R","M","T","M","?","M","?","M","R","B",null,"M","?","M","?","?","E","R","E","T","M","R","M","M","$","R","B",null,"M","M","M","$","?","E","R","M","T","M","M","R","?","?","R","B"],"character_chosen":"THE_CURSED","items_purchased":["TheCursedMod:LuckyCharm","MealTicket","Meat on the Bone","OrangePellets","Pen Nib","TheCursedMod:DemonicPact"],"campfire_rested":2,"item_purchase_floors":[3,3,31,31,31,38],"current_hp_per_floor":[72,61,61,62,63,51,51,50,50,49,42,35,35,35,35,18,95,91,91,79,79,79,79,79,3,3,3,32,32,30,45,45,33,98,90,61,46,61,61,28,28,26,26,26,16,47,47,47,47,0,0],"gold":84,"neow_bonus":"TRANSFORM_TWO_CARDS","is_daily":false,"chose_seed":false,"campfire_upgraded":2,"win_rate":0.0,"timestamp":1608738842,"path_taken":["M","?","$","M","M","E","R","M","T","M","?","M","?","?","R","BOSS","M","?","M","?","?","E","R","E","T","M","R","M","M","$","R","BOSS","M","M","M","$","?","E","R","M","T","M","M","R","?","?","R","BOSS"],"items_purchased_type":["Card","Relic","Relic","Relic","Relic","Card"],"build_version":"2020-12-22","purchased_purges":0,"victory":false,"max_hp_per_floor":[77,77,77,79,81,83,83,86,86,89,89,92,92,92,92,95,95,98,98,98,98,98,98,98,98,98,98,98,98,98,98,98,98,98,101,104,104,104,104,104,104,104,104,104,104,104,104,114,114,117,117],"card_choices":[{"not_picked":["TheCursedMod:ManaBullet","TheCursedMod:TacticalStrike"],"picked":"TheCursedMod:Stigma","floor":1},{"not_picked":["TheCursedMod:SpreadPlague","TheCursedMod:TacticalStrike"],"picked":"TheCursedMod:CursedStaff","floor":4},{"not_picked":["TheCursedMod:SoulCrush","TheCursedMod:RavingStaff"],"picked":"TheCursedMod:WearCloak","floor":5},{"not_picked":["TheCursedMod:CursedShiv","TheCursedMod:CursedArmor"],"picked":"TheCursedMod:VitalStrike","floor":6},{"not_picked":["TheCursedMod:CircleOfFlame","TheCursedMod:SurpriseAttack"],"picked":"TheCursedMod:SpreadPlague","floor":8},{"not_picked":["TheCursedMod:StingEye","TheCursedMod:LuckyCharm"],"picked":"TheCursedMod:SpitefulStrike","floor":10},{"not_picked":["TheCursedMod:SurpriseAttack","TheCursedMod:LuckyCharm","TheCursedMod:CircleOfFocus"],"picked":"SKIP","floor":12},{"not_picked":["TheCursedMod:Evocation","TheCursedMod:LuckyCharm"],"picked":"TheCursedMod:ManaBullet","floor":14},{"not_picked":["TheCursedMod:ForbiddenAlchemy","TheCursedMod:CircleOfAbyss"],"picked":"TheCursedMod:ShockAndAwe","floor":16},{"not_picked":["TheCursedMod:Torture","TheCursedMod:VitalStrike+1"],"picked":"TheCursedMod:SpitefulPlan+1","floor":18},{"not_picked":["TheCursedMod:LuckyCharm","TheCursedMod:BlessingInDisguise"],"picked":"TheCursedMod:CircleOfFlame","floor":20},{"not_picked":["TheCursedMod:VitalStrike+1","TheCursedMod:CursedShiv"],"picked":"TheCursedMod:VoidForm","floor":23},{"not_picked":["TheCursedMod:WearCloak+1","TheCursedMod:ParallelWorld"],"picked":"TheCursedMod:CursedMace+1","floor":25},{"not_picked":["TheCursedMod:LuckyCharm","TheCursedMod:FuryStrike"],"picked":"TheCursedMod:HellsGateOpen+1","floor":27},{"not_picked":["TheCursedMod:SoulCrush","TheCursedMod:BlessingInDisguise"],"picked":"TheCursedMod:CircleOfCorruption+1","floor":29},{"not_picked":["TheCursedMod:TacticalStrike+1","TheCursedMod:CircleOfCorruption","TheCursedMod:WearCloak"],"picked":"SKIP","floor":30},{"not_picked":["TheCursedMod:AntiAging","TheCursedMod:ManaCirculation"],"picked":"TheCursedMod:CursedRelics","floor":33},{"not_picked":["TheCursedMod:CursedStaff+1","TheCursedMod:CursedArmor+1","TheCursedMod:CursedAmulet"],"picked":"SKIP","floor":35},{"not_picked":["TheCursedMod:Stigma+1","TheCursedMod:Torture+1"],"picked":"TheCursedMod:EmpowerCircles+1","floor":36},{"not_picked":["TheCursedMod:RapidMovement","TheCursedMod:FleshFromBone+1"],"picked":"TheCursedMod:SurpriseAttack","floor":37},{"not_picked":["TheCursedMod:SaltUponWound","TheCursedMod:Torture"],"picked":"TheCursedMod:Mangle+1","floor":40},{"not_picked":["TheCursedMod:Stigma+1","TheCursedMod:TacticalStrike","TheCursedMod:SpitefulPlan"],"picked":"SKIP","floor":42},{"not_picked":["TheCursedMod:WearCloak+1","TheCursedMod:RapidMovement"],"picked":"TheCursedMod:Hemoplague+1","floor":44},{"not_picked":["TheCursedMod:VitalStrike","TheCursedMod:BlessingInDisguise","TheCursedMod:Mangle+1"],"picked":"SKIP","floor":45}],"player_experience":230029,"relics_obtained":[{"floor":6,"key":"Ginger"},{"floor":9,"key":"HornCleat"},{"floor":23,"key":"Girya"},{"floor":25,"key":"Tiny Chest"},{"floor":26,"key":"PreservedInsect"},{"floor":40,"key":"Potion Belt"},{"floor":40,"key":"White Beast Statue"},{"floor":43,"key":"Mercury Hourglass"}],"event_choices":[{"damage_healed":0,"gold_gain":75,"player_choice":"Gather Gold","damage_taken":11,"max_hp_gain":0,"max_hp_loss":0,"event_name":"World of Goop","floor":2,"gold_loss":0},{"cards_removed":["TheCursedMod:Strike_TheCursed"],"damage_healed":0,"gold_gain":0,"player_choice":"Card Removal","damage_taken":7,"max_hp_gain":0,"max_hp_loss":0,"event_name":"Golden Wing","floor":11,"gold_loss":0},{"damage_healed":0,"gold_gain":0,"player_choice":"Gave Potion","damage_taken":0,"relics_obtained":["Bronze Scales"],"max_hp_gain":0,"max_hp_loss":0,"event_name":"WeMeetAgain","floor":13,"gold_loss":0},{"damage_healed":0,"gold_gain":0,"player_choice":"Read","damage_taken":0,"max_hp_gain":0,"max_hp_loss":0,"event_name":"The Library","floor":19,"gold_loss":0,"cards_obtained":["TheCursedMod:HellfireBreathing"]},{"damage_healed":0,"gold_gain":0,"cards_transformed":["TheCursedMod:Defend_TheCursed","TheCursedMod:Strike_TheCursed"],"player_choice":"Became Test Subject","damage_taken":0,"max_hp_gain":0,"max_hp_loss":0,"event_name":"Drug Dealer","floor":21,"gold_loss":0,"cards_obtained":["TheCursedMod:DoubleShield","TheCursedMod:CursedBoomerang"]},{"damage_healed":0,"gold_gain":99,"player_choice":"Stole From Cult","damage_taken":0,"max_hp_gain":0,"max_hp_loss":0,"event_name":"Nest","floor":22,"gold_loss":0},{"cards_removed":["TheCursedMod:CursedMace"],"damage_healed":0,"gold_gain":0,"player_choice":"Removed Attack","damage_taken":0,"max_hp_gain":0,"max_hp_loss":0,"event_name":"Falling","floor":39,"gold_loss":0},{"damage_healed":0,"gold_gain":0,"player_choice":"Upgrade","damage_taken":0,"relics_obtained":["Mark of the Bloom"],"max_hp_gain":0,"max_hp_loss":0,"event_name":"MindBloom","floor":47,"gold_loss":0,"cards_upgraded":["TheCursedMod:CursedWand","TheCursedMod:CleanUpWorkshop","TheCursedMod:Stigma","TheCursedMod:LuckyCharm","TheCursedMod:CursedStaff","TheCursedMod:WearCloak","TheCursedMod:VitalStrike","TheCursedMod:SpreadPlague","TheCursedMod:SpitefulStrike","TheCursedMod:ManaBullet","TheCursedMod:ShockAndAwe","TheCursedMod:HellfireBreathing","TheCursedMod:CircleOfFlame","TheCursedMod:DoubleShield","TheCursedMod:CursedBoomerang","TheCursedMod:VoidForm","TheCursedMod:CursedRelics","TheCursedMod:SurpriseAttack","TheCursedMod:DemonicPact"]},{"cards_removed":["TheCursedMod:ShockAndAwe"],"damage_healed":57,"gold_gain":0,"player_choice":"Offered Rare","damage_taken":0,"max_hp_gain":10,"max_hp_loss":0,"event_name":"Bonfire Elementals","floor":48,"gold_loss":0}],"is_beta":false,"boss_relics":[{"not_picked":["Ectoplasm","Fusion Hammer"],"picked":"Astrolabe"},{"not_picked":["Sozu","Busted Crown"],"picked":"Black Star"}],"items_purged_floors":[],"is_endless":false,"potions_floor_spawned":[1,5,6,14,16,18,25,29,33,36,37,40,42,44,45],"killed_by":"Donu and Deca","ascension_level":0}}