{"host":"w7o06k3e8uel8euj","time":1608711280,"event":{"mods":["AchievementEnabler","BaseMod","Colored Powertips","Custom Start","DeckTracker","Keyboard Shortcuts","Minty Spire (QoL Compilation)","Quick Restart","Relic Stats","StSLib","SuperFastMode","everything is the same but u backflip on backflip"],"gold_per_floor":[117,42,42,54,8,8,40,50,50,82,94,119,135,146,146,250,250,266,266,279,289,189,221,14,41,64,82,82,115,37,48,48,152,152,164,184,184,184,201,234,234,260,283,283,283,308,81,113,113,113,113,113,0,35,35],"floor_reached":56,"playtime":3384,"items_purged":["Strike_G","Strike_G","Strike_G","Defend_G","Defend_G"],"score":2021,"play_id":"d79a61cf-04ac-4bdf-97f2-9ab47bd31616","local_time":"20201223171440","is_ascension_mode":true,"campfire_choices":[{"data":"Noxious Fumes","floor":6.0,"key":"SMITH"},{"floor":15.0,"key":"REST"},{"floor":32.0,"key":"REST"},{"floor":41.0,"key":"RECALL"},{"floor":44.0,"key":"DIG"},{"floor":49.0,"key":"DIG"},{"floor":52.0,"key":"DIG"}],"circlet_count":0,"master_deck":["Defend_G","Defend_G+1","Survivor+1","Neutralize+1","Crippling Poison","Noxious Fumes+1","Acrobatics+1","Prepared+1","Eviscerate+1","Reflex+1","After Image+1","Envenom+1","Finesse+1","Calculated Gamble+1","Adrenaline+1","Reflex+1","Finesse+1"],"relics":["Ring of the Snake","NeowsBlessing","Toxic Egg 2","Singing Bowl","Frozen Egg 2","Ancient Tea Set","Eternal Feather","Fusion Hammer","Centennial Puzzle","War Paint","Art of War","Mango","WristBlade","Prayer Wheel","Shovel","White Beast Statue","MawBank","Incense Burner","Du-Vu Doll","Mercury Hourglass","Whetstone"],"acts_visited":["Exordium","TheCity","TheBeyond","TheEnding"],"potions_floor_usage":[55,55],"damage_taken":[{"damage":0.0,"enemies":"2 Louse","floor":1.0,"turns":1.0},{"damage":0.0,"enemies":"Cultist","floor":4.0,"turns":1.0},{"damage":0.0,"enemies":"Gremlin Nob","floor":7.0,"turns":1.0},{"damage":3.0,"enemies":"Jaw Worm","floor":8.0,"turns":5.0},{"damage":28.0,"enemies":"3 Sentries","floor":10.0,"turns":7.0},{"damage":8.0,"enemies":"Looter","floor":11.0,"turns":4.0},{"damage":9.0,"enemies":"Gremlin Nob","floor":12.0,"turns":5.0},{"damage":0.0,"enemies":"Large Slime","floor":13.0,"turns":4.0},{"damage":5.0,"enemies":"3 Louse","floor":14.0,"turns":3.0},{"damage":15.0,"enemies":"The Guardian","floor":16.0,"turns":8.0},{"damage":3.0,"enemies":"Spheric Guardian","floor":18.0,"turns":5.0},{"damage":0.0,"enemies":"3 Byrds","floor":20.0,"turns":4.0},{"damage":13.0,"enemies":"Centurion and Healer","floor":21.0,"turns":5.0},{"damage":26.0,"enemies":"Book of Stabbing","floor":23.0,"turns":7.0},{"damage":2.0,"enemies":"Gremlin Leader","floor":25.0,"turns":3.0},{"damage":0.0,"enemies":"Cultist and Chosen","floor":27.0,"turns":4.0},{"damage":16.0,"enemies":"Slavers","floor":29.0,"turns":2.0},{"damage":0.0,"enemies":"3 Cultists","floor":31.0,"turns":2.0},{"damage":0.0,"enemies":"Champ","floor":33.0,"turns":2.0},{"damage":0.0,"enemies":"3 Shapes","floor":35.0,"turns":1.0},{"damage":0.0,"enemies":"Orb Walker","floor":36.0,"turns":1.0},{"damage":0.0,"enemies":"Spire Growth","floor":39.0,"turns":2.0},{"damage":0.0,"enemies":"Nemesis","floor":40.0,"turns":1.0},{"damage":0.0,"enemies":"Giant Head","floor":42.0,"turns":1.0},{"damage":0.0,"enemies":"Nemesis","floor":48.0,"turns":1.0},{"damage":10.0,"enemies":"Time Eater","floor":50.0,"turns":8.0},{"damage":0.0,"enemies":"Shield and Spear","floor":54.0,"turns":1.0},{"damage":0,"enemies":"The Heart","floor":55,"turns":5}],"seed_played":"6001209905780297472","potions_obtained":[{"floor":4.0,"key":"AttackPotion"},{"floor":8.0,"key":"Poison Potion"},{"floor":10.0,"key":"CunningPotion"},{"floor":12.0,"key":"Strength Potion"},{"floor":14.0,"key":"Ancient Potion"},{"floor":20.0,"key":"Explosive Potion"},{"floor":21.0,"key":"Regen Potion"},{"floor":25.0,"key":"SteroidPotion"},{"floor":27.0,"key":"DuplicationPotion"},{"floor":29.0,"key":"FairyPotion"},{"floor":48.0,"key":"Block Potion"},{"floor":54.0,"key":"Ancient Potion"}],"is_trial":false,"path_per_floor":["M","$","?","M","$","R","E","M","T","E","M","E","M","M","R","B",null,"M","?","M","M","$","E","$","E","T","M","?","E","$","M","R","B",null,"M","M","?","?","M","E","R","E","T","R","?","T","$","E","R","B",null,"R","$","E","B",null],"character_chosen":"THE_SILENT","items_purchased":["Toxic Egg 2","Acrobatics+1","Finesse+1","Reflex+1","Finesse+1"],"campfire_rested":2,"item_purchase_floors":[2,5,24,30,47],"current_hp_per_floor":[63,63,63,63,63,63,65,62,62,36,30,21,23,18,50,35,67,66,66,68,57,57,48,48,48,48,48,48,46,46,48,88,90,102,104,106,102,102,104,106,114,116,116,116,116,116,116,118,118,108,116,118,118,120,120],"gold":35,"neow_bonus":"THREE_ENEMY_KILL","is_daily":false,"chose_seed":false,"campfire_upgraded":1,"win_rate":0.0,"timestamp":1608711280,"path_taken":["M","$","?","M","$","R","E","M","T","E","?","E","M","M","R","BOSS","M","?","M","M","?","E","$","E","T","?","?","E","$","M","R","BOSS","M","M","?","?","M","E","R","E","T","R","?","?","?","E","R","BOSS","R","$","E","BOSS"],"items_purchased_type":["Relic","Card","Card","Card","Card"],"build_version":"2020-12-22","purchased_purges":5,"victory":true,"max_hp_per_floor":[70,70,70,70,70,70,72,72,72,74,76,76,78,78,78,78,78,80,80,82,84,84,86,86,88,88,88,88,102,102,104,104,106,106,108,110,116,110,112,114,114,116,116,116,116,116,116,118,118,118,118,118,118,120,120],"relic_stats":{"Singing Bowl":42,"counters":[28,94],"Eternal Feather":28,"Whetstone":["Eviscerate","Neutralize"],"War Paint":["Survivor","Defend_G"],"MawBank":12,"Mercury Hourglass":[21],"Centennial Puzzle":[9],"Shovel":3,"Prayer Wheel":0,"Art of War":[2],"obtain_stats":[{"NeowsBlessing":0,"Singing Bowl":7,"Eternal Feather":12,"Mango":29,"Incense Burner":48,"Whetstone":54,"Frozen Egg 2":9,"War Paint":25,"Ancient Tea Set":10,"MawBank":46,"White Beast Statue":44,"Mercury Hourglass":52,"Du-Vu Doll":49,"Centennial Puzzle":23,"Shovel":42,"WristBlade":34,"Prayer Wheel":40,"Fusion Hammer":17,"Art of War":26,"Toxic Egg 2":2,"Ring of the Snake":0},{"NeowsBlessing":0,"Singing Bowl":3,"Eternal Feather":7,"Mango":17,"Incense Burner":25,"Whetstone":27,"Frozen Egg 2":4,"War Paint":15,"Ancient Tea Set":5,"MawBank":24,"White Beast Statue":24,"Mercury Hourglass":26,"Du-Vu Doll":25,"Centennial Puzzle":14,"Shovel":24,"WristBlade":19,"Prayer Wheel":23,"Fusion Hammer":10,"Art of War":15,"Toxic Egg 2":1,"Ring of the Snake":0},{"NeowsBlessing":0,"Singing Bowl":3,"Eternal Feather":24,"Mango":69,"Incense Burner":80,"Whetstone":89,"Frozen Egg 2":8,"War Paint":63,"Ancient Tea Set":15,"MawBank":79,"White Beast Statue":79,"Mercury Hourglass":88,"Du-Vu Doll":80,"Centennial Puzzle":60,"Shovel":79,"WristBlade":73,"Prayer Wheel":78,"Fusion Hammer":39,"Art of War":63,"Toxic Egg 2":1,"Ring of the Snake":0}],"Ring of the Snake":[56]},"card_choices":[{"not_picked":["Prepared","Outmaneuver"],"picked":"Crippling Poison","floor":1.0},{"not_picked":["Dodge and Roll+1","Leg Sweep+1"],"picked":"Noxious Fumes","floor":4.0},{"not_picked":["Poisoned Stab","Flechettes","Envenom"],"picked":"Singing Bowl","floor":7.0},{"not_picked":["Outmaneuver+1","Finisher"],"picked":"Prepared+1","floor":8.0},{"not_picked":["Dodge and Roll+1","Sucker Punch","Riddle With Holes"],"picked":"Singing Bowl","floor":10.0},{"not_picked":["Sucker Punch","Skewer","Infinite Blades+1"],"picked":"Singing Bowl","floor":11.0},{"not_picked":["Acrobatics+1","Skewer"],"picked":"Eviscerate","floor":12.0},{"not_picked":["Acrobatics+1","Dagger Throw","Blade Dance+1"],"picked":"Singing Bowl","floor":13.0},{"not_picked":["Flying Knee","Poisoned Stab"],"picked":"Reflex+1","floor":14.0},{"not_picked":["A Thousand Cuts+1","Wraith Form v2+1"],"picked":"After Image+1","floor":16.0},{"not_picked":["Underhanded Strike","Flying Knee","Dodge and Roll+1"],"picked":"Singing Bowl","floor":18.0},{"not_picked":["Choke","Deflect+1","Outmaneuver+1"],"picked":"Singing Bowl","floor":20.0},{"not_picked":["Infinite Blades+1","Caltrops+1","Accuracy+1"],"picked":"Singing Bowl","floor":21.0},{"not_picked":["Choke+1","Heel Hook","Poisoned Stab"],"picked":"Singing Bowl","floor":23.0},{"not_picked":["PiercingWail+1","Distraction+1","Crippling Poison+1"],"picked":"Singing Bowl","floor":25.0},{"not_picked":["Predator","Sucker Punch"],"picked":"Calculated Gamble+1","floor":27.0},{"not_picked":["Underhanded Strike","Acrobatics+1"],"picked":"Adrenaline+1","floor":29.0},{"not_picked":["Blade Dance+1","Distraction+1","Deadly Poison+1"],"picked":"Singing Bowl","floor":31.0},{"not_picked":["A Thousand Cuts+1","Grand Finale","Doppelganger+1"],"picked":"Singing Bowl","floor":33.0},{"not_picked":["Blade Dance+1","Dagger Spray","Dagger Throw+1"],"picked":"Singing Bowl","floor":35.0},{"not_picked":["Flying Knee","Concentrate+1","Predator"],"picked":"Singing Bowl","floor":36.0},{"not_picked":["Flash of Steel","Sadistic Nature+1","Dark Shackles+1"],"picked":"Singing Bowl","floor":37.0},{"not_picked":["Bandage Up+1","Blind+1","Enlightenment+1"],"picked":"Singing Bowl","floor":37.0},{"not_picked":["Thinking Ahead+1","The Bomb+1","Panacea+1"],"picked":"Singing Bowl","floor":37.0},{"not_picked":["Dodge and Roll+1","Reflex+1","Blur+1"],"picked":"Singing Bowl","floor":39.0},{"not_picked":["Poisoned Stab","Deadly Poison+1","Flechettes+1"],"picked":"Singing Bowl","floor":40.0},{"not_picked":["Quick Slash+1","Poisoned Stab+1","Glass Knife"],"picked":"Singing Bowl","floor":42.0},{"not_picked":["Predator+1","Cloak And Dagger+1","Infinite Blades+1"],"picked":"Singing Bowl","floor":48.0},{"not_picked":["Blur+1","Concentrate+1","Heel Hook+1"],"picked":"Singing Bowl","floor":54.0}],"player_experience":564617,"relics_obtained":[{"floor":7.0,"key":"Singing Bowl"},{"floor":9.0,"key":"Frozen Egg 2"},{"floor":10.0,"key":"Ancient Tea Set"},{"floor":12.0,"key":"Eternal Feather"},{"floor":23.0,"key":"Centennial Puzzle"},{"floor":25.0,"key":"War Paint"},{"floor":26.0,"key":"Art of War"},{"floor":29.0,"key":"Mango"},{"floor":40.0,"key":"Prayer Wheel"},{"floor":42.0,"key":"Shovel"},{"floor":44.0,"key":"White Beast Statue"},{"floor":46.0,"key":"MawBank"},{"floor":48.0,"key":"Incense Burner"},{"floor":49.0,"key":"Du-Vu Doll"},{"floor":52.0,"key":"Mercury Hourglass"},{"floor":54.0,"key":"Whetstone"}],"event_choices":[{"cards_removed":["Defend_G"],"damage_healed":0.0,"max_hp_gain":0.0,"max_hp_loss":0.0,"gold_gain":0.0,"event_name":"Bonfire Elementals","player_choice":"Offered Basic","floor":3.0,"gold_loss":0.0,"damage_taken":0.0},{"damage_healed":0.0,"max_hp_gain":0.0,"max_hp_loss":0.0,"gold_gain":0.0,"cards_transformed":["Strike_G"],"event_name":"Transmorgrifier","player_choice":"Transformed","floor":19.0,"gold_loss":0.0,"damage_taken":0.0,"cards_obtained":["Envenom"]},{"cards_removed":["Strike_G"],"damage_healed":0.0,"max_hp_gain":0.0,"max_hp_loss":0.0,"gold_gain":0.0,"event_name":"Back to Basics","player_choice":"Elegance","floor":28.0,"gold_loss":0.0,"damage_taken":0.0},{"damage_healed":0.0,"max_hp_gain":0.0,"max_hp_loss":0.0,"gold_gain":0.0,"event_name":"SensoryStone","player_choice":"Memory 3","floor":37.0,"gold_loss":0.0,"damage_taken":10.0},{"damage_healed":0.0,"max_hp_gain":0.0,"max_hp_loss":6.0,"gold_gain":0.0,"event_name":"Winding Halls","player_choice":"Max HP","floor":38.0,"gold_loss":0.0,"damage_taken":0.0},{"damage_healed":0.0,"max_hp_gain":0.0,"max_hp_loss":0.0,"gold_gain":0.0,"event_name":"Tomb of Lord Red Mask","player_choice":"Ignored","floor":45.0,"gold_loss":0.0,"damage_taken":0.0}],"is_beta":false,"boss_relics":[{"not_picked":["Ectoplasm","Velvet Choker"],"picked":"Fusion Hammer"},{"not_picked":["Runic Dome","SacredBark"],"picked":"WristBlade"}],"items_purged_floors":[2,22,24,47,53],"is_endless":false,"potions_floor_spawned":[4,8,10,12,14,20,21,25,27,29,35,36,42,48,54],"ascension_level":7}}