{"host":"jm9833yuloeli2yd","time":1608688573,"event":{"mods":["AchievementEnabler","BaseMod","Better Altar","Better Match","Better Note","Better Sensory Stone","Better Skull","Better Vampires","Colored Map","Colored Powertips","DeckTracker","Minty Spire (QoL Compilation)","Permanent Neow","Quick Restart","StSLib","SuperFastMode"],"gold_per_floor":[110,110,123,88,263,263,273,303,303,338,338,370,370,389,389,487,487,507,37,50,68,83,83,98,133,133,133,133],"floor_reached":27,"playtime":678,"items_purged":["Doubt"],"score":470,"play_id":"7f696eb8-b31b-4158-b376-ed377ec2e81f","local_time":"20201222205613","is_ascension_mode":true,"campfire_choices":[{"data":"PathToVictory","floor":6.0,"key":"SMITH"},{"data":"1","floor":11,"key":"LIFT"},{"floor":15,"key":"REST"},{"floor":23,"key":"REST"}],"circlet_count":0,"master_deck":["AscendersBane","Strike_P","Strike_P","Strike_P","Strike_P","Defend_P","Defend_P","Defend_P+1","Defend_P","Eruption","Vigilance","Vault+1","Meditate","PathToVictory+1","CutThroughFate","DeusExMachina","JustLucky+1","PathToVictory","CutThroughFate+1","Ragnarok+1","SandsOfTime+1","ThirdEye","BowlingBash+1","Protect","PathToVictory"],"relics":["PureWater","Girya","Molten Egg 2","Mercury Hourglass","Dream Catcher","Philosopher\u0027s Stone","HornCleat","Strawberry","Mummified Hand","Gremlin Horn"],"acts_visited":["Exordium","TheCity"],"potions_floor_usage":[8,8,8,12,16,25,27],"damage_taken":[{"damage":14.0,"enemies":"Small Slimes","floor":1.0,"turns":6.0},{"damage":0.0,"enemies":"2 Louse","floor":3.0,"turns":4.0},{"damage":9.0,"enemies":"Jaw Worm","floor":7.0,"turns":4.0},{"damage":15,"enemies":"Gremlin Nob","floor":8,"turns":4},{"damage":22,"enemies":"Lagavulin","floor":10,"turns":6},{"damage":18,"enemies":"Gremlin Nob","floor":12,"turns":3},{"damage":0,"enemies":"2 Fungi Beasts","floor":14,"turns":3},{"damage":0,"enemies":"Slime Boss","floor":16,"turns":4},{"damage":6,"enemies":"Shell Parasite","floor":18,"turns":3},{"damage":6,"enemies":"Chosen","floor":20,"turns":3},{"damage":14,"enemies":"3 Cultists","floor":21,"turns":5},{"damage":33,"enemies":"Snake Plant","floor":22,"turns":4},{"damage":19,"enemies":"Snecko","floor":24,"turns":4},{"damage":12,"enemies":"Gremlin Leader","floor":25,"turns":5},{"damage":25,"enemies":"Slavers","floor":27,"turns":1}],"seed_played":"-3038359783957473882","potions_obtained":[{"floor":3.0,"key":"ColorlessPotion"},{"floor":7.0,"key":"EntropicBrew"},{"floor":10,"key":"CultistPotion"},{"floor":14,"key":"Regen Potion"},{"floor":20,"key":"DuplicationPotion"},{"floor":21,"key":"Fire Potion"}],"is_trial":false,"path_per_floor":["M","?","M","?","?","R","M","E","T","E","R","E","?","M","R","B",null,"M","$","M","M","M","R","M","E","T","E"],"character_chosen":"WATCHER","items_purchased":["HornCleat","Strawberry"],"campfire_rested":2,"item_purchase_floors":[19,19],"current_hp_per_floor":[51,56,56,70,70,70,61,46,46,24,24,6,21,21,42,54,66,60,67,61,47,14,37,18,6,6,0,0],"gold":133,"neow_bonus":"THREE_RARE_CARDS","is_daily":false,"chose_seed":false,"campfire_upgraded":1,"win_rate":0.0,"timestamp":1608688573,"path_taken":["M","?","M","?","?","R","M","E","T","E","R","E","?","M","R","BOSS","M","$","M","M","M","R","M","E","T","E"],"items_purchased_type":["Relic","Relic"],"build_version":"2020-12-13","purchased_purges":1,"victory":false,"max_hp_per_floor":[65,70,70,70,70,70,70,70,70,70,70,70,70,70,70,70,70,70,77,77,77,77,77,77,77,77,77,77],"card_choices":[{"not_picked":["Establishment","Devotion"],"picked":"Vault","floor":0.0},{"not_picked":["ThirdEye","DeceiveReality"],"picked":"Meditate","floor":1.0},{"not_picked":["MentalFortress","Consecrate"],"picked":"PathToVictory","floor":3.0},{"not_picked":["JustLucky","Nirvana"],"picked":"CutThroughFate","floor":7.0},{"not_picked":["CutThroughFate","EmptyBody"],"picked":"DeusExMachina","floor":8},{"not_picked":["FollowUp+1","WindmillStrike+1","WreathOfFlame"],"picked":"SKIP","floor":10},{"not_picked":["Pray","FearNoEvil+1"],"picked":"JustLucky+1","floor":12},{"not_picked":["Brilliance+1","SashWhip+1"],"picked":"PathToVictory","floor":14},{"not_picked":["CrushJoints+1","Evaluate"],"picked":"CutThroughFate+1","floor":15},{"not_picked":["Alpha","MasterReality"],"picked":"Ragnarok+1","floor":16},{"not_picked":["Evaluate","Halt","Consecrate+1"],"picked":"SKIP","floor":18},{"not_picked":["Halt","Meditate"],"picked":"SandsOfTime+1","floor":20},{"not_picked":["FearNoEvil+1","Nirvana","Halt"],"picked":"SKIP","floor":21},{"not_picked":["FlyingSleeves+1","FlurryOfBlows+1"],"picked":"ThirdEye","floor":22},{"not_picked":["FearNoEvil+1","ForeignInfluence"],"picked":"BowlingBash+1","floor":23},{"not_picked":["WreathOfFlame+1","FollowUp+1"],"picked":"Protect","floor":24},{"not_picked":["DeusExMachina","ForeignInfluence"],"picked":"PathToVictory","floor":25}],"player_experience":1153885,"relics_obtained":[{"floor":8,"key":"Girya"},{"floor":9,"key":"Molten Egg 2"},{"floor":10,"key":"Mercury Hourglass"},{"floor":12,"key":"Dream Catcher"},{"floor":25,"key":"Mummified Hand"},{"floor":26,"key":"Gremlin Horn"}],"event_choices":[{"damage_healed":0.0,"max_hp_gain":5.0,"max_hp_loss":0.0,"gold_gain":0.0,"event_name":"Big Fish","player_choice":"Donut","floor":2.0,"gold_loss":0.0,"damage_taken":0.0},{"damage_healed":17.0,"max_hp_gain":0.0,"max_hp_loss":0.0,"gold_gain":0.0,"event_name":"The Cleric","player_choice":"Healed","floor":4.0,"gold_loss":35.0,"damage_taken":0.0},{"damage_healed":0.0,"max_hp_gain":0.0,"max_hp_loss":0.0,"gold_gain":175.0,"event_name":"Liars Game","player_choice":"AGREE","floor":5.0,"gold_loss":0.0,"damage_taken":0.0,"cards_obtained":["Doubt"]},{"damage_healed":0,"gold_gain":0,"player_choice":"Entered Light","damage_taken":14,"max_hp_gain":0,"max_hp_loss":0,"event_name":"Shining Light","floor":13,"gold_loss":0,"cards_upgraded":["Defend_P","Vault"]}],"is_beta":false,"boss_relics":[{"not_picked":["Coffee Dripper","Velvet Choker"],"picked":"Philosopher\u0027s Stone"}],"items_purged_floors":[19],"is_endless":false,"potions_floor_spawned":[3,7,10,14,20,21,22],"killed_by":"Slavers","ascension_level":11}}