{"host":"08t08ld674si40tv","time":1608726338,"event":{"mods":["AchievementEnabler","BaseMod","Colored Map","Minty Spire (QoL Compilation)","StSLib","SuperFastMode"],"gold_per_floor":[12,31,42,42,62,62,80,80,80,80,95,124,124,49,49,121,121,139,139,59,78,89,89,89],"floor_reached":23,"playtime":655,"items_purged":[],"score":371,"play_id":"82e41ff5-a58f-4129-a9e8-d46c5adb334b","local_time":"20201223212538","is_ascension_mode":true,"campfire_choices":[{"data":"Bouncing Flask","floor":6.0,"key":"SMITH"},{"floor":8.0,"key":"REST"},{"data":"Burst","floor":10.0,"key":"SMITH"},{"floor":13.0,"key":"REST"},{"data":"Noxious Fumes","floor":15.0,"key":"SMITH"}],"circlet_count":0,"master_deck":["AscendersBane","Strike_G","Defend_G","Defend_G","Defend_G","Defend_G","Defend_G","Survivor","Neutralize","Burst+1","Bouncing Flask+1","Deadly Poison","Leg Sweep","Tactician","Footwork","Noxious Fumes+1","Malaise","Dodge and Roll","Catalyst","Backflip"],"relics":["Ring of the Snake","Black Star","Ginger","Tiny Chest","White Beast Statue","SlaversCollar"],"acts_visited":["Exordium","TheCity"],"potions_floor_usage":[],"damage_taken":[{"damage":6.0,"enemies":"2 Louse","floor":1.0,"turns":4.0},{"damage":6.0,"enemies":"Cultist","floor":2.0,"turns":4.0},{"damage":4.0,"enemies":"Jaw Worm","floor":3.0,"turns":3.0},{"damage":2.0,"enemies":"Lots of Slimes","floor":4.0,"turns":2.0},{"damage":0.0,"enemies":"Blue Slaver","floor":5.0,"turns":5.0},{"damage":18.0,"enemies":"Large Slime","floor":7.0,"turns":8.0},{"damage":4.0,"enemies":"Looter","floor":11.0,"turns":5.0},{"damage":20.0,"enemies":"Lagavulin","floor":12.0,"turns":6.0},{"damage":20.0,"enemies":"Hexaghost","floor":16.0,"turns":9.0},{"damage":8.0,"enemies":"Shell Parasite","floor":18.0,"turns":8.0},{"damage":11.0,"enemies":"3 Byrds","floor":21.0,"turns":5.0},{"damage":7.0,"enemies":"3 Cultists","floor":22.0,"turns":6.0},{"damage":28,"enemies":"Gremlin Leader","floor":23,"turns":2}],"seed_played":"2985385224549828387","potions_obtained":[{"floor":1.0,"key":"SmokeBomb"},{"floor":3.0,"key":"Dexterity Potion"},{"floor":5.0,"key":"BlessingOfTheForge"},{"floor":16.0,"key":"Fire Potion"},{"floor":18.0,"key":"Energy Potion"},{"floor":22.0,"key":"LiquidMemories"}],"is_trial":false,"path_per_floor":["M","M","M","M","M","R","M","R","T","R","M","E","R","?","R","B",null,"M","?","$","M","M","E"],"character_chosen":"THE_SILENT","items_purchased":["Catalyst"],"campfire_rested":2,"item_purchase_floors":[20],"current_hp_per_floor":[53,47,43,41,41,41,23,42,42,42,38,18,37,37,37,17,54,46,46,46,35,28,0,0],"gold":89,"neow_bonus":"TRANSFORM_TWO_CARDS","is_daily":false,"chose_seed":false,"campfire_upgraded":3,"win_rate":0.0,"timestamp":1608726338,"path_taken":["M","M","M","M","M","R","M","R","T","R","M","E","R","?","R","BOSS","M","?","$","M","?","E"],"items_purchased_type":["Card"],"build_version":"2020-12-22","purchased_purges":0,"victory":false,"max_hp_per_floor":[66,66,66,66,66,66,66,66,66,66,66,66,66,66,66,66,66,66,66,66,66,66,66,66],"card_choices":[{"not_picked":["Reflex","Sucker Punch"],"picked":"Deadly Poison","floor":1.0},{"not_picked":["Setup","Flying Knee"],"picked":"Leg Sweep","floor":2.0},{"not_picked":["Outmaneuver","Dagger Throw","Flechettes"],"picked":"SKIP","floor":3.0},{"not_picked":["Heel Hook","Dagger Spray"],"picked":"Tactician","floor":5.0},{"not_picked":["Cloak And Dagger","Die Die Die"],"picked":"Footwork","floor":7.0},{"not_picked":["Bouncing Flask","Dagger Spray"],"picked":"Noxious Fumes","floor":11.0},{"not_picked":["Flying Knee","Sucker Punch","Deflect"],"picked":"SKIP","floor":12.0},{"not_picked":["Die Die Die","Storm of Steel"],"picked":"Malaise","floor":16.0},{"not_picked":["Slice","Riddle With Holes"],"picked":"Dodge and Roll","floor":18.0},{"not_picked":["Sucker Punch","Dodge and Roll"],"picked":"Backflip","floor":21.0},{"not_picked":["PiercingWail","All Out Attack","Underhanded Strike"],"picked":"SKIP","floor":22.0}],"player_experience":188717,"relics_obtained":[{"floor":9.0,"key":"Ginger"},{"floor":12.0,"key":"Tiny Chest"},{"floor":12.0,"key":"White Beast Statue"}],"event_choices":[{"cards_removed":["Strike_G"],"damage_healed":0.0,"max_hp_gain":0.0,"max_hp_loss":0.0,"gold_gain":0.0,"event_name":"The Cleric","player_choice":"Card Removal","floor":14.0,"gold_loss":75.0,"damage_taken":0.0},{"cards_removed":["Strike_G"],"damage_healed":0.0,"max_hp_gain":0.0,"max_hp_loss":0.0,"gold_gain":0.0,"event_name":"Purifier","player_choice":"Purged","floor":19.0,"gold_loss":0.0,"damage_taken":0.0}],"is_beta":false,"boss_relics":[{"not_picked":["Velvet Choker","Runic Pyramid"],"picked":"SlaversCollar"}],"items_purged_floors":[],"is_endless":false,"potions_floor_spawned":[1,3,5,16,18,21,22],"killed_by":"Gremlin Leader","ascension_level":18}}