{"host":"6kpik4p6m02tzjjt","time":1608702889,"event":{"mods":["BaseMod","Colored Map","Minty Spire (QoL Compilation)","Quick Restart","Relic Stats"],"gold_per_floor":[109,129,129,140,215,215,230,230,254,265,292,311,167,167,167,167,167],"floor_reached":16,"playtime":1110,"items_purged":[],"score":102,"play_id":"b1dfad90-a770-46f8-875d-29950a504b0d","local_time":"20201223005449","is_ascension_mode":false,"campfire_choices":[{"data":"Deflect","floor":6,"key":"SMITH"},{"data":"Choke","floor":8,"key":"SMITH"},{"floor":15,"key":"REST"}],"circlet_count":0,"master_deck":["Strike_G","Strike_G","Strike_G","Defend_G","Defend_G","Defend_G","Defend_G","Defend_G","Survivor","Neutralize","Predator","Dagger Throw","Deflect+1","Deadly Poison","PiercingWail","Choke+1","Bane","Dash","Deadly Poison","ReachHeaven"],"relics":["Ring of the Snake","Juzu Bracelet","Dream Catcher","PrismaticShard","Golden Idol"],"acts_visited":["Exordium"],"potions_floor_usage":[],"damage_taken":[{"damage":1,"enemies":"Cultist","floor":1,"turns":4},{"damage":0,"enemies":"Small Slimes","floor":2,"turns":2},{"damage":2,"enemies":"Jaw Worm","floor":4,"turns":3},{"damage":1,"enemies":"Blue Slaver","floor":7,"turns":4},{"damage":0,"enemies":"Large Slime","floor":10,"turns":5},{"damage":28,"enemies":"3 Sentries","floor":11,"turns":7},{"damage":14,"enemies":"Exordium Wildlife","floor":12,"turns":5},{"damage":25,"enemies":"Slime Boss","floor":16,"turns":3}],"seed_played":"-7381137896385389539","potions_obtained":[{"floor":2,"key":"Ancient Potion"},{"floor":7,"key":"DistilledChaos"}],"is_trial":false,"path_per_floor":["M","M","?","M","?","R","M","R","T","M","E","M","$","?","R","B"],"character_chosen":"THE_SILENT","items_purchased":["PrismaticShard"],"campfire_rested":1,"item_purchase_floors":[13],"current_hp_per_floor":[62,62,62,60,49,49,48,48,48,48,20,6,6,6,23,0,0],"gold":167,"neow_bonus":"TRANSFORM_TWO_CARDS","is_daily":false,"chose_seed":false,"campfire_upgraded":2,"win_rate":0.0,"timestamp":1608702889,"path_taken":["M","?","?","M","?","R","M","R","T","M","E","M","?","?","R","BOSS"],"items_purchased_type":["Relic"],"build_version":"2020-12-22","purchased_purges":0,"victory":false,"max_hp_per_floor":[63,63,63,63,63,63,63,63,63,63,63,63,63,58,58,58,58],"relic_stats":{"Dream Catcher":1,"counters":[8,33],"Golden Idol":0,"Juzu Bracelet":1,"obtain_stats":[{"Dream Catcher":11,"Golden Idol":14,"Juzu Bracelet":9,"PrismaticShard":13,"Ring of the Snake":0},{"Dream Catcher":6,"Golden Idol":7,"Juzu Bracelet":4,"PrismaticShard":7,"Ring of the Snake":0},{"Dream Catcher":25,"Golden Idol":30,"Juzu Bracelet":13,"PrismaticShard":30,"Ring of the Snake":0}],"Ring of the Snake":[16]},"card_choices":[{"not_picked":["Blade Dance","Infinite Blades"],"picked":"Deflect","floor":1},{"not_picked":["Finisher","Dagger Spray"],"picked":"Deadly Poison","floor":2},{"not_picked":["Riddle With Holes","Blade Dance"],"picked":"PiercingWail","floor":4},{"not_picked":["Infinite Blades","Die Die Die"],"picked":"Choke","floor":7},{"not_picked":["Blade Dance","Outmaneuver"],"picked":"Bane","floor":10},{"not_picked":["Eviscerate","Infinite Blades"],"picked":"Dash","floor":11},{"not_picked":["Blur","Prepared"],"picked":"Deadly Poison","floor":12},{"not_picked":["Dark Shackles","Redo"],"picked":"ReachHeaven","floor":15}],"player_experience":1335,"relics_obtained":[{"floor":9,"key":"Juzu Bracelet"},{"floor":11,"key":"Dream Catcher"}],"event_choices":[{"damage_healed":0,"gold_gain":0,"player_choice":"Ignored","damage_taken":0,"max_hp_gain":0,"max_hp_loss":0,"event_name":"Liars Game","floor":3,"gold_loss":0},{"damage_healed":0,"gold_gain":75,"player_choice":"Gather Gold","damage_taken":11,"max_hp_gain":0,"max_hp_loss":0,"event_name":"World of Goop","floor":5,"gold_loss":0},{"damage_healed":0,"gold_gain":0,"player_choice":"Lose Max HP","damage_taken":0,"relics_obtained":["Golden Idol"],"max_hp_gain":0,"max_hp_loss":5,"event_name":"Golden Idol","floor":14,"gold_loss":0}],"is_beta":false,"boss_relics":[],"items_purged_floors":[],"is_endless":false,"potions_floor_spawned":[2,7],"killed_by":"Slime Boss","ascension_level":0}}