{"host":"69rply1jf2d1wbmp","time":1608753413,"event":{"mods":["BaseMod","Minty Spire (QoL Compilation)","Quick Restart"],"gold_per_floor":[113,38,48,63,132,157,176,153,153,163,163,181,181,194,194,292,292,308,324,335,434,444,475,475,488,569,844,78,78,107,124,124,124,124],"floor_reached":33,"playtime":1159,"items_purged":["Regret"],"score":291,"play_id":"c077d00a-2b95-4ec0-bb07-b3fec0d72607","local_time":"20201223145653","is_ascension_mode":false,"campfire_choices":[{"floor":11,"key":"REST"},{"floor":15,"key":"REST"},{"floor":24,"key":"REST"},{"floor":32,"key":"REST"}],"circlet_count":0,"master_deck":["Strike_B","Strike_B","Strike_B","Defend_B","Defend_B","Defend_B","Zap","Dualcast","Streamline","Leap","FTL","Sweeping Beam","Go for the Eyes","Electrodynamics","Conserve Battery+1","Leap+1","Machine Learning","Leap+1","Redo+1"],"relics":["Cracked Core","Pantograph","Question Card","Black Star","Mercury Hourglass","Juzu Bracelet","Bottled Flame","Runic Capacitor","White Beast Statue","Pocketwatch","Toxic Egg 2","Emotion Chip"],"acts_visited":["Exordium","TheCity"],"potions_floor_usage":[16,22,23,23,30],"damage_taken":[{"damage":6,"enemies":"Jaw Worm","floor":1,"turns":2},{"damage":0,"enemies":"Small Slimes","floor":3,"turns":2},{"damage":0,"enemies":"Cultist","floor":4,"turns":3},{"damage":29,"enemies":"Gremlin Nob","floor":6,"turns":4},{"damage":6,"enemies":"3 Louse","floor":7,"turns":4},{"damage":10,"enemies":"Large Slime","floor":10,"turns":5},{"damage":2,"enemies":"Exordium Wildlife","floor":12,"turns":3},{"damage":8,"enemies":"Lots of Slimes","floor":14,"turns":2},{"damage":26,"enemies":"Slime Boss","floor":16,"turns":8},{"damage":14,"enemies":"Spheric Guardian","floor":18,"turns":4},{"damage":0,"enemies":"Chosen","floor":19,"turns":5},{"damage":41,"enemies":"Snake Plant","floor":20,"turns":6},{"damage":2,"enemies":"Chosen and Byrds","floor":22,"turns":6},{"damage":11,"enemies":"Book of Stabbing","floor":23,"turns":7},{"damage":1,"enemies":"Cultist and Chosen","floor":25,"turns":6},{"damage":18,"enemies":"Slavers","floor":30,"turns":5},{"damage":3,"enemies":"Centurion and Healer","floor":31,"turns":5},{"damage":70,"enemies":"Champ","floor":33,"turns":13}],"seed_played":"-4566527974964970571","potions_obtained":[{"floor":6,"key":"GamblersBrew"},{"floor":7,"key":"EssenceOfDarkness"},{"floor":20,"key":"LiquidBronze"},{"floor":22,"key":"ColorlessPotion"},{"floor":25,"key":"Explosive Potion"},{"floor":30,"key":"Ancient Potion"},{"floor":31,"key":"PotionOfCapacity"}],"is_trial":false,"path_per_floor":["M","$","M","M","?","E","M","?","T","M","R","M","?","M","R","B",null,"M","M","M","?","M","E","R","M","T","?","$","?","E","M","R","B"],"character_chosen":"DEFECT","items_purchased":["Streamline","Leap","Runic Capacitor","White Beast Statue","Pocketwatch"],"campfire_rested":4,"item_purchase_floors":[2,2,28,28,28],"current_hp_per_floor":[48,48,48,48,48,19,13,13,13,3,25,23,48,40,62,49,75,61,61,20,20,18,7,29,28,28,28,28,28,10,7,29,0,0],"gold":124,"neow_bonus":"REMOVE_TWO","is_daily":false,"chose_seed":false,"campfire_upgraded":0,"win_rate":0.0,"timestamp":1608753413,"path_taken":["M","$","M","M","?","E","M","?","T","M","R","M","?","M","R","BOSS","M","M","M","?","M","E","R","M","T","?","$","?","E","M","R","BOSS"],"items_purchased_type":["Card","Card","Relic","Relic","Relic"],"build_version":"2020-12-22","purchased_purges":1,"victory":false,"max_hp_per_floor":[75,75,75,75,75,75,75,75,75,75,75,75,75,75,75,75,75,75,75,75,75,75,75,75,75,75,75,75,75,75,75,75,75,75],"card_choices":[{"not_picked":["Compile Driver","Turbo","Force Field"],"picked":"SKIP","floor":1},{"not_picked":["Skim","Streamline","Steam"],"picked":"SKIP","floor":3},{"not_picked":["Streamline","Compile Driver","Rebound"],"picked":"SKIP","floor":4},{"not_picked":["Consume","Coolheaded","Turbo"],"picked":"SKIP","floor":6},{"not_picked":["Scrape","Gash"],"picked":"FTL","floor":7},{"not_picked":["Hologram","Doom and Gloom","Stack"],"picked":"Sweeping Beam","floor":10},{"not_picked":["Tempest","Gash","Stack","FTL"],"picked":"SKIP","floor":12},{"not_picked":["Amplify","Reprogram","Consume"],"picked":"Go for the Eyes","floor":14},{"not_picked":["Hyperbeam","Thunder Strike","Rainbow"],"picked":"Electrodynamics","floor":16},{"not_picked":["Cold Snap+1","Barrage","Reinforced Body"],"picked":"Conserve Battery+1","floor":18},{"not_picked":["Sweeping Beam+1","Barrage+1","Turbo","Hologram+1"],"picked":"SKIP","floor":19},{"not_picked":["Go for the Eyes","Reprogram","Turbo+1"],"picked":"Leap+1","floor":20},{"not_picked":["Steam","Compile Driver","Stack"],"picked":"Machine Learning","floor":22},{"not_picked":["Barrage+1","Coolheaded","Turbo","Hologram+1"],"picked":"SKIP","floor":23},{"not_picked":["Ball Lightning","Lockon","Compile Driver+1"],"picked":"Leap+1","floor":25},{"not_picked":["Sweeping Beam","Steam Power+1","Skim+1"],"picked":"Redo+1","floor":30},{"not_picked":["Consume+1","Compile Driver+1","Storm","Redo+1"],"picked":"SKIP","floor":31}],"player_experience":402836,"relics_obtained":[{"floor":6,"key":"Pantograph"},{"floor":9,"key":"Question Card"},{"floor":23,"key":"Mercury Hourglass"},{"floor":23,"key":"Juzu Bracelet"},{"floor":26,"key":"Bottled Flame"},{"floor":30,"key":"Toxic Egg 2"},{"floor":30,"key":"Emotion Chip"}],"event_choices":[{"damage_healed":0,"gold_gain":69,"player_choice":"Gained Gold","damage_taken":0,"max_hp_gain":0,"max_hp_loss":0,"event_name":"Golden Wing","floor":5,"gold_loss":0},{"damage_healed":0,"gold_gain":0,"player_choice":"Left Gold","damage_taken":0,"max_hp_gain":0,"max_hp_loss":0,"event_name":"World of Goop","floor":8,"gold_loss":23},{"damage_healed":25,"gold_gain":0,"player_choice":"Banana","damage_taken":0,"max_hp_gain":0,"max_hp_loss":0,"event_name":"Big Fish","floor":13,"gold_loss":0},{"damage_healed":0,"gold_gain":99,"player_choice":"Stole From Cult","damage_taken":0,"max_hp_gain":0,"max_hp_loss":0,"event_name":"Nest","floor":21,"gold_loss":0},{"damage_healed":0,"gold_gain":275,"player_choice":"Desecrate","damage_taken":0,"max_hp_gain":0,"max_hp_loss":0,"event_name":"Golden Shrine","floor":27,"gold_loss":0,"cards_obtained":["Regret"]}],"is_beta":false,"boss_relics":[{"not_picked":["Runic Dome","Astrolabe"],"picked":"Black Star"}],"items_purged_floors":[28],"is_endless":false,"potions_floor_spawned":[6,7,20,22,25,30,31],"killed_by":"Champ","ascension_level":0}}