{"host":"anox4050deqdcqoh","time":1608763041,"event":{"mods":["BaseMod","Colored Map","Minty Spire (QoL Compilation)"],"gold_per_floor":[118,136,136,136,151,184,184,203,203,203,222,240,240,96,96,192,192,209,229,229,3,16,16,35,53,53,67,67,0,32,49,49,148,148,168,180,230,246,246,246,257,257,257,291,291,309,133,153,153,153],"floor_reached":51,"playtime":4118,"items_purged":["Self Repair"],"score":686,"play_id":"986939a2-c74c-4f21-94e5-c2a94bb0d7bb","local_time":"20201223173721","is_ascension_mode":true,"campfire_choices":[{"floor":7,"key":"REST"},{"floor":10,"key":"RECALL"},{"floor":15,"key":"REST"},{"floor":28,"key":"REST"},{"data":"Rainbow","floor":32,"key":"SMITH"},{"data":"Defragment","floor":40,"key":"SMITH"},{"data":"Redo","floor":42,"key":"SMITH"},{"floor":45,"key":"REST"},{"floor":49,"key":"REST"}],"circlet_count":0,"master_deck":["Strike_B","Strike_B","Strike_B+1","Strike_B+1","Defend_B+1","Defend_B","Defend_B","Zap","Dualcast+1","Reinforced Body","Coolheaded","Self Repair","Loop","Defragment+1","Amplify","All For One","Defragment+1","Redo+1","Rainbow+1","Gash+1","Go for the Eyes","Hologram+1","Gash","Coolheaded","White Noise","Sweeping Beam+1","Parasite","Undo+1","Fusion+1","Seek","BootSequence+1","Parasite","Defragment"],"relics":["FrozenCore","Happy Flower","Whetstone","Chemical X","Black Star","Runic Capacitor","PreservedInsect","Shuriken","War Paint","Torii","Vajra","Kunai","Gremlin Horn"],"acts_visited":["Exordium","TheCity","TheBeyond"],"potions_floor_usage":[16,16,27,30,33,44,44,50],"damage_taken":[{"damage":1,"enemies":"Jaw Worm","floor":1,"turns":3},{"damage":2,"enemies":"2 Louse","floor":2,"turns":3},{"damage":0,"enemies":"Cultist","floor":5,"turns":3},{"damage":55,"enemies":"Gremlin Nob","floor":6,"turns":6},{"damage":2,"enemies":"Blue Slaver","floor":8,"turns":3},{"damage":4,"enemies":"Looter","floor":11,"turns":4},{"damage":13,"enemies":"Lots of Slimes","floor":12,"turns":5},{"damage":22,"enemies":"Slime Boss","floor":16,"turns":11},{"damage":13,"enemies":"3 Byrds","floor":18,"turns":5},{"damage":18,"enemies":"Shell Parasite","floor":19,"turns":7},{"damage":33,"enemies":"Centurion and Healer","floor":22,"turns":9},{"damage":10,"enemies":"Snake Plant","floor":24,"turns":4},{"damage":26,"enemies":"Chosen and Byrds","floor":25,"turns":9},{"damage":7,"enemies":"Centurion and Healer","floor":27,"turns":8},{"damage":28,"enemies":"Gremlin Leader","floor":30,"turns":5},{"damage":10,"enemies":"Cultist and Chosen","floor":31,"turns":7},{"damage":47,"enemies":"Automaton","floor":33,"turns":8},{"damage":20,"enemies":"3 Darklings","floor":35,"turns":9},{"damage":20,"enemies":"Orb Walker","floor":36,"turns":7},{"damage":16,"enemies":"Mind Bloom Boss Battle","floor":37,"turns":10},{"damage":9,"enemies":"Writhing Mass","floor":38,"turns":12},{"damage":14,"enemies":"4 Shapes","floor":41,"turns":6},{"damage":61,"enemies":"Reptomancer","floor":44,"turns":6},{"damage":0,"enemies":"Maw","floor":46,"turns":10},{"damage":16,"enemies":"Writhing Mass","floor":48,"turns":7},{"damage":1,"enemies":"Donu and Deca","floor":50,"turns":12}],"seed_played":"-2864771691368886799","potions_obtained":[{"floor":6,"key":"Strength Potion"},{"floor":8,"key":"Weak Potion"},{"floor":11,"key":"Regen Potion"},{"floor":18,"key":"Ancient Potion"},{"floor":19,"key":"BlessingOfTheForge"},{"floor":27,"key":"PowerPotion"},{"floor":30,"key":"SpeedPotion"},{"floor":36,"key":"PotionOfCapacity"},{"floor":38,"key":"SteroidPotion"},{"floor":48,"key":"SpeedPotion"}],"is_trial":false,"path_per_floor":["M","M","?","?","M","E","R","M","T","R","M","M","?","$","R","B",null,"M","M","?","$","M","?","M","M","T","M","R","?","E","M","R","B",null,"M","M","?","M","?","R","M","R","T","E","R","M","$","M","R","B",null],"character_chosen":"DEFECT","items_purchased":["Chemical X","Runic Capacitor","Rainbow","Strength Potion","SpeedPotion"],"campfire_rested":5,"item_purchase_floors":[14,21,21,47,47],"current_hp_per_floor":[81,79,79,84,84,29,55,53,53,53,56,50,50,50,76,54,87,74,70,70,70,44,44,34,22,22,51,77,77,70,74,74,27,87,87,74,79,84,84,84,77,77,77,23,49,63,63,61,87,87],"gold":153,"neow_bonus":"TEN_PERCENT_HP_BONUS","is_daily":false,"chose_seed":false,"campfire_upgraded":3,"win_rate":0.0,"timestamp":1608763041,"path_taken":["M","M","?","?","M","E","R","M","T","R","M","M","?","$","R","BOSS","M","?","?","$","M","?","?","M","T","M","R","?","E","M","R","BOSS","M","M","?","M","?","R","?","R","T","E","R","?","$","M","R","BOSS"],"items_purchased_type":["Relic","Relic","Card","Potion","Potion"],"build_version":"2020-12-22","purchased_purges":1,"victory":true,"max_hp_per_floor":[82,82,82,87,87,87,87,87,87,87,87,87,87,87,87,87,87,87,87,87,87,87,87,87,87,87,87,87,87,87,87,87,87,87,87,87,87,87,87,87,87,87,87,87,87,87,87,87,87,87],"card_choices":[{"not_picked":["Barrage","Conserve Battery"],"picked":"Reinforced Body","floor":1},{"not_picked":["Double Energy","Compile Driver"],"picked":"Hologram","floor":2},{"not_picked":["Streamline","Double Energy","Steam"],"picked":"SKIP","floor":5},{"not_picked":["Beam Cell","Barrage"],"picked":"Coolheaded","floor":6},{"not_picked":["Steam","BootSequence"],"picked":"Self Repair","floor":8},{"not_picked":["Compile Driver","Multi-Cast"],"picked":"Loop","floor":11},{"not_picked":["Blizzard","Conserve Battery"],"picked":"Defragment","floor":12},{"not_picked":["Multi-Cast","Biased Cognition"],"picked":"All For One","floor":16},{"not_picked":["Steam+1","Double Energy"],"picked":"Defragment+1","floor":18},{"not_picked":["Coolheaded","Steam"],"picked":"Redo","floor":19},{"not_picked":["Blizzard+1","Leap"],"picked":"Self Repair","floor":22},{"not_picked":["Double Energy","Scrape"],"picked":"Gash+1","floor":24},{"not_picked":["Chaos","Stack+1"],"picked":"Go for the Eyes","floor":25},{"not_picked":["Turbo","Stack"],"picked":"Hologram+1","floor":27},{"not_picked":["Recycle","Darkness+1"],"picked":"Gash","floor":30},{"not_picked":["All For One","Compile Driver+1"],"picked":"Coolheaded","floor":31},{"not_picked":["Skim","Redo+1"],"picked":"White Noise","floor":35},{"not_picked":["Steam","Recycle+1","Ball Lightning"],"picked":"SKIP","floor":36},{"not_picked":["Coolheaded","FTL+1"],"picked":"Sweeping Beam+1","floor":37},{"not_picked":["Streamline+1","Rebound"],"picked":"Undo+1","floor":38},{"not_picked":["Turbo+1","Undo"],"picked":"Fusion+1","floor":41},{"not_picked":["Heatsinks","FTL"],"picked":"Seek","floor":44},{"not_picked":["Stack+1","Coolheaded+1"],"picked":"BootSequence+1","floor":46},{"not_picked":["Gash","Biased Cognition"],"picked":"Defragment","floor":48}],"player_experience":157058,"relics_obtained":[{"floor":6,"key":"Happy Flower"},{"floor":9,"key":"Whetstone"},{"floor":26,"key":"PreservedInsect"},{"floor":30,"key":"Shuriken"},{"floor":30,"key":"War Paint"},{"floor":37,"key":"Torii"},{"floor":44,"key":"Kunai"},{"floor":44,"key":"Gremlin Horn"}],"event_choices":[{"damage_healed":0,"gold_gain":0,"player_choice":"Ignored","damage_taken":0,"max_hp_gain":0,"max_hp_loss":0,"event_name":"Golden Idol","floor":3,"gold_loss":0},{"damage_healed":0,"gold_gain":0,"player_choice":"Donut","damage_taken":0,"max_hp_gain":5,"max_hp_loss":0,"event_name":"Big Fish","floor":4,"gold_loss":0},{"damage_healed":0,"gold_gain":0,"cards_transformed":["Hologram"],"player_choice":"Transformed","damage_taken":0,"max_hp_gain":0,"max_hp_loss":0,"event_name":"Transmorgrifier","floor":13,"gold_loss":0,"cards_obtained":["Amplify"]},{"damage_healed":0,"gold_gain":0,"player_choice":"Ignored","damage_taken":0,"max_hp_gain":0,"max_hp_loss":0,"event_name":"Vampires","floor":20,"gold_loss":0},{"cards_removed":["Defend_B"],"damage_healed":0,"gold_gain":0,"player_choice":"Purged","damage_taken":0,"max_hp_gain":0,"max_hp_loss":0,"event_name":"Purifier","floor":23,"gold_loss":0},{"damage_healed":0,"gold_gain":0,"player_choice":"Paid Fearfully","damage_taken":0,"max_hp_gain":0,"max_hp_loss":0,"event_name":"Masked Bandits","floor":29,"gold_loss":67},{"damage_healed":0,"gold_gain":0,"player_choice":"Fight","damage_taken":0,"max_hp_gain":0,"max_hp_loss":0,"event_name":"MindBloom","floor":37,"gold_loss":0},{"damage_healed":0,"gold_gain":0,"player_choice":"Gave Potion","damage_taken":0,"relics_obtained":["Vajra"],"max_hp_gain":0,"max_hp_loss":0,"event_name":"WeMeetAgain","floor":39,"gold_loss":0}],"is_beta":false,"boss_relics":[{"not_picked":["Ectoplasm","Runic Dome"],"picked":"Black Star"},{"not_picked":["Busted Crown","Philosopher\u0027s Stone"],"picked":"FrozenCore"}],"items_purged_floors":[47],"is_endless":false,"potions_floor_spawned":[6,8,11,12,18,19,25,27,30,36,38,48],"ascension_level":1}}