{"host":"3ek78t4i81ecmdy1","time":1608698506,"event":{"mods":["2.2 Compatiblity","AchievementEnabler","BaseMod","Colored Map","DeckTracker","Filter the Spire","Keyboard Shortcuts","Minty Spire (QoL Compilation)","Permanent Neow","Quick Restart","SuperFastMode","everything is the same but u backflip on backflip"],"gold_per_floor":[113,113,127,143,163,163,191,191,216,216,229,36,47,76,76,179,179,163,262,280,299,309,309,309,329,378,378,86,114,114,114,114],"floor_reached":31,"playtime":1049,"items_purged":["Defend_R"],"score":280,"play_id":"ca09c217-1355-4ad2-a5ef-b9a5e2c08b2f","local_time":"20201223134146","is_ascension_mode":true,"campfire_choices":[{"data":"Magnetism","floor":6.0,"key":"SMITH"},{"data":"True Grit","floor":8.0,"key":"SMITH"},{"floor":15.0,"key":"RECALL"},{"data":"Berserk","floor":24,"key":"SMITH"},{"data":"Reaper","floor":27,"key":"SMITH"},{"data":"Intimidate","floor":30,"key":"SMITH"}],"circlet_count":0,"master_deck":["Strike_R","Strike_R","Defend_R","Defend_R","Bash","Magnetism+1","Heavy Blade","Fire Breathing+1","Carnage","True Grit+1","Armaments","Ghostly Armor","Warcry","Metallicize","Berserk+1","Blood for Blood+1","Anger+1","Uppercut+1","Shrug It Off+1","Sword Boomerang+1","Reaper+1","Feel No Pain+1","Intimidate+1","Juggernaut"],"relics":["Burning Blood","Bag of Marbles","Blood Vial","Bronze Scales","Orichalcum","Astrolabe","Pen Nib","Juzu Bracelet"],"acts_visited":["Exordium","TheCity"],"potions_floor_usage":[29,29,29],"damage_taken":[{"damage":3.0,"enemies":"2 Louse","floor":1.0,"turns":4.0},{"damage":11.0,"enemies":"Cultist","floor":3.0,"turns":5.0},{"damage":0.0,"enemies":"Small Slimes","floor":4.0,"turns":3.0},{"damage":12.0,"enemies":"Red Slaver","floor":5.0,"turns":5.0},{"damage":31.0,"enemies":"3 Sentries","floor":7.0,"turns":6.0},{"damage":3.0,"enemies":"3 Louse","floor":11.0,"turns":4.0},{"damage":0.0,"enemies":"Exordium Wildlife","floor":13.0,"turns":4.0},{"damage":18.0,"enemies":"Gremlin Nob","floor":14.0,"turns":4.0},{"damage":15.0,"enemies":"Slime Boss","floor":16.0,"turns":8.0},{"damage":18.0,"enemies":"2 Thieves","floor":18.0,"turns":4.0},{"damage":4.0,"enemies":"Chosen","floor":20.0,"turns":4.0},{"damage":27.0,"enemies":"Snake Plant","floor":21.0,"turns":3.0},{"damage":29,"enemies":"Shelled Parasite and Fungi","floor":22,"turns":6},{"damage":20,"enemies":"Chosen and Byrds","floor":25,"turns":6},{"damage":25,"enemies":"Slavers","floor":29,"turns":6},{"damage":32,"enemies":"3 Cultists","floor":31,"turns":3}],"seed_played":"-7531024811372564276","potions_obtained":[{"floor":3.0,"key":"PowerPotion"},{"floor":5.0,"key":"PowerPotion"},{"floor":11.0,"key":"FearPotion"},{"floor":16.0,"key":"BloodPotion"},{"floor":18.0,"key":"Weak Potion"},{"floor":20.0,"key":"Regen Potion"},{"floor":25,"key":"Block Potion"}],"is_trial":false,"path_per_floor":["M","?","M","M","M","R","E","R","T","?","M","$","M","E","R","B",null,"M","?","M","M","M","?","R","M","T","R","$","E","R","M"],"character_chosen":"IRONCLAD","items_purchased":["Bronze Scales","Ghostly Armor","Pen Nib","Intimidate"],"campfire_rested":0,"item_purchase_floors":[12,12,28,28],"current_hp_per_floor":[59,59,54,60,54,54,29,29,29,29,34,34,42,32,32,25,80,68,68,80,59,38,38,38,30,30,30,30,28,28,0,0],"gold":114,"neow_bonus":"RANDOM_COLORLESS_2","is_daily":false,"chose_seed":false,"campfire_upgraded":5,"win_rate":0.0,"timestamp":1608698506,"path_taken":["M","?","M","M","?","R","E","R","T","?","M","$","?","E","R","BOSS","M","?","M","M","M","?","R","M","T","R","$","E","R","M"],"items_purchased_type":["Relic","Card","Relic","Card"],"build_version":"2020-12-22","purchased_purges":1,"victory":false,"max_hp_per_floor":[80,80,80,80,80,80,80,80,80,80,80,80,80,80,80,80,80,80,80,80,80,80,80,80,80,80,80,80,80,80,80,80],"card_choices":[{"not_picked":["Violence","Master of Strategy"],"picked":"Magnetism","floor":0.0},{"not_picked":["Iron Wave","Body Slam"],"picked":"Heavy Blade","floor":1.0},{"not_picked":["Perfected Strike","Pummel"],"picked":"Fire Breathing","floor":3.0},{"not_picked":["Havoc","Searing Blow"],"picked":"Carnage","floor":4.0},{"not_picked":["Cleave","Shrug It Off"],"picked":"True Grit","floor":5.0},{"not_picked":["Rampage","Sentinel"],"picked":"True Grit","floor":7.0},{"not_picked":["Seeing Red","Flex"],"picked":"Armaments","floor":11.0},{"not_picked":["Fire Breathing","Combust"],"picked":"Warcry","floor":13.0},{"not_picked":["Pommel Strike","Limit Break"],"picked":"Metallicize","floor":14.0},{"not_picked":["Feed","Offering"],"picked":"Berserk","floor":16.0},{"not_picked":["Wild Strike+1","Whirlwind+1"],"picked":"Shrug It Off+1","floor":18.0},{"not_picked":["Clothesline+1","Headbutt"],"picked":"Sword Boomerang+1","floor":20.0},{"not_picked":["Clothesline","Flame Barrier"],"picked":"Reaper","floor":21.0},{"not_picked":["Rupture","True Grit+1"],"picked":"Feel No Pain+1","floor":22},{"not_picked":["Metallicize","Clash","Flex"],"picked":"SKIP","floor":25},{"not_picked":["Flame Barrier","Hemokinesis"],"picked":"Juggernaut","floor":29}],"player_experience":15675,"relics_obtained":[{"floor":7.0,"key":"Bag of Marbles"},{"floor":9.0,"key":"Blood Vial"},{"floor":14.0,"key":"Orichalcum"},{"floor":29,"key":"Juzu Bracelet"}],"event_choices":[{"cards_removed":["Strike_R"],"damage_healed":0.0,"max_hp_gain":0.0,"max_hp_loss":0.0,"gold_gain":0.0,"event_name":"Purifier","player_choice":"Purged","floor":2.0,"gold_loss":0.0,"damage_taken":0.0},{"damage_healed":0.0,"max_hp_gain":0.0,"max_hp_loss":0.0,"gold_gain":0.0,"event_name":"Upgrade Shrine","player_choice":"Upgraded","floor":10.0,"gold_loss":0.0,"damage_taken":0.0,"cards_upgraded":["Fire Breathing"]},{"damage_healed":0.0,"max_hp_gain":0.0,"max_hp_loss":0.0,"gold_gain":99.0,"event_name":"Nest","player_choice":"Stole From Cult","floor":19.0,"gold_loss":0.0,"damage_taken":0.0},{"cards_removed":["True Grit"],"damage_healed":0,"gold_gain":0,"player_choice":"Elegance","damage_taken":0,"max_hp_gain":0,"max_hp_loss":0,"event_name":"Back to Basics","floor":23,"gold_loss":0}],"is_beta":false,"boss_relics":[{"not_picked":["Pandora\u0027s Box","Ectoplasm"],"picked":"Astrolabe"}],"items_purged_floors":[28],"is_endless":false,"potions_floor_spawned":[3,5,11,16,18,20,25],"killed_by":"3 Cultists","ascension_level":1}}