{"host":"7v9t59ze4jbx2rzq","time":1608730424,"event":{"mods":["100% Spire Juice","Act Like it!","Arisen Slayers","BaseMod","Gensokyo","Highlight Path","Minty Spire (QoL Compilation)","QueenMod","Spicy Shops","StSLib"],"gold_per_floor":[115,215,215,215,227,227,247,276,276,276,105,116,116,150,150,150,150,150],"floor_reached":16,"playtime":1701,"items_purged":[],"score":139,"play_id":"777dc7b5-3d86-4d63-bfec-7778e6fdf17f","local_time":"20201223083344","is_ascension_mode":true,"campfire_choices":[{"data":"QueenMod:Ravage","floor":6,"key":"SMITH"},{"floor":15,"key":"REST"}],"circlet_count":0,"master_deck":["QueenMod:Strike","QueenMod:Strike","QueenMod:Strike","QueenMod:Strike","QueenMod:Defend","QueenMod:Defend","QueenMod:Defend","QueenMod:Defend","QueenMod:QuickJabs","QueenMod:HonorGuard","QueenMod:SwarmingStrike","QueenMod:Ravage+1","QueenMod:Mark","QueenMod:SwarmTactics","Gensokyo:BlemishedSteel","QueenMod:Coronation"],"relics":["QueenMod:QueensBanner","NeowsBlessing","Gensokyo:Justice","Mango","Girya","The Courier","Gensokyo:PortableGap","Tiny Chest","Torii","Toy Ornithopter"],"acts_visited":["Exordium"],"potions_floor_usage":[14,14,14,16],"damage_taken":[{"damage":0,"enemies":"Gensokyo:Python","floor":1,"turns":1},{"damage":0,"enemies":"Gensokyo:2_Kodama","floor":5,"turns":1},{"damage":0,"enemies":"Gensokyo:Gryphon","floor":7,"turns":1},{"damage":0,"enemies":"Gensokyo:Cirno","floor":8,"turns":4},{"damage":6,"enemies":"Gensokyo:VengefulSpirit","floor":12,"turns":8},{"damage":30,"enemies":"Gensokyo:Aya","floor":14,"turns":6},{"damage":73,"enemies":"Gensokyo:Kokoro","floor":16,"turns":14}],"seed_played":"-6439560181534166972","potions_obtained":[{"floor":1,"key":"Swift Potion"},{"floor":7,"key":"DuplicationPotion"},{"floor":12,"key":"BlessingOfTheForge"},{"floor":14,"key":"Dexterity Potion"}],"is_trial":false,"path_per_floor":["M","?","?","?","M","R","M","E","T","?","COS","M","?","E","R","B"],"character_chosen":"THE_QUEEN","items_purchased":[],"campfire_rested":1,"item_purchase_floors":[],"current_hp_per_floor":[75,75,75,68,68,68,68,68,68,68,68,62,62,32,56,0,0,0],"gold":150,"neow_bonus":"THREE_ENEMY_KILL","is_daily":false,"chose_seed":false,"campfire_upgraded":1,"win_rate":0.0,"timestamp":1608730424,"path_taken":["M","?","?","?","?","R","M","E","T","?","COS","M","?","E","R","BOSS"],"items_purchased_type":[],"build_version":"2020-12-22","purchased_purges":0,"victory":false,"max_hp_per_floor":[75,75,75,89,89,89,89,89,89,81,81,81,81,81,81,81,81,81],"card_choices":[{"not_picked":["QueenMod:HiveNetwork","QueenMod:HoldPosition"],"picked":"QueenMod:HonorGuard","floor":1},{"not_picked":["QueenMod:Advisor","QueenMod:FullRetreat"],"picked":"QueenMod:SwarmingStrike","floor":2},{"not_picked":["QueenMod:HoneycombSmash","QueenMod:HexGuard"],"picked":"QueenMod:Ravage","floor":5},{"not_picked":["QueenMod:CrossGuard","QueenMod:Garrison"],"picked":"QueenMod:Mark","floor":7},{"not_picked":["QueenMod:Charge","QueenMod:Parry"],"picked":"QueenMod:SwarmTactics","floor":8},{"not_picked":["QueenMod:Charge","QueenMod:HexGuard","QueenMod:Parry"],"picked":"SKIP","floor":12},{"not_picked":["QueenMod:Regroup","QueenMod:Rally"],"picked":"QueenMod:Coronation","floor":14}],"player_experience":2168263,"relics_obtained":[{"floor":8,"key":"Girya"},{"floor":9,"key":"The Courier"},{"floor":14,"key":"Torii"}],"event_choices":[],"is_beta":false,"boss_relics":[],"items_purged_floors":[],"is_endless":false,"potions_floor_spawned":[1,7,12,14],"killed_by":"Gensokyo:Kokoro","ascension_level":1}}