{"host":"mmvmlqmvbrlj5jge","time":1608727531,"event":{"mods":["ATMod(阿瑾Mod)","Act Like it!","BaseMod","Dota2Spire","Gensokyo","Hallownest","Koishi","Lobotomy","Mari Mod (Legacy)","Mari\u0027s V1 Patch","Minty Spire (QoL Compilation)","MostiFishMod","Pale of the Ancients","Prisma Mod","Quick Restart","Remilia（蕾米莉亚）","RumiaBox-露米娅的神秘盒子","Spicy Shops","StSLib","TestMod","The Bug Knight","【功能Mod】混沌之环修复补丁","【遗物卡牌】REMEMod","篝火指南"],"gold_per_floor":[118,118,130,149,149,177,177,177,201,250,250,250,283,283,283,415,415,432,432,443,443,443,487,503,543,598,627,645,1045,1045,1054,274,408,408,452,152,167,21,38,373,373,408,408,456,456,471,499,499,499,529],"floor_reached":51,"playtime":2679,"items_purged":["Strike_RM","Defend_RM","Defend_RM","Defend_RM","Strike_RM","BloodAndWine"],"score":1465,"play_id":"4b00c80c-2ca8-4c1d-87f2-24f57e60c3cf","local_time":"20201223204531","is_ascension_mode":true,"campfire_choices":[{"data":"AT_LightSaberMaster","floor":7.0,"key":"SMITH"},{"data":"BloodAndWine","floor":11.0,"key":"SMITH"},{"data":"Mayhem","floor":15.0,"key":"SMITH"},{"data":"RedMoon","floor":49,"key":"SMITH"}],"circlet_count":0,"master_deck":["Strike_RM","Strike_RM","Defend_RM","RedMoon+1","ScarletShoot","AT_LightSaberMaster+1","Mayhem+1","BloodAndWine+1","EquivalentExchange"],"relics":["REME_ComplimentaryCards","AT_ATBox","DiscerningMonocle","testmod-GiftOfSatan","SoulBox","Hallownest:SalubrasBlessingRelic","GodSword7","AT_ChloranthyRing","Toolbox","testmod-IWantAll","ScarletDevilRocket","Dota2Spire:EchoSabre","Blood Vial","Dota2Spire:HandOfMidas","Nunchaku","Dota2Spire:Vanguard","testmod-OneHitWonder","OrangePellets","Toy Ornithopter","DaveBox","Eternal Feather","Dota2Spire:MonkeyKingBar","RhineSuit","CeramicFish","Mummified Hand","REME_CardOfGreed","Cauldron","AT_ArchangelStaff","Oddly Smooth Stone","PreservedInsect","testmod-InfectionSource","Tiny Chest","Dota2Spire:Dagon","Bag of Marbles","Frozen Eye","testmod-TimeTraveler","MagicDraw3","Bag of Preparation","Letter Opener","Omamori","BirthdayGift-Tetrahedron","Chemical X","BirthdayGift-Icosahedron","Old Coin","Dota2Spire:ArcaneBoots","Dota2Spire:Desolator","Darkstone Periapt","Ccalipers","Regal Pillow","HollowMod:PaleOreRelic","testmod-Nyarlathotep","SynthV","ChiLing","Chi","Ling"],"acts_visited":["Hallownest:Greenpath","Gensokyo:Gensokyoer","Gensokyo:Gensokyoest"],"potions_floor_usage":[],"damage_taken":[{"damage":3.0,"enemies":"Hallownest:2_Tiktiks_and_1_Crawlid","floor":1.0,"turns":1.0},{"damage":7.0,"enemies":"Hallownest:monsterHuskGuard","floor":3.0,"turns":3.0},{"damage":2.0,"enemies":"Hallownest:2_Baldur","floor":4.0,"turns":6.0},{"damage":11.0,"enemies":"Hallownest:eliteMossKnight","floor":6.0,"turns":9.0},{"damage":0.0,"enemies":"Hallownest:monsterFoolEater","floor":10.0,"turns":2.0},{"damage":0.0,"enemies":"Hallownest:eliteCrystalGuardian","floor":13.0,"turns":2.0},{"damage":24.0,"enemies":"Hallownest:BossBrokenVessel","floor":16.0,"turns":6.0},{"damage":3.0,"enemies":"Gensokyo:2_Gloops","floor":18.0,"turns":2.0},{"damage":0.0,"enemies":"Gensokyo:AngelMirror","floor":20.0,"turns":2.0},{"damage":0.0,"enemies":"Gensokyo:Swordslinger","floor":23.0,"turns":2.0},{"damage":3.0,"enemies":"Gensokyo:Mirror_and_Dog","floor":24.0,"turns":2.0},{"damage":3.0,"enemies":"Gensokyo:3_Gloops","floor":25.0,"turns":3.0},{"damage":0.0,"enemies":"Gensokyo:Tenshi","floor":27.0,"turns":2.0},{"damage":0.0,"enemies":"Gensokyo:Swordslinger","floor":28.0,"turns":2.0},{"damage":25.0,"enemies":"Gensokyo:Eternal_Rivals","floor":33.0,"turns":5.0},{"damage":0.0,"enemies":"Gensokyo:3_Bats","floor":35.0,"turns":3.0},{"damage":10,"enemies":"Gensokyo:3_Boulders","floor":37,"turns":1},{"damage":0,"enemies":"Gensokyo:Dusk_and_Dawn","floor":39,"turns":1},{"damage":0,"enemies":"Gensokyo:Marisa","floor":40,"turns":1},{"damage":9,"enemies":"Gensokyo:Doremy","floor":42,"turns":1},{"damage":0,"enemies":"Gensokyo:4_Bats","floor":44,"turns":1},{"damage":5,"enemies":"Gensokyo:Rafflesia","floor":46,"turns":2},{"damage":21,"enemies":"Gensokyo:Marisa","floor":47,"turns":2},{"damage":10,"enemies":"Gensokyo:Shinki","floor":50,"turns":3}],"seed_played":"6626302930463832910","potions_obtained":[{"floor":1.0,"key":"EssenceOfSteel"},{"floor":4.0,"key":"LiquidBronze"},{"floor":19.0,"key":"Energy Potion"},{"floor":25.0,"key":"EssenceOfSteel"}],"is_trial":false,"path_per_floor":["M","?","M","M","$","E","R","$","T","M","R","?","E","?","R","B",null,"M","$","M","?","?","M","M","M","T","E","M","?","?","?","R","B",null,"M","$","M","COS","M","E","?","E","T","M","?","M","E","$","R","B",null],"character_chosen":"REMILIA","items_purchased":["GodSword7","AT_ChloranthyRing","Toolbox","testmod-IWantAll","ScarletDevilRocket","Dota2Spire:EchoSabre","Fire Potion","Dota2Spire:HandOfMidas","Nunchaku","Dota2Spire:Vanguard","testmod-OneHitWonder","OrangePellets","testmod-SpacePotion","DuplicationPotion","testmod-TestPotion","BloodAndWine","CeramicFish","Mummified Hand","REME_CardOfGreed","Cauldron","AT_ArchangelStaff","Oddly Smooth Stone","Tiny Chest","Dota2Spire:Dagon","Bag of Marbles","Frozen Eye","MagicDraw3","Bag of Preparation","Letter Opener","Omamori","BirthdayGift-Tetrahedron","Chemical X","Ccalipers","Regal Pillow","HollowMod:PaleOreRelic","testmod-Nyarlathotep","SynthV","ChiLing"],"campfire_rested":0,"item_purchase_floors":[5,5,5,5,5,5,5,8,8,8,8,8,8,8,8,8,19,19,19,19,19,19,32,32,32,32,36,36,36,36,36,36,48,48,48,48,48,48],"current_hp_per_floor":[76,76,85,97,97,92,92,92,92,95,95,95,97,97,97,97,97,102,102,102,102,102,102,112,129,129,129,129,129,129,129,129,107,124,129,129,121,121,126,129,129,121,121,124,124,129,109,109,112,129],"gold":529,"neow_bonus":"BOSS_RELIC","is_daily":false,"chose_seed":false,"campfire_upgraded":4,"win_rate":0.0,"timestamp":1608727531,"path_taken":["M","?","M","M","$","E","R","?","T","M","R","?","E","?","R","BOSS","M","$","M","?","?","M","?","M","T","E","?","?","?","?","R","BOSS","M","$","M","COS","M","E","?","E","T","?","?","M","E","$","R","BOSS"],"items_purchased_type":["Relic","Relic","Relic","Relic","Relic","Relic","Potion","Relic","Relic","Relic","Relic","Relic","Potion","Potion","Potion","Card","Relic","Relic","Relic","Relic","Relic","Relic","Relic","Relic","Relic","Relic","Relic","Relic","Relic","Relic","Relic","Relic","Relic","Relic","Relic","Relic","Relic","Relic"],"build_version":"2020-12-22","purchased_purges":6,"victory":true,"max_hp_per_floor":[80,80,85,97,97,97,97,97,97,97,97,97,97,97,97,97,97,102,102,102,102,102,102,112,129,129,129,129,129,129,129,129,129,129,129,129,129,129,129,129,129,129,129,129,129,129,129,129,129,129],"card_choices":[{"not_picked":["VampireKiss","SuperhumanBloodyKnife","EndlessAdversity"],"picked":"SKIP","floor":1.0},{"not_picked":["EndlessAdversity","FavorOfDestiny","TricksterDevil"],"picked":"SKIP","floor":3.0},{"not_picked":["UnstableMagic","BloodAndWine","VampireKiss"],"picked":"SKIP","floor":4.0},{"not_picked":["HunterOfTheNight","MillenniumVampire","VampireFantasy"],"picked":"SKIP","floor":6.0},{"not_picked":["Stigmanizer","ScarletDevilSign","CharismaGuard"],"picked":"SKIP","floor":10.0},{"not_picked":["RedRainbow","QueenOfMidnight"],"picked":"EquivalentExchange","floor":13.0},{"not_picked":["BadLadyScramble","UnderTheZenith","BlasphemousPunishment+1"],"picked":"SKIP","floor":18.0},{"not_picked":["BloodyCatastrophe","VampireFantasy","ScarletSymphony"],"picked":"SKIP","floor":20.0},{"not_picked":["AfternoonTea+1","EndlessAdversity","DevilSight"],"picked":"SKIP","floor":23.0},{"not_picked":["AfternoonTea","VampireKiss","EndlessAdversity+1"],"picked":"SKIP","floor":24.0},{"not_picked":["FavorOfDestiny","SuperhumanBloodyKnife+1","BombardNight+1"],"picked":"SKIP","floor":25.0},{"not_picked":["VampireKiss","BlasphemousPunishment","AfternoonTea"],"picked":"SKIP","floor":27.0},{"not_picked":["SuperhumanBloodyKnife","BlasphemousPunishment","DevilSight"],"picked":"SKIP","floor":28.0},{"not_picked":["UnderTheZenith+1","ScarletDevil+1","DiffusionOfMisfortune+1"],"picked":"SKIP","floor":35.0},{"not_picked":["HunterOfTheNight+1","StarOfDavid","BadLadyScramble"],"picked":"SKIP","floor":37},{"not_picked":["VampireKiss","ScarletImprint+1","FavorOfDestiny+1"],"picked":"SKIP","floor":39},{"not_picked":["ScarletImprint","DiffusionOfMisfortune","NightDance"],"picked":"SKIP","floor":40},{"not_picked":["NightLord","AfternoonTea+1","UnstableMagic"],"picked":"SKIP","floor":42},{"not_picked":["MillenniumVampire","Stigmanizer","DiffusionOfMisfortune"],"picked":"SKIP","floor":44},{"not_picked":["ScarletDevilSign+1","RedMagic","RedRainbow+1"],"picked":"SKIP","floor":46},{"not_picked":["BlasphemousPunishment+1","VampireKiss","EmergencyRegeneration+1"],"picked":"SKIP","floor":47}],"player_experience":124066,"relics_obtained":[{"floor":6.0,"key":"Blood Vial"},{"floor":9.0,"key":"Toy Ornithopter"},{"floor":13.0,"key":"Dota2Spire:MonkeyKingBar"},{"floor":26.0,"key":"PreservedInsect"},{"floor":27.0,"key":"testmod-InfectionSource"},{"floor":40,"key":"Old Coin"},{"floor":42,"key":"Dota2Spire:ArcaneBoots"},{"floor":43,"key":"Dota2Spire:Desolator"},{"floor":47,"key":"Darkstone Periapt"}],"event_choices":[{"damage_healed":0.0,"max_hp_gain":0.0,"max_hp_loss":0.0,"gold_gain":0.0,"event_name":"给自己的盒子","player_choice":"Swap Relic","floor":12.0,"relics_lost":["DaveBox"],"gold_loss":0.0,"damage_taken":0.0,"relics_obtained":["DaveBox"]},{"damage_healed":0.0,"max_hp_gain":0.0,"max_hp_loss":0.0,"gold_gain":400.0,"event_name":"恩洛斯的盘子","player_choice":"Sell","floor":29.0,"relics_lost":["testmod-TestBox"],"gold_loss":0.0,"damage_taken":0.0}],"is_beta":false,"boss_relics":[{"not_picked":["JellyFishMachine","Philosopher\u0027s Stone"],"picked":"RhineSuit"},{"not_picked":["REME_ChargedStone","NightmareShop"],"picked":"testmod-TimeTraveler"}],"items_purged_floors":[5,8,19,32,36,48],"is_endless":false,"potions_floor_spawned":[1,4,13,16,20,25,33,37,39,44],"ascension_level":7}}