{"host":"eez7vtcxu2i37lck","time":1608728791,"event":{"mods":["AchievementEnabler","BaseMod","Colored Map","Colored Powertips","Downfall","Hermit","Highlight Path","Hubris","Infinite Spire","Jorbs\u0027s Wanderer Trilogy","Minty Spire (QoL Compilation)","Quick Restart","Rare Cards Sparkle","Replay The Spire","Shop Mod","StSLib","The IronCluck"],"gold_per_floor":[99,114,114,132,132,147,171,271,283,283,283,283],"floor_reached":10,"playtime":358,"items_purged":[],"score":58,"play_id":"35ec417c-0235-4c49-904d-c4aacf29b775","local_time":"20201223080631","is_ascension_mode":false,"campfire_choices":[{"floor":1,"key":"DIG"}],"circlet_count":0,"master_deck":["hexamod:Strike","hexamod:Strike","hexamod:Strike","hexamod:Defend","hexamod:Defend","hexamod:Defend","hexamod:Defend","hexamod:Sear","hexamod:Float","hexamod:StepThrough","hexamod:RainOfEmbers","hexamod:FourthSeal"],"relics":["hexamod:SpiritBrand","Potion Belt","infinitespire:Satchel"],"acts_visited":["Exordium"],"potions_floor_usage":[],"damage_taken":[{"damage":0,"enemies":"2 Louse","floor":2,"turns":3},{"damage":0,"enemies":"Cultist","floor":4,"turns":3},{"damage":3,"enemies":"Small Slimes","floor":6,"turns":4},{"damage":14,"enemies":"2 Fungi Beasts","floor":9,"turns":4},{"damage":40,"enemies":"3 Sentries","floor":10,"turns":8}],"seed_played":"4922441672382055780","potions_obtained":[{"floor":4,"key":"AttackPotion"},{"floor":9,"key":"Block Potion"},{"floor":9,"key":"hexamod:EctoCoolerPotion"}],"is_trial":false,"path_per_floor":["R_BF","M","?","M","?","M","T","?","M","E"],"character_chosen":"THE_SPIRIT","items_purchased":[],"campfire_rested":0,"item_purchase_floors":[],"current_hp_per_floor":[77,77,77,77,77,74,74,74,60,20,20,20],"gold":283,"neow_bonus":"TEN_PERCENT_HP_BONUS","is_daily":false,"chose_seed":false,"campfire_upgraded":0,"win_rate":0.0,"timestamp":1608728791,"path_taken":["R_BF","M","?","?","?","M","T","?","M","E"],"items_purchased_type":[],"build_version":"2020-12-22","purchased_purges":0,"victory":false,"max_hp_per_floor":[77,77,77,77,77,77,77,77,77,77,77,77],"card_choices":[{"not_picked":["hexamod:AdvancingGuard","hexamod:Hexaguard"],"picked":"hexamod:StepThrough","floor":2},{"not_picked":["hexamod:EmpoweredFlame","hexamod:AdvancingGuard"],"picked":"hexamod:RainOfEmbers","floor":4},{"not_picked":["hexamod:NightmareGuise","hexamod:ShieldOfDarkness"],"picked":"hexamod:FourthSeal","floor":6},{"not_picked":["hexamod:EmpoweredFlame","hexamod:SpectersWail","hexamod:BurningTouch"],"picked":"SKIP","floor":9}],"player_experience":235225,"relics_obtained":[{"floor":1,"key":"Potion Belt"},{"floor":7,"key":"infinitespire:Satchel"}],"event_choices":[{"cards_removed":["hexamod:Strike"],"damage_healed":0,"gold_gain":0,"player_choice":"Purged","damage_taken":0,"max_hp_gain":0,"max_hp_loss":0,"event_name":"Purifier","floor":3,"gold_loss":0},{"damage_healed":0,"gold_gain":100,"player_choice":"Gold","damage_taken":0,"max_hp_gain":0,"max_hp_loss":0,"event_name":"Wheel of Change","floor":8,"gold_loss":0}],"is_beta":false,"boss_relics":[],"items_purged_floors":[],"is_endless":false,"potions_floor_spawned":[4,9],"killed_by":"3 Sentries","ascension_level":0}}