{"host":"uwh382mre4waz4ff","time":1608690063,"event":{"mods":["AchievementEnabler","BaseMod","Better Note","Better Third Choice","BetterRewards","Highlight Path","HololiveMod","Minty Spire (QoL Compilation)","Shop Mod","StSLib"],"gold_per_floor":[79,98,112,127,4,38,54,64,90,125,125,125,151,162,162,267,267,284,298,298,312,324,324,359,359,435,468,568,568,596,612,612,716,766,776,787,787,1137,1359,1359,1391,1402,1425,1425,1440,1440,1440,1451,1451,1451],"floor_reached":51,"playtime":2681,"items_purged":["Hololive_Strike"],"score":1039,"play_id":"b4bf306d-63da-40de-a0fc-6d20da381d63","local_time":"20201223102103","is_ascension_mode":false,"campfire_choices":[{"data":"Hololive_Spy","floor":12,"key":"SMITH"},{"data":"Hololive_Breathe","floor":15,"key":"SMITH"},{"data":"Hololive_BeCareful","floor":23,"key":"SMITH"},{"data":"Hololive_Breathe","floor":25,"key":"SMITH"},{"data":"Hololive_Strike","floor":29,"key":"PURGE"},{"data":"Hololive_Strike+1","floor":32,"key":"PURGE"},{"data":"Hololive_Defend","floor":40,"key":"PURGE"},{"data":"Hololive_FlyingPonyTail","floor":44,"key":"PURGE"},{"data":"Hololive_FlyingPonyTail+1","floor":46,"key":"PURGE"},{"data":"Hololive_Defend","floor":49,"key":"PURGE"}],"circlet_count":0,"master_deck":["Hololive_Defend","Hololive_Defend","Hololive_LuckPotion","Hololive_Breathe+1","Hololive_Spy+1","Hololive_Breathe+1","Hololive_BeCareful+1","Hololive_StrengthChampion","Hololive_Yoholoon+1"],"relics":["Hololive_Peko","Runic Pyramid","Bronze Scales","PreservedInsect","Anchor","Dream Catcher","Busted Crown","Whetstone","Kunai","Juzu Bracelet","Peace Pipe","White Beast Statue","Red Mask","Tiny House","Old Coin","Pear"],"acts_visited":["Exordium","TheCity","TheBeyond"],"potions_floor_usage":[24,50,50,50],"damage_taken":[{"damage":0,"enemies":"Small Slimes","floor":1,"turns":2},{"damage":0,"enemies":"2 Louse","floor":2,"turns":3},{"damage":0,"enemies":"Jaw Worm","floor":3,"turns":3},{"damage":0,"enemies":"Lots of Slimes","floor":4,"turns":2},{"damage":0,"enemies":"3 Sentries","floor":6,"turns":6},{"damage":0,"enemies":"3 Louse","floor":7,"turns":2},{"damage":0,"enemies":"Large Slime","floor":8,"turns":5},{"damage":0,"enemies":"Lagavulin","floor":10,"turns":4},{"damage":0,"enemies":"3 Sentries","floor":13,"turns":4},{"damage":0,"enemies":"Exordium Wildlife","floor":14,"turns":2},{"damage":0,"enemies":"Slime Boss","floor":16,"turns":7},{"damage":0,"enemies":"Spheric Guardian","floor":18,"turns":2},{"damage":0,"enemies":"2 Thieves","floor":19,"turns":3},{"damage":0,"enemies":"Cultist and Chosen","floor":21,"turns":4},{"damage":0,"enemies":"Snecko","floor":22,"turns":3},{"damage":0,"enemies":"Gremlin Leader","floor":24,"turns":4},{"damage":0,"enemies":"Book of Stabbing","floor":27,"turns":2},{"damage":0,"enemies":"Colosseum Slavers","floor":28,"turns":3},{"damage":0,"enemies":"Colosseum Nobs","floor":28,"turns":2},{"damage":0,"enemies":"Masked Bandits","floor":30,"turns":3},{"damage":0,"enemies":"Shelled Parasite and Fungi","floor":31,"turns":4},{"damage":0,"enemies":"Champ","floor":33,"turns":5},{"damage":0,"enemies":"Orb Walker","floor":35,"turns":2},{"damage":0,"enemies":"3 Darklings","floor":36,"turns":3},{"damage":0,"enemies":"Mind Bloom Boss Battle","floor":38,"turns":3},{"damage":0,"enemies":"Giant Head","floor":41,"turns":4},{"damage":0,"enemies":"4 Shapes","floor":42,"turns":3},{"damage":8,"enemies":"Spire Growth","floor":45,"turns":4},{"damage":0,"enemies":"Transient","floor":48,"turns":5},{"damage":2,"enemies":"Awakened One","floor":50,"turns":9}],"seed_played":"-5584871412495286127","potions_obtained":[{"floor":2,"key":"Strength Potion"},{"floor":4,"key":"PowerPotion"},{"floor":6,"key":"GamblersBrew"},{"floor":7,"key":"Energy Potion"},{"floor":16,"key":"AttackPotion"},{"floor":24,"key":"ColorlessPotion"},{"floor":28,"key":"Explosive Potion"},{"floor":30,"key":"CultistPotion"},{"floor":31,"key":"AttackPotion"},{"floor":36,"key":"BlessingOfTheForge"},{"floor":41,"key":"Block Potion"}],"is_trial":false,"path_per_floor":["M","M","M","M","$","E","M","M","T","E","?","R","E","M","R","B",null,"M","M","?","M","M","R","E","R","T","E","?","R","?","M","R","B",null,"M","M","?","?","?","R","E","M","T","R","M","R","?","M","R","B",null],"character_chosen":"Hololive_HololiveCharacter","items_purchased":["Hololive_FlyingPonyTail"],"campfire_rested":0,"item_purchase_floors":[5],"current_hp_per_floor":[35,35,35,35,35,35,35,35,35,35,28,28,28,28,28,28,35,35,35,35,35,35,35,35,35,35,35,35,35,35,35,35,35,40,40,40,38,38,38,38,48,48,48,48,40,40,40,40,40,38],"gold":1451,"neow_bonus":"BOSS_RELIC","is_daily":false,"chose_seed":false,"campfire_upgraded":4,"win_rate":0.0,"timestamp":1608690063,"path_taken":["M","M","M","M","$","E","M","M","T","E","?","R","E","M","R","BOSS","M","M","?","M","M","R","E","R","T","E","?","R","?","M","R","BOSS","M","M","?","?","?","R","E","M","T","R","M","R","?","M","R","BOSS"],"items_purchased_type":["Card"],"build_version":"2020-12-13","purchased_purges":1,"victory":true,"max_hp_per_floor":[35,35,35,35,35,35,35,35,35,35,35,35,35,35,35,35,35,35,35,35,35,35,35,35,35,35,35,35,35,35,35,35,35,40,40,40,38,38,38,38,48,48,48,48,48,48,48,48,48,48],"card_choices":[{"not_picked":["Hololive_CallMurasakiShion","Hololive_RevenueBasedLive","Hololive_CallUruhaRushia"],"picked":"SKIP","floor":1},{"not_picked":["Hololive_CallKiryuuCoco","Hololive_OvertimeWork"],"picked":"Hololive_Breathe","floor":2},{"not_picked":["Hololive_CallAmaneKanata","Hololive_HuntDinosaur"],"picked":"Hololive_FlyingPonyTail","floor":3},{"not_picked":["Hololive_CallCivia","Hololive_CallUsadaPekora","Hololive_CallOkamiMio"],"picked":"SKIP","floor":4},{"not_picked":["Hololive_CallShishiroBotan","Hololive_CallShiroganeNoel","Hololive_CallOzoraSubaru"],"picked":"SKIP","floor":6},{"not_picked":["Hololive_RevenueBasedLive","Hololive_Drill","Hololive_CallMurasakiShion"],"picked":"SKIP","floor":7},{"not_picked":["Hololive_CallInugamiKorone","Hololive_CallCivia","Hololive_Psychosis"],"picked":"SKIP","floor":8},{"not_picked":["Hololive_RevenueBasedLive","Hololive_CallTsunomakiWatame"],"picked":"Hololive_Spy","floor":10},{"not_picked":["Hololive_CallShiroganeNoel","Hololive_HuntDinosaur"],"picked":"Hololive_Breathe","floor":13},{"not_picked":["Hololive_CallCivia","Hololive_Rebound","Hololive_CocoNews"],"picked":"SKIP","floor":14},{"not_picked":["Hololive_DDD","Hololive_ScarfAndHalo"],"picked":"Hololive_BeCareful","floor":16},{"not_picked":[],"picked":"Hololive_StrengthChampion","floor":18},{"not_picked":["Hololive_HuntDinosaur"],"picked":"SKIP","floor":19},{"not_picked":["Hololive_CallHoshimachiSuisei+1"],"picked":"SKIP","floor":21},{"not_picked":["Hololive_Rebound"],"picked":"SKIP","floor":22},{"not_picked":["Hololive_CallTokoyamiTowa+1"],"picked":"SKIP","floor":24},{"not_picked":["Hololive_DiamondStrike"],"picked":"SKIP","floor":27},{"not_picked":["Hololive_Sequa"],"picked":"SKIP","floor":31},{"not_picked":["Hololive_Rebound"],"picked":"SKIP","floor":35},{"not_picked":[],"picked":"Hololive_Yoholoon+1","floor":36},{"not_picked":["Hololive_CocoNews"],"picked":"SKIP","floor":41},{"not_picked":["Hololive_Psychosis"],"picked":"SKIP","floor":42},{"not_picked":["Hololive_CallAyundaRisu+1"],"picked":"SKIP","floor":45},{"not_picked":["Hololive_StrengthChampion+1"],"picked":"SKIP","floor":48}],"player_experience":177673,"relics_obtained":[{"floor":6,"key":"Bronze Scales"},{"floor":9,"key":"PreservedInsect"},{"floor":10,"key":"Anchor"},{"floor":13,"key":"Dream Catcher"},{"floor":24,"key":"Whetstone"},{"floor":26,"key":"Kunai"},{"floor":27,"key":"Juzu Bracelet"},{"floor":28,"key":"Peace Pipe"},{"floor":28,"key":"White Beast Statue"},{"floor":30,"key":"Red Mask"},{"floor":38,"key":"Old Coin"},{"floor":41,"key":"Pear"}],"event_choices":[{"cards_removed":["Hololive_Strike"],"damage_healed":0,"gold_gain":0,"player_choice":"Card Removal","damage_taken":7,"max_hp_gain":0,"max_hp_loss":0,"event_name":"Golden Wing","floor":11,"gold_loss":0},{"cards_removed":["Hololive_Strike"],"damage_healed":0,"gold_gain":0,"player_choice":"Give","damage_taken":0,"max_hp_gain":0,"max_hp_loss":0,"event_name":"betterNote:BetterNote","floor":20,"gold_loss":0,"cards_obtained":["Strike_B"]},{"damage_healed":0,"gold_gain":0,"player_choice":"Fight","damage_taken":0,"max_hp_gain":0,"max_hp_loss":0,"event_name":"Colosseum","floor":28,"gold_loss":0},{"damage_healed":0,"gold_gain":0,"player_choice":"Fought Nobs","damage_taken":0,"max_hp_gain":0,"max_hp_loss":0,"event_name":"Colosseum","floor":28,"gold_loss":0},{"damage_healed":0,"gold_gain":0,"player_choice":"Fought Bandits","damage_taken":0,"max_hp_gain":0,"max_hp_loss":0,"event_name":"Masked Bandits","floor":30,"gold_loss":0},{"damage_healed":0,"gold_gain":0,"player_choice":"Max HP","damage_taken":0,"max_hp_gain":0,"max_hp_loss":2,"event_name":"Winding Halls","floor":37,"gold_loss":0},{"damage_healed":0,"gold_gain":0,"player_choice":"Fight","damage_taken":0,"max_hp_gain":0,"max_hp_loss":0,"event_name":"MindBloom","floor":38,"gold_loss":0},{"damage_healed":0,"gold_gain":222,"player_choice":"Wore Mask","damage_taken":0,"max_hp_gain":0,"max_hp_loss":0,"event_name":"Tomb of Lord Red Mask","floor":39,"gold_loss":0},{"cards_removed":["Hololive_Trident"],"damage_healed":0,"gold_gain":0,"player_choice":"Removed Attack","damage_taken":0,"max_hp_gain":0,"max_hp_loss":0,"event_name":"Falling","floor":47,"gold_loss":0}],"is_beta":false,"boss_relics":[{"not_picked":["Fusion Hammer","Velvet Choker"],"picked":"Busted Crown"},{"not_picked":["Hololive_TopUpMoneyS","Hololive_ChaosS"],"picked":"Tiny House"}],"items_purged_floors":[5],"is_endless":false,"potions_floor_spawned":[2,4,6,7,16,18,24,28,28,30,31,33,35,36,38,41,42,45,48],"ascension_level":0}}