{"host":"ztybcxz2ghc2dwwi","time":1608738726,"event":{"mods":["BaseMod","Best Route Mod","Bestiary","Better Vampires","Block Reminder","Colored Map","Colored Powertips","Curses Come First","DeckTracker","Displayed Cursed Tome","Highlight Path","Minty Spire (QoL Compilation)","Quick Restart","StSLib"],"gold_per_floor":[116,136,151,151,3,328,328,340,411,472,8,8,8,33,33,137,137,156,166,185,185,185],"floor_reached":21,"playtime":2383,"items_purged":["Strike_R","Strike_R"],"score":189,"play_id":"a88009ca-95ef-4292-8583-919a57cf3199","local_time":"20201223105206","is_ascension_mode":false,"campfire_choices":[{"data":"Rage","floor":7.0,"key":"SMITH"},{"data":"Fire Breathing","floor":12.0,"key":"SMITH"},{"data":"Bash","floor":15.0,"key":"SMITH"}],"circlet_count":0,"master_deck":["Strike_R","Strike_R","Strike_R","Defend_R","Defend_R","Defend_R","Defend_R","Bash+1","Twin Strike","Pommel Strike","Spot Weakness+1","Rage+1","Pummel","Warcry+1","Fire Breathing+1","Shrug It Off+1","Infernal Blade+1","Shrug It Off+1","Double Tap+1","Flex+1"],"relics":["Burning Blood","Old Coin","Toxic Egg 2","Orichalcum","MealTicket","Eternal Feather","Shuriken","Black Star"],"acts_visited":[],"potions_floor_usage":[21,21],"damage_taken":[{"damage":10.0,"enemies":"Small Slimes","floor":1.0,"turns":4.0},{"damage":1.0,"enemies":"Cultist","floor":2.0,"turns":3.0},{"damage":6.0,"enemies":"Jaw Worm","floor":3.0,"turns":3.0},{"damage":25.0,"enemies":"Lagavulin","floor":6.0,"turns":6.0},{"damage":4.0,"enemies":"Blue Slaver","floor":8.0,"turns":4.0},{"damage":24.0,"enemies":"Lagavulin Event","floor":10.0,"turns":4.0},{"damage":4.0,"enemies":"Gremlin Nob","floor":14.0,"turns":4.0},{"damage":23.0,"enemies":"The Guardian","floor":16.0,"turns":13.0},{"damage":28.0,"enemies":"Shell Parasite","floor":18.0,"turns":5.0},{"damage":18,"enemies":"3 Byrds","floor":19,"turns":7},{"damage":48,"enemies":"3 Cultists","floor":20,"turns":7},{"damage":14,"enemies":"Snecko","floor":21,"turns":3}],"seed_played":"3103011271492054097","potions_obtained":[{"floor":3.0,"key":"ElixirPotion"},{"floor":10.0,"key":"LiquidMemories"},{"floor":14.0,"key":"Ancient Potion"},{"floor":19,"key":"Swift Potion"},{"floor":20,"key":"Explosive Potion"}],"is_trial":false,"path_per_floor":["M","M","M","?","$","E","R","M","T","?","$","R","T","E","R","B",null,"M","M","M","M"],"character_chosen":"IRONCLAD","items_purchased":["Rage","Fire Breathing","Shrug It Off+1","Infernal Blade+1","MealTicket","FearPotion"],"campfire_rested":0,"item_purchase_floors":[5,11,11,11,11,11],"current_hp_per_floor":[84,88,88,88,88,69,69,71,71,53,53,53,53,55,64,47,88,66,54,12,0,0],"gold":185,"neow_bonus":"TEN_PERCENT_HP_BONUS","is_daily":false,"chose_seed":false,"campfire_upgraded":3,"win_rate":0.0,"timestamp":1608738726,"path_taken":["M","M","M","?","$","E","R","?","T","?","$","R","?","E","R","BOSS","M","M","M","M"],"items_purchased_type":["Card","Card","Card","Card","Relic","Potion"],"build_version":"2020-12-22","purchased_purges":2,"victory":false,"max_hp_per_floor":[88,88,88,88,88,88,88,88,88,88,88,88,88,88,88,88,88,88,88,88,88,88],"card_choices":[{"not_picked":["Armaments","Warcry"],"picked":"Twin Strike","floor":1.0},{"not_picked":["Body Slam","Burning Pact"],"picked":"Pommel Strike","floor":2.0},{"not_picked":["Wild Strike","True Grit"],"picked":"Spot Weakness","floor":3.0},{"not_picked":["Burning Pact","Clothesline","Sword Boomerang"],"picked":"SKIP","floor":6.0},{"not_picked":["Clothesline","Wild Strike"],"picked":"Pummel","floor":8.0},{"not_picked":["Bludgeon","Wild Strike"],"picked":"Warcry+1","floor":10.0},{"not_picked":["Thunderclap","Clash"],"picked":"Shrug It Off+1","floor":14.0},{"not_picked":["Barricade","Impervious+1"],"picked":"Double Tap+1","floor":16.0},{"not_picked":["Rage+1","Carnage","Twin Strike"],"picked":"SKIP","floor":19},{"not_picked":["Rupture+1","Fiend Fire"],"picked":"Flex+1","floor":20}],"player_experience":82096,"relics_obtained":[{"floor":6.0,"key":"Old Coin"},{"floor":9.0,"key":"Toxic Egg 2"},{"floor":13.0,"key":"Eternal Feather"},{"floor":14.0,"key":"Shuriken"}],"event_choices":[{"damage_healed":0.0,"max_hp_gain":0.0,"max_hp_loss":0.0,"gold_gain":0.0,"event_name":"Upgrade Shrine","player_choice":"Upgraded","floor":4.0,"gold_loss":0.0,"damage_taken":0.0,"cards_upgraded":["Spot Weakness"]},{"damage_healed":0.0,"max_hp_gain":0.0,"max_hp_loss":0.0,"gold_gain":0.0,"event_name":"Dead Adventurer","player_choice":"Searched \u00272\u0027 times","floor":10.0,"gold_loss":0.0,"damage_taken":0.0,"relics_obtained":["Orichalcum"]}],"is_beta":false,"boss_relics":[{"not_picked":["Busted Crown","Sozu"],"picked":"Black Star"}],"items_purged_floors":[5,11],"is_endless":false,"potions_floor_spawned":[3,10,14,19,20],"killed_by":"Snecko","ascension_level":0}}