{"host":"k5dhp0bkccqfauyu","time":1608725855,"event":{"mods":["BaseMod","Better Note","Better Skull","Better Vampires","Colored Map","Colored Powertips","DeckTracker","Minty Spire (QoL Compilation)","Permanent Neow","StSLib","SuperFastMode"],"gold_per_floor":[111,128,311,50,64,64,76,103,103,138,193,227,227,245,245,320,320,335,335,335,363,390,430,442,484,496,539,551,593,12,46,46,118,118,133,133,148,165,219,247,247,282,282,293,319,319,337,9,9,9,9,9,9,9,44,44],"floor_reached":57,"playtime":2340,"items_purged":["Strike_R","Strike_R"],"score":3837,"play_id":"c1323aec-7517-4f1c-ac06-6eb440c14231","local_time":"20201223231735","is_ascension_mode":true,"campfire_choices":[{"data":"Apotheosis","floor":6,"key":"SMITH"},{"data":"Barricade","floor":15,"key":"SMITH"},{"data":"Corruption","floor":28,"key":"SMITH"},{"data":"Whirlwind","floor":32,"key":"SMITH"},{"data":"Wild Strike","floor":41,"key":"PURGE"},{"floor":49,"key":"RECALL"},{"data":"Bash","floor":53,"key":"PURGE"}],"circlet_count":0,"master_deck":["AscendersBane","Blood for Blood","Shrug It Off","Evolve","Apotheosis+1","Feel No Pain","Barricade+1","Whirlwind+1","Warcry","Offering+1","Corruption+1","True Grit","Sentinel+1","Body Slam","Flame Barrier","Exhume","Seeing Red","Thunderclap+1","Flex+1","Storm of Steel","Intimidate","Uppercut+1","Clothesline+1","Havoc","Impervious","Madness","Madness","Double Energy+1","Hologram"],"relics":["Burning Blood","PreservedInsect","Potion Belt","Paper Frog","Dead Branch","Gremlin Horn","Meat on the Bone","Coffee Dripper","MawBank","Ancient Tea Set","War Paint","WingedGreaves","Akabeko","Molten Egg 2","Bag of Preparation","Torii","PrismaticShard","Red Skull","Pandora\u0027s Box","Peace Pipe","Mercury Hourglass","MealTicket","Strawberry","Membership Card","Thread and Needle","Sundial"],"acts_visited":["Exordium","TheCity","TheBeyond","TheEnding"],"potions_floor_usage":[8,11,21,27,39,45,51,56,56],"damage_taken":[{"damage":11,"enemies":"2 Louse","floor":1,"turns":2},{"damage":0,"enemies":"Cultist","floor":2,"turns":3},{"damage":9,"enemies":"Small Slimes","floor":5,"turns":3},{"damage":8,"enemies":"3 Louse","floor":7,"turns":4},{"damage":7,"enemies":"3 Sentries","floor":8,"turns":6},{"damage":27,"enemies":"Gremlin Nob","floor":10,"turns":4},{"damage":9,"enemies":"3 Sentries","floor":11,"turns":6},{"damage":0,"enemies":"Lagavulin","floor":12,"turns":5},{"damage":9,"enemies":"2 Fungi Beasts","floor":14,"turns":3},{"damage":18,"enemies":"The Guardian","floor":16,"turns":5},{"damage":6,"enemies":"Chosen","floor":18,"turns":5},{"damage":12,"enemies":"2 Thieves","floor":21,"turns":3},{"damage":8,"enemies":"3 Cultists","floor":22,"turns":3},{"damage":12,"enemies":"Book of Stabbing","floor":23,"turns":3},{"damage":6,"enemies":"Gremlin Leader","floor":25,"turns":3},{"damage":6,"enemies":"Slavers","floor":27,"turns":1},{"damage":23,"enemies":"Book of Stabbing","floor":29,"turns":3},{"damage":0,"enemies":"Slavers","floor":31,"turns":1},{"damage":12,"enemies":"Automaton","floor":33,"turns":2},{"damage":0,"enemies":"3 Shapes","floor":35,"turns":4},{"damage":6,"enemies":"Orb Walker","floor":37,"turns":2},{"damage":10,"enemies":"Transient","floor":38,"turns":5},{"damage":7,"enemies":"2 Orb Walkers","floor":39,"turns":3},{"damage":0,"enemies":"Giant Head","floor":40,"turns":4},{"damage":9,"enemies":"Nemesis","floor":42,"turns":3},{"damage":0,"enemies":"Writhing Mass","floor":44,"turns":5},{"damage":0,"enemies":"Reptomancer","floor":45,"turns":2},{"damage":1,"enemies":"Jaw Worm Horde","floor":47,"turns":3},{"damage":6,"enemies":"Awakened One","floor":50,"turns":5},{"damage":7,"enemies":"Time Eater","floor":51,"turns":8},{"damage":0,"enemies":"Shield and Spear","floor":55,"turns":1},{"damage":35,"enemies":"The Heart","floor":56,"turns":8}],"seed_played":"2280171439172341037","potions_obtained":[{"floor":2,"key":"Swift Potion"},{"floor":5,"key":"FairyPotion"},{"floor":8,"key":"SpeedPotion"},{"floor":11,"key":"Block Potion"},{"floor":14,"key":"SkillPotion"},{"floor":18,"key":"Fire Potion"},{"floor":22,"key":"SpeedPotion"},{"floor":27,"key":"SkillPotion"},{"floor":29,"key":"ColorlessPotion"},{"floor":33,"key":"LiquidBronze"},{"floor":38,"key":"Swift Potion"},{"floor":44,"key":"SteroidPotion"},{"floor":45,"key":"HeartOfIron"}],"is_trial":false,"path_per_floor":["M","M","?","$","M","R","M","E","T","E","?","E","?","M","R","B",null,"M","?","?","M","M","E","T","E","T","E","R","E","$","E","R","B",null,"M","?","M","M","?","E","R","E","T","M","E","?","M","$","R","B","B",null,"R","$","E","B",null],"character_chosen":"IRONCLAD","items_purchased":["Apotheosis","Torii","PrismaticShard","Membership Card","Thread and Needle"],"campfire_rested":0,"item_purchase_floors":[4,30,30,48,48],"current_hp_per_floor":[63,68,36,36,33,33,31,30,30,9,26,32,37,46,46,46,66,66,66,66,60,58,52,52,52,52,52,52,47,47,53,53,47,67,73,60,60,56,55,61,61,58,58,64,77,77,80,80,80,80,79,80,80,80,80,51],"gold":44,"neow_bonus":"TRANSFORM_TWO_CARDS","is_daily":false,"chose_seed":false,"campfire_upgraded":4,"win_rate":0.0,"timestamp":1608725855,"path_taken":["M","M","?","?","M","R","M","E","T","E","?","E","?","M","R","BOSS","M","?","?","M","?","E","?","E","T","E","R","E","$","E","R","BOSS","M","?","M","M","?","E","R","E","T","M","E","?","?","$","R","BOSS","BOSS","R","$","E","BOSS"],"items_purchased_type":["Card","Relic","Relic","Relic","Relic"],"build_version":"2020-12-22","purchased_purges":2,"victory":true,"max_hp_per_floor":[68,68,68,68,68,68,68,68,68,68,68,68,73,73,73,73,73,73,73,73,73,73,73,73,73,73,73,73,73,73,73,73,73,73,73,73,73,73,73,73,73,73,73,73,80,80,80,80,80,80,80,80,80,80,80,80],"card_choices":[{"not_picked":["Headbutt","Anger"],"picked":"Shrug It Off","floor":1},{"not_picked":["Anger","Blood for Blood"],"picked":"Evolve","floor":2},{"not_picked":["True Grit","Havoc"],"picked":"Feel No Pain","floor":5},{"not_picked":["Hemokinesis","Clothesline","Sever Soul"],"picked":"SKIP","floor":7},{"not_picked":["Hemokinesis","Clothesline","Sever Soul"],"picked":"SKIP","floor":7},{"not_picked":["Iron Wave","Sever Soul"],"picked":"Barricade","floor":8},{"not_picked":["Shrug It Off","Body Slam"],"picked":"Whirlwind","floor":10},{"not_picked":["Combust","Pommel Strike"],"picked":"Warcry","floor":11},{"not_picked":["Intimidate","Clash"],"picked":"Offering","floor":12},{"not_picked":["Clash","Metallicize","Clothesline"],"picked":"SKIP","floor":14},{"not_picked":["Berserk","Impervious"],"picked":"Corruption","floor":16},{"not_picked":["Searing Blow","Infernal Blade"],"picked":"True Grit","floor":18},{"not_picked":["Bloodletting","Headbutt"],"picked":"Sentinel+1","floor":21},{"not_picked":["Perfected Strike","Wild Strike"],"picked":"Body Slam","floor":22},{"not_picked":["Warcry","Body Slam"],"picked":"Flame Barrier","floor":23},{"not_picked":["Flex","Metallicize"],"picked":"Exhume","floor":25},{"not_picked":["Metallicize","Combust"],"picked":"Seeing Red","floor":27},{"not_picked":["Cleave+1","Thunderclap+1","Combust"],"picked":"SKIP","floor":29},{"not_picked":["Cleave+1","Combust"],"picked":"Thunderclap+1","floor":29},{"not_picked":["Underhanded Strike+1","Loop"],"picked":"Flex+1","floor":31},{"not_picked":["Wraith Form v2","Judgement"],"picked":"Storm of Steel","floor":33},{"not_picked":["Pommel Strike+1","Slice+1","Clothesline+1"],"picked":"SKIP","floor":35},{"not_picked":["Pommel Strike+1","Slice+1","Clothesline+1"],"picked":"SKIP","floor":35},{"not_picked":["Compile Driver+1","CutThroughFate+1","WindmillStrike+1"],"picked":"SKIP","floor":37},{"not_picked":["Chill","Dagger Spray+1"],"picked":"Double Energy+1","floor":38},{"not_picked":["Conclude+1","FearNoEvil+1","Quick Slash+1"],"picked":"SKIP","floor":40},{"not_picked":["Compile Driver+1","Corpse Explosion","Conserve Battery"],"picked":"SKIP","floor":42},{"not_picked":["Barrage+1","Pommel Strike+1","Coolheaded"],"picked":"SKIP","floor":44},{"not_picked":["Genetic Algorithm+1","Consecrate+1","Cold Snap+1"],"picked":"SKIP","floor":45},{"not_picked":["Reckless Charge+1","Madness"],"picked":"Hologram","floor":47},{"not_picked":["Storm","Underhanded Strike+1","Judgement"],"picked":"SKIP","floor":55}],"player_experience":1817529,"relics_obtained":[{"floor":8,"key":"Potion Belt"},{"floor":9,"key":"Paper Frog"},{"floor":10,"key":"Dead Branch"},{"floor":11,"key":"Gremlin Horn"},{"floor":12,"key":"Meat on the Bone"},{"floor":23,"key":"Ancient Tea Set"},{"floor":24,"key":"War Paint"},{"floor":25,"key":"WingedGreaves"},{"floor":26,"key":"Akabeko"},{"floor":27,"key":"Molten Egg 2"},{"floor":29,"key":"Bag of Preparation"},{"floor":31,"key":"Red Skull"},{"floor":39,"key":"Peace Pipe"},{"floor":40,"key":"Mercury Hourglass"},{"floor":42,"key":"MealTicket"},{"floor":45,"key":"Strawberry"},{"floor":55,"key":"Sundial"}],"event_choices":[{"damage_healed":0,"gold_gain":183,"player_choice":"RE GO GO ","damage_taken":36,"relics_obtained":["PreservedInsect"],"max_hp_gain":0,"max_hp_loss":0,"event_name":"betterSkull:BetterSkull","floor":3,"gold_loss":0,"cards_upgraded":[]},{"damage_healed":0,"gold_gain":30,"player_choice":"Searched \u00272\u0027 times","damage_taken":0,"max_hp_gain":0,"max_hp_loss":0,"event_name":"Dead Adventurer","floor":11,"gold_loss":0},{"damage_healed":0,"gold_gain":0,"player_choice":"Donut","damage_taken":0,"max_hp_gain":5,"max_hp_loss":0,"event_name":"Big Fish","floor":13,"gold_loss":0},{"damage_healed":0,"gold_gain":0,"player_choice":"Ignored","damage_taken":0,"max_hp_gain":0,"max_hp_loss":0,"event_name":"Vampires","floor":19,"gold_loss":0},{"damage_healed":0,"gold_gain":0,"player_choice":"Gave Potion","damage_taken":0,"relics_obtained":["MawBank"],"max_hp_gain":0,"max_hp_loss":0,"event_name":"WeMeetAgain","floor":20,"gold_loss":0},{"damage_healed":0,"gold_gain":0,"player_choice":"Embrace Madness","damage_taken":13,"max_hp_gain":0,"max_hp_loss":0,"event_name":"Winding Halls","floor":36,"gold_loss":0,"cards_obtained":["Madness","Madness"]},{"damage_healed":0,"gold_gain":0,"player_choice":"Fight","damage_taken":0,"max_hp_gain":0,"max_hp_loss":0,"event_name":"Mysterious Sphere","floor":39,"gold_loss":0},{"damage_healed":0,"gold_gain":0,"player_choice":"Ignored","damage_taken":0,"max_hp_gain":0,"max_hp_loss":0,"event_name":"SecretPortal","floor":46,"gold_loss":0}],"is_beta":false,"boss_relics":[{"not_picked":["Velvet Choker","Tiny House"],"picked":"Coffee Dripper"},{"not_picked":["Busted Crown","Black Blood"],"picked":"Pandora\u0027s Box"}],"items_purged_floors":[4,30],"is_endless":false,"potions_floor_spawned":[2,5,8,11,14,18,22,27,29,33,38,44,45,47],"ascension_level":20}}