{"host":"t179ovrkr5k1gnfh","time":1608763481,"event":{"mods":["AchievementEnabler","BaseMod","Colored Map","Minty Spire (QoL Compilation)","StSLib"],"gold_per_floor":[118,49,62,12,65,65,96,96,143,163,51,85,104,120,120,223,223,233,233,158,173,26,26,57,57,108,121,2,2,17,34,34,136,136,156,81,131,148,148,180,180,194,267,267,267,292,311,331,331,331,331,331,99,130,130,130],"floor_reached":55,"playtime":4845,"items_purged":["Strike_P"],"score":805,"play_id":"16721b61-9440-45c8-a5a9-fae060e5c4f8","local_time":"20201223234441","is_ascension_mode":false,"campfire_choices":[{"data":"Eruption","floor":6,"key":"SMITH"},{"data":"EmptyFist","floor":8,"key":"SMITH"},{"data":"Perseverance","floor":15,"key":"SMITH"},{"data":"Vault","floor":23,"key":"SMITH"},{"data":"Nirvana","floor":29,"key":"SMITH"},{"data":"Conclude","floor":32,"key":"SMITH"},{"data":"Omniscience","floor":41,"key":"SMITH"},{"data":"Adaptation","floor":45,"key":"SMITH"},{"floor":49,"key":"RECALL"},{"data":"Madness","floor":52,"key":"SMITH"}],"circlet_count":0,"master_deck":["Strike_P+1","Strike_P+1","Defend_P+1","Defend_P+1","Eruption+1","Vigilance+1","JustLucky+1","LessonLearned","EmptyFist+1","Conclude+1","Perseverance+1","FlurryOfBlows+1","FlurryOfBlows+1","Vault+1","EmptyBody+1","CarveReality","Nirvana+1","Scrawl+1","CutThroughFate+1","Adaptation+1","FearNoEvil+1","Crescendo+1","Madness+1","Madness+1","Omniscience+1","Evaluate+1","InnerPeace","Adaptation+1","Vengeance+1","Worship","WheelKick+1"],"relics":["PureWater","NeowsBlessing","HornCleat","Dream Catcher","Bottled Lightning","Coffee Dripper","Bronze Scales","Happy Flower","Nunchaku","Sozu","Shovel","Frozen Egg 2","Gremlin Horn","Damaru","Vajra","Pocketwatch"],"acts_visited":["Exordium","TheCity","TheBeyond","TheEnding"],"potions_floor_usage":[13,33,33,40,50],"damage_taken":[{"damage":0,"enemies":"Cultist","floor":1,"turns":1},{"damage":0,"enemies":"2 Louse","floor":3,"turns":3},{"damage":0,"enemies":"3 Sentries","floor":7,"turns":2},{"damage":3,"enemies":"Jaw Worm","floor":10,"turns":3},{"damage":2,"enemies":"Lagavulin","floor":12,"turns":4},{"damage":7,"enemies":"Exordium Wildlife","floor":13,"turns":3},{"damage":0,"enemies":"3 Louse","floor":14,"turns":2},{"damage":53,"enemies":"The Guardian","floor":16,"turns":8},{"damage":0,"enemies":"Spheric Guardian","floor":18,"turns":3},{"damage":0,"enemies":"2 Thieves","floor":21,"turns":5},{"damage":11,"enemies":"Slavers","floor":24,"turns":5},{"damage":0,"enemies":"3 Cultists","floor":27,"turns":4},{"damage":0,"enemies":"Cultist and Chosen","floor":30,"turns":5},{"damage":0,"enemies":"Snake Plant","floor":31,"turns":5},{"damage":30,"enemies":"Collector","floor":33,"turns":10},{"damage":0,"enemies":"3 Darklings","floor":35,"turns":4},{"damage":0,"enemies":"Mind Bloom Boss Battle","floor":37,"turns":5},{"damage":0,"enemies":"3 Shapes","floor":38,"turns":2},{"damage":2,"enemies":"Nemesis","floor":40,"turns":6},{"damage":3,"enemies":"Sphere and 2 Shapes","floor":42,"turns":6},{"damage":0,"enemies":"Giant Head","floor":46,"turns":7},{"damage":7,"enemies":"Jaw Worm Horde","floor":47,"turns":2},{"damage":4,"enemies":"4 Shapes","floor":48,"turns":5},{"damage":18,"enemies":"Donu and Deca","floor":50,"turns":5},{"damage":0,"enemies":"Shield and Spear","floor":54,"turns":5},{"damage":104,"enemies":"The Heart","floor":55,"turns":3}],"seed_played":"-3209855882056528190","potions_obtained":[{"floor":7,"key":"Energy Potion"},{"floor":12,"key":"FearPotion"},{"floor":13,"key":"Energy Potion"},{"floor":24,"key":"Weak Potion"},{"floor":31,"key":"Explosive Potion"},{"floor":33,"key":"LiquidMemories"}],"is_trial":false,"path_per_floor":["M","$","M","?","T","R","E","R","T","M","$","E","M","M","R","B",null,"M","?","?","M","$","R","E","?","T","M","$","R","M","M","R","B",null,"M","$","?","M","?","E","R","M","T","?","R","E","M","M","R","B",null,"R","$","E","B"],"character_chosen":"WATCHER","items_purchased":["LessonLearned","Perseverance","Bronze Scales","CarveReality","Nirvana","Adaptation","Worship","Vajra"],"campfire_rested":0,"item_purchase_floors":[2,11,22,28,28,36,53,53],"current_hp_per_floor":[72,72,72,72,72,72,72,72,72,69,69,67,60,60,60,7,72,72,72,72,72,72,72,61,61,61,61,61,61,61,61,61,31,72,72,72,72,72,63,61,61,58,58,58,58,58,51,47,47,29,72,72,72,72,0,0],"gold":130,"neow_bonus":"THREE_ENEMY_KILL","is_daily":false,"chose_seed":false,"campfire_upgraded":9,"win_rate":0.0,"timestamp":1608763481,"path_taken":["M","?","M","?","?","R","E","R","T","M","$","E","?","M","R","BOSS","M","?","?","M","?","R","E","?","T","?","$","R","M","M","R","BOSS","M","$","?","M","?","E","R","M","T","?","R","E","M","M","R","BOSS","R","$","E","BOSS"],"items_purchased_type":["Card","Card","Relic","Card","Card","Card","Card","Relic"],"build_version":"2020-12-22","purchased_purges":1,"victory":false,"max_hp_per_floor":[72,72,72,72,72,72,72,72,72,72,72,72,72,72,72,72,72,72,72,72,72,72,72,72,72,72,72,72,72,72,72,72,72,72,72,72,72,72,72,72,72,72,72,72,72,72,72,72,72,72,72,72,72,72,72,72],"card_choices":[{"not_picked":["BowlingBash","Pray"],"picked":"JustLucky","floor":1},{"not_picked":["Evaluate","Indignation","Meditate"],"picked":"SKIP","floor":3},{"not_picked":["Meditate","DeusExMachina"],"picked":"EmptyFist","floor":7},{"not_picked":["Consecrate","SashWhip"],"picked":"Conclude","floor":10},{"not_picked":["WreathOfFlame","EmptyMind","Conclude"],"picked":"SKIP","floor":12},{"not_picked":["Crescendo","JustLucky"],"picked":"FlurryOfBlows","floor":13},{"not_picked":["WreathOfFlame","Consecrate"],"picked":"FlurryOfBlows","floor":14},{"not_picked":["Brilliance","DeusExMachina"],"picked":"Vault","floor":16},{"not_picked":["Protect","CarveReality","BowlingBash"],"picked":"SKIP","floor":18},{"not_picked":["SashWhip","WheelKick"],"picked":"EmptyBody+1","floor":21},{"not_picked":["BattleHymn","EmptyFist+1","Worship"],"picked":"SKIP","floor":24},{"not_picked":["ThirdEye","EmptyBody+1","Weave"],"picked":"SKIP","floor":27},{"not_picked":["Protect+1","EmptyFist","Evaluate"],"picked":"SKIP","floor":30},{"not_picked":["WreathOfFlame","Conclude","Consecrate"],"picked":"SKIP","floor":31},{"not_picked":["Judgement","Brilliance"],"picked":"Scrawl","floor":33},{"not_picked":["Protect+1","EmptyBody+1"],"picked":"CutThroughFate+1","floor":35},{"not_picked":["FlyingSleeves","ClearTheMind+1"],"picked":"FearNoEvil","floor":37},{"not_picked":["EmptyMind+1","Protect"],"picked":"Crescendo+1","floor":38},{"not_picked":["SashWhip","SandsOfTime"],"picked":"Omniscience","floor":40},{"not_picked":["BowlingBash+1","CrushJoints"],"picked":"Evaluate","floor":42},{"not_picked":["BowlingBash+1","ThirdEye+1"],"picked":"Adaptation+1","floor":46},{"not_picked":["Meditate+1","TalkToTheHand","JustLucky"],"picked":"SKIP","floor":47},{"not_picked":["JustLucky","ReachHeaven+1"],"picked":"Vengeance+1","floor":48},{"not_picked":["DeusExMachina","Brilliance"],"picked":"WheelKick+1","floor":54}],"player_experience":47375,"relics_obtained":[{"floor":7,"key":"HornCleat"},{"floor":9,"key":"Dream Catcher"},{"floor":12,"key":"Bottled Lightning"},{"floor":24,"key":"Happy Flower"},{"floor":26,"key":"Nunchaku"},{"floor":37,"key":"Shovel"},{"floor":40,"key":"Frozen Egg 2"},{"floor":43,"key":"Gremlin Horn"},{"floor":46,"key":"Damaru"},{"floor":54,"key":"Pocketwatch"}],"event_choices":[{"cards_removed":["Defend_P"],"damage_healed":0,"gold_gain":0,"player_choice":"Card Removal","damage_taken":0,"max_hp_gain":0,"max_hp_loss":0,"event_name":"The Cleric","floor":4,"gold_loss":50},{"damage_healed":0,"gold_gain":0,"player_choice":"Ignored","damage_taken":0,"max_hp_gain":0,"max_hp_loss":0,"event_name":"Cursed Tome","floor":19,"gold_loss":0},{"cards_removed":["Strike_P"],"damage_healed":0,"gold_gain":0,"player_choice":"Gave Gold","damage_taken":0,"max_hp_gain":0,"max_hp_loss":0,"event_name":"Beggar","floor":20,"gold_loss":75},{"damage_healed":0,"gold_gain":0,"player_choice":"Ignored","damage_taken":0,"max_hp_gain":0,"max_hp_loss":0,"event_name":"N\u0027loth","floor":25,"gold_loss":0},{"damage_healed":0,"gold_gain":0,"player_choice":"Fight","damage_taken":0,"max_hp_gain":0,"max_hp_loss":0,"event_name":"MindBloom","floor":37,"gold_loss":0},{"damage_healed":0,"gold_gain":0,"player_choice":"Embrace Madness","damage_taken":9,"max_hp_gain":0,"max_hp_loss":0,"event_name":"Winding Halls","floor":39,"gold_loss":0,"cards_obtained":["Madness","Madness"]},{"damage_healed":0,"gold_gain":0,"cards_transformed":["Defend_P"],"player_choice":"Transformed","damage_taken":0,"max_hp_gain":0,"max_hp_loss":0,"event_name":"Transmorgrifier","floor":44,"gold_loss":0,"cards_obtained":["InnerPeace"]}],"is_beta":false,"boss_relics":[{"not_picked":["Fusion Hammer","Black Star"],"picked":"Coffee Dripper"},{"not_picked":["Empty Cage","SacredBark"],"picked":"Sozu"}],"items_purged_floors":[11],"is_endless":false,"potions_floor_spawned":[7,12,13,24,31,33,35,37,38,48],"killed_by":"The Heart","ascension_level":0}}