{"host":"w7o06k3e8uel8euj","time":1608728356,"event":{"mods":["AchievementEnabler","BaseMod","Colored Powertips","Custom Start","DeckTracker","Keyboard Shortcuts","Minty Spire (QoL Compilation)","Quick Restart","Relic Stats","StSLib","SuperFastMode","everything is the same but u backflip on backflip"],"gold_per_floor":[110,110,110,127,138,171,171,171,171,59,88,118,118,18,18,121,121,140,15,15,25,39,39,67,67,143,172,192,192,42,68,68,167,167,178,194,249,265,265,295,295,325,325,325,325,351,351,370,370,370,370,370,195,229,229],"floor_reached":56,"playtime":1404,"items_purged":["Strike_G","Strike_G","Defend_G","Strike_G","Strike_G"],"score":2027,"play_id":"87b6b608-eff2-406d-acf4-760fd2c502c4","local_time":"20201223215916","is_ascension_mode":true,"campfire_choices":[{"data":"Blade Dance","floor":8.0,"key":"SMITH"},{"data":"Accuracy","floor":13.0,"key":"SMITH"},{"data":"Cloak And Dagger","floor":15.0,"key":"SMITH"},{"data":"Cloak And Dagger","floor":23.0,"key":"SMITH"},{"floor":29.0,"key":"REST"},{"data":"Accuracy","floor":32.0,"key":"SMITH"},{"floor":41.0,"key":"DIG"},{"floor":44.0,"key":"DIG"},{"floor":49.0,"key":"DIG"},{"floor":52,"key":"DIG"}],"circlet_count":0,"master_deck":["Strike_G+1","Defend_G+1","Defend_G","Defend_G+1","Survivor+1","Neutralize","Cloak And Dagger+1","Blade Dance+1","Cloak And Dagger+1","Cloak And Dagger+1","Accuracy+1","CurseOfTheBell","Impatience","After Image","Terror+1","Blade Dance","Accuracy+1","After Image","Backflip","Acrobatics+1"],"relics":["Ring of the Snake","NeowsBlessing","HornCleat","Ornamental Fan","Shovel","Kunai","Odd Mushroom","Calling Bell","Paper Crane","Bird Faced Urn","War Paint","Tough Bandages","Mercury Hourglass","Strawberry","Akabeko","Coffee Dripper","Ice Cream","Boot","Thread and Needle","Singing Bowl","Pear","Mango","Bag of Marbles","TungstenRod","Letter Opener","Du-Vu Doll"],"acts_visited":["Exordium","TheCity","TheBeyond","TheEnding"],"potions_floor_usage":[54],"damage_taken":[{"damage":0.0,"enemies":"Cultist","floor":1.0,"turns":1.0},{"damage":0.0,"enemies":"Jaw Worm","floor":4.0,"turns":1.0},{"damage":0.0,"enemies":"2 Louse","floor":5.0,"turns":1.0},{"damage":13.0,"enemies":"Gremlin Nob","floor":6.0,"turns":4.0},{"damage":2.0,"enemies":"3 Sentries","floor":11.0,"turns":6.0},{"damage":4.0,"enemies":"The Mushroom Lair","floor":12.0,"turns":4.0},{"damage":2.0,"enemies":"The Guardian","floor":16.0,"turns":9.0},{"damage":0.0,"enemies":"3 Byrds","floor":18.0,"turns":7.0},{"damage":0.0,"enemies":"2 Thieves","floor":21.0,"turns":3.0},{"damage":0.0,"enemies":"Snecko","floor":22.0,"turns":6.0},{"damage":66.0,"enemies":"Gremlin Leader","floor":24.0,"turns":11.0},{"damage":0.0,"enemies":"Slavers","floor":27.0,"turns":5.0},{"damage":0.0,"enemies":"Sentry and Sphere","floor":28.0,"turns":4.0},{"damage":0.0,"enemies":"Gremlin Leader","floor":31.0,"turns":3.0},{"damage":8.0,"enemies":"Champ","floor":33.0,"turns":7.0},{"damage":0.0,"enemies":"Orb Walker","floor":35.0,"turns":3.0},{"damage":0.0,"enemies":"3 Darklings","floor":36.0,"turns":3.0},{"damage":3.0,"enemies":"2 Orb Walkers","floor":37.0,"turns":4.0},{"damage":8.0,"enemies":"4 Shapes","floor":38.0,"turns":5.0},{"damage":1.0,"enemies":"Reptomancer","floor":40.0,"turns":5.0},{"damage":0.0,"enemies":"Giant Head","floor":42.0,"turns":4.0},{"damage":18.0,"enemies":"Nemesis","floor":46.0,"turns":7.0},{"damage":0.0,"enemies":"Sphere and 2 Shapes","floor":48.0,"turns":4.0},{"damage":0,"enemies":"Donu and Deca","floor":50,"turns":8},{"damage":0,"enemies":"Shield and Spear","floor":54,"turns":5},{"damage":3,"enemies":"The Heart","floor":55,"turns":8}],"seed_played":"4020874976835448329","potions_obtained":[{"floor":3.0,"key":"FairyPotion"},{"floor":3.0,"key":"Fire Potion"},{"floor":3.0,"key":"EssenceOfSteel"},{"floor":11.0,"key":"Ancient Potion"},{"floor":16.0,"key":"Fire Potion"},{"floor":21.0,"key":"Dexterity Potion"},{"floor":28.0,"key":"LiquidMemories"},{"floor":36.0,"key":"GamblersBrew"}],"is_trial":false,"path_per_floor":["M","?","?","M","M","E","T","R","T","$","E","?","R","$","R","B",null,"M","$","?","M","M","R","E","?","T","E","M","R","$","E","R","B",null,"M","M","?","M","?","E","R","E","T","R","?","E","?","M","R","B",null,"R","$","E","B",null],"character_chosen":"THE_SILENT","items_purchased":["Accuracy","Accuracy"],"campfire_rested":1,"item_purchase_floors":[10,30],"current_hp_per_floor":[63,49,49,49,49,36,36,36,36,36,34,30,30,30,30,28,60,62,62,62,64,68,68,4,4,4,15,19,42,42,48,48,48,70,77,77,76,69,69,72,72,75,85,99,99,83,83,93,93,101,103,103,103,105,102],"gold":229,"neow_bonus":"THREE_ENEMY_KILL","is_daily":false,"chose_seed":false,"campfire_upgraded":5,"win_rate":0.0,"timestamp":1608728356,"path_taken":["M","?","?","M","?","E","?","R","T","$","E","?","R","$","R","BOSS","M","$","?","M","?","R","E","?","T","E","?","R","?","E","R","BOSS","M","M","?","M","?","E","R","E","T","R","?","E","?","M","R","BOSS","R","$","E","BOSS"],"items_purchased_type":["Card","Card"],"build_version":"2020-12-22","purchased_purges":5,"victory":true,"max_hp_per_floor":[70,70,70,70,70,70,70,70,70,70,70,70,70,70,70,70,70,70,70,70,70,70,70,70,70,70,77,77,77,77,77,77,77,77,77,77,77,77,73,73,73,75,85,99,99,101,101,103,103,103,103,103,103,105,105],"relic_stats":{"Singing Bowl":8,"counters":[26,128],"Letter Opener":[55],"War Paint":["Survivor","Defend_G"],"Boot":[66],"Mercury Hourglass":[295],"Tough Bandages":[60],"Shovel":4,"Ornamental Fan":[508],"Bird Faced Urn":[63],"Kunai":[123],"obtain_stats":[{"Ice Cream":37,"Singing Bowl":42,"Mango":44,"Boot":40,"Tough Bandages":24,"HornCleat":6,"Shovel":9,"Strawberry":27,"Kunai":11,"Ring of the Snake":0,"Pear":43,"NeowsBlessing":0,"Thread and Needle":41,"Letter Opener":52,"Odd Mushroom":12,"Paper Crane":17,"War Paint":17,"Akabeko":31,"Mercury Hourglass":26,"Calling Bell":17,"Du-Vu Doll":54,"Ornamental Fan":7,"Bird Faced Urn":17,"Coffee Dripper":34,"Bag of Marbles":46,"TungstenRod":49},{"Ice Cream":18,"Singing Bowl":21,"Mango":21,"Boot":20,"Tough Bandages":11,"HornCleat":4,"Shovel":4,"Strawberry":12,"Kunai":5,"Ring of the Snake":0,"Pear":21,"NeowsBlessing":0,"Thread and Needle":20,"Letter Opener":24,"Odd Mushroom":6,"Paper Crane":7,"War Paint":7,"Akabeko":14,"Mercury Hourglass":11,"Calling Bell":7,"Du-Vu Doll":25,"Ornamental Fan":4,"Bird Faced Urn":7,"Coffee Dripper":15,"Bag of Marbles":22,"TungstenRod":23},{"Ice Cream":82,"Singing Bowl":96,"Mango":96,"Boot":92,"Tough Bandages":53,"HornCleat":7,"Shovel":7,"Strawberry":58,"Kunai":13,"Ring of the Snake":0,"Pear":96,"NeowsBlessing":0,"Thread and Needle":92,"Letter Opener":115,"Odd Mushroom":17,"Paper Crane":26,"War Paint":26,"Akabeko":65,"Mercury Hourglass":53,"Calling Bell":26,"Du-Vu Doll":120,"Ornamental Fan":7,"Bird Faced Urn":26,"Coffee Dripper":72,"Bag of Marbles":103,"TungstenRod":107}],"TungstenRod":3,"Ring of the Snake":[52]},"card_choices":[{"not_picked":["Deadly Poison","Underhanded Strike"],"picked":"Cloak And Dagger","floor":1.0},{"not_picked":["Dash","Poisoned Stab"],"picked":"Blade Dance","floor":4.0},{"not_picked":["Calculated Gamble","Dodge and Roll"],"picked":"Cloak And Dagger","floor":5.0},{"not_picked":["Flying Knee","Caltrops"],"picked":"Cloak And Dagger","floor":6.0},{"not_picked":["Heel Hook","Blur","Underhanded Strike"],"picked":"SKIP","floor":11.0},{"not_picked":["Dagger Spray","Distraction","Underhanded Strike"],"picked":"SKIP","floor":18.0},{"not_picked":["Infinite Blades","Outmaneuver"],"picked":"After Image","floor":21.0},{"not_picked":["Reflex+1","Choke","Prepared"],"picked":"SKIP","floor":22.0},{"not_picked":["Infinite Blades","Dagger Spray","Distraction"],"picked":"SKIP","floor":24.0},{"not_picked":["Storm of Steel","Prepared"],"picked":"Terror+1","floor":27.0},{"not_picked":["Quick Slash","Blur"],"picked":"Blade Dance","floor":28.0},{"not_picked":["Dodge and Roll","Cloak And Dagger+1"],"picked":"After Image","floor":31.0},{"not_picked":["Eviscerate","Sucker Punch","Outmaneuver+1"],"picked":"SKIP","floor":35.0},{"not_picked":["Outmaneuver+1","Sucker Punch+1"],"picked":"Backflip","floor":36.0},{"not_picked":["Outmaneuver+1","Dagger Spray+1"],"picked":"Acrobatics+1","floor":37.0},{"not_picked":["Dagger Throw+1","Acrobatics+1","Setup"],"picked":"SKIP","floor":38.0},{"not_picked":["Die Die Die","Underhanded Strike","Quick Slash"],"picked":"SKIP","floor":40.0},{"not_picked":["Noxious Fumes","Flying Knee","Acrobatics+1"],"picked":"Singing Bowl","floor":42.0},{"not_picked":["Riddle With Holes","Dash","Poisoned Stab+1"],"picked":"Singing Bowl","floor":46.0},{"not_picked":["Dodge and Roll","Dagger Spray","Quick Slash"],"picked":"Singing Bowl","floor":48.0},{"not_picked":["Predator+1","Riddle With Holes","Calculated Gamble+1"],"picked":"Singing Bowl","floor":54}],"player_experience":571141,"relics_obtained":[{"floor":6.0,"key":"HornCleat"},{"floor":7.0,"key":"Ornamental Fan"},{"floor":9.0,"key":"Shovel"},{"floor":11.0,"key":"Kunai"},{"floor":12.0,"key":"Odd Mushroom"},{"floor":17.0,"key":"Paper Crane"},{"floor":17.0,"key":"Bird Faced Urn"},{"floor":17.0,"key":"War Paint"},{"floor":24.0,"key":"Tough Bandages"},{"floor":26.0,"key":"Mercury Hourglass"},{"floor":27.0,"key":"Strawberry"},{"floor":31.0,"key":"Akabeko"},{"floor":37.0,"key":"Ice Cream"},{"floor":40.0,"key":"Boot"},{"floor":41.0,"key":"Thread and Needle"},{"floor":42.0,"key":"Singing Bowl"},{"floor":43.0,"key":"Pear"},{"floor":44.0,"key":"Mango"},{"floor":46.0,"key":"Bag of Marbles"},{"floor":49.0,"key":"TungstenRod"},{"floor":52,"key":"Letter Opener"},{"floor":54,"key":"Du-Vu Doll"}],"event_choices":[{"damage_healed":0.0,"max_hp_gain":0.0,"max_hp_loss":0.0,"gold_gain":0.0,"event_name":"Shining Light","player_choice":"Entered Light","floor":2.0,"gold_loss":0.0,"damage_taken":14.0,"cards_upgraded":["Defend_G","Strike_G"]},{"damage_healed":0.0,"max_hp_gain":0.0,"max_hp_loss":0.0,"gold_gain":0.0,"event_name":"Lab","player_choice":"Got Potions","floor":3.0,"gold_loss":0.0,"damage_taken":0.0},{"damage_healed":0.0,"max_hp_gain":0.0,"max_hp_loss":0.0,"gold_gain":0.0,"event_name":"Mushrooms","player_choice":"Fought Mushrooms","floor":12.0,"gold_loss":0.0,"damage_taken":0.0},{"damage_healed":0.0,"max_hp_gain":0.0,"max_hp_loss":0.0,"gold_gain":0.0,"event_name":"Match and Keep!","player_choice":"1 cards matched","floor":20.0,"gold_loss":0.0,"damage_taken":0.0,"cards_obtained":["Impatience"]},{"damage_healed":0.0,"max_hp_gain":0.0,"max_hp_loss":0.0,"gold_gain":0.0,"event_name":"Upgrade Shrine","player_choice":"Upgraded","floor":25.0,"gold_loss":0.0,"damage_taken":0.0,"cards_upgraded":["Cloak And Dagger"]},{"damage_healed":0.0,"max_hp_gain":0.0,"max_hp_loss":0.0,"gold_gain":0.0,"event_name":"Mysterious Sphere","player_choice":"Fight","floor":37.0,"gold_loss":0.0,"damage_taken":0.0},{"damage_healed":0.0,"max_hp_gain":0.0,"max_hp_loss":4.0,"gold_gain":0.0,"event_name":"Winding Halls","player_choice":"Max HP","floor":39.0,"gold_loss":0.0,"damage_taken":0.0},{"damage_healed":0.0,"max_hp_gain":0.0,"max_hp_loss":0.0,"gold_gain":0.0,"event_name":"Tomb of Lord Red Mask","player_choice":"Ignored","floor":45.0,"gold_loss":0.0,"damage_taken":0.0},{"cards_removed":["Defend_G"],"damage_healed":0.0,"max_hp_gain":0.0,"max_hp_loss":0.0,"gold_gain":0.0,"event_name":"Falling","player_choice":"Removed Skill","floor":47.0,"gold_loss":0.0,"damage_taken":0.0}],"is_beta":false,"boss_relics":[{"not_picked":["Cursed Key","Velvet Choker"],"picked":"Calling Bell"},{"not_picked":["Ring of the Serpent","SlaversCollar"],"picked":"Coffee Dripper"}],"items_purged_floors":[10,14,19,30,53],"is_endless":false,"potions_floor_spawned":[11,16,21,22,28,33,35,36,46,48],"ascension_level":9}}