{"host":"sa7ebub27cgn5wai","time":1608720510,"event":{"mods":["BaseMod","Colored Map","Minty Spire (QoL Compilation)","SuperFastMode"],"gold_per_floor":[115,40,58,72,84,84,84,98,98,98,116,130,130,140,140,243,243,258,10,30,44,55,55,55,55,105,123,123,138,13,25,25,125,125,136,149,149,165,180,180,195,124,124,124,124,144,154,0,0,0,0],"floor_reached":50,"playtime":1659,"items_purged":["Strike_P","Strike_P","Strike_P"],"score":444,"play_id":"82408ae3-bcad-45fd-8a65-8ddc9cdee664","local_time":"20201223194830","is_ascension_mode":false,"campfire_choices":[{"data":"Worship","floor":7,"key":"SMITH"},{"data":"Prostrate","floor":10,"key":"SMITH"},{"floor":13,"key":"REST"},{"floor":15,"key":"REST"},{"data":"Eruption","floor":23,"key":"SMITH"},{"data":"TalkToTheHand","floor":25,"key":"SMITH"},{"data":"EmptyFist","floor":28,"key":"SMITH"},{"data":"WheelKick","floor":32,"key":"SMITH"},{"floor":40,"key":"REST"},{"floor":45,"key":"REST"},{"floor":49,"key":"REST"}],"circlet_count":0,"master_deck":["Strike_P","Defend_P","Defend_P","Defend_P","Defend_P","Eruption+1","Vigilance","EmptyFist+1","FlurryOfBlows","CutThroughFate","Worship+1","Prostrate+1","TalkToTheHand+1","DeusExMachina","WheelKick+1","FollowUp+1","EmptyFist+1","TalkToTheHand","Parasite","TalkToTheHand"],"relics":["PureWater","Bag of Preparation","White Beast Statue","Velvet Choker","PreservedInsect","Eternal Feather","Strawberry","Sozu","Vajra","Red Mask"],"acts_visited":["Exordium","TheCity","TheBeyond"],"potions_floor_usage":[16,16,16,33,38,39,39],"damage_taken":[{"damage":0,"enemies":"Cultist","floor":1,"turns":2},{"damage":14,"enemies":"Jaw Worm","floor":3,"turns":2},{"damage":0,"enemies":"Small Slimes","floor":4,"turns":2},{"damage":2,"enemies":"Blue Slaver","floor":5,"turns":3},{"damage":10,"enemies":"Looter","floor":8,"turns":3},{"damage":10,"enemies":"3 Louse","floor":11,"turns":3},{"damage":18,"enemies":"2 Fungi Beasts","floor":12,"turns":2},{"damage":5,"enemies":"Exordium Wildlife","floor":14,"turns":3},{"damage":14,"enemies":"The Guardian","floor":16,"turns":3},{"damage":0,"enemies":"Spheric Guardian","floor":18,"turns":3},{"damage":4,"enemies":"3 Byrds","floor":20,"turns":5},{"damage":5,"enemies":"Snecko","floor":21,"turns":3},{"damage":17,"enemies":"Shelled Parasite and Fungi","floor":22,"turns":3},{"damage":1,"enemies":"Sentry and Sphere","floor":27,"turns":3},{"damage":0,"enemies":"Snecko","floor":29,"turns":3},{"damage":8,"enemies":"Centurion and Healer","floor":31,"turns":5},{"damage":57,"enemies":"Champ","floor":33,"turns":10},{"damage":10,"enemies":"3 Shapes","floor":35,"turns":4},{"damage":0,"enemies":"Orb Walker","floor":36,"turns":3},{"damage":38,"enemies":"4 Shapes","floor":38,"turns":6},{"damage":16,"enemies":"Writhing Mass","floor":39,"turns":4},{"damage":35,"enemies":"Transient","floor":41,"turns":5},{"damage":14,"enemies":"4 Shapes","floor":46,"turns":8},{"damage":18,"enemies":"Maw","floor":47,"turns":8},{"damage":62,"enemies":"Time Eater","floor":50,"turns":9}],"seed_played":"9129393055209432452","potions_obtained":[{"floor":3,"key":"FearPotion"},{"floor":4,"key":"SkillPotion"},{"floor":8,"key":"Strength Potion"},{"floor":16,"key":"PowerPotion"},{"floor":18,"key":"SmokeBomb"},{"floor":20,"key":"ColorlessPotion"},{"floor":21,"key":"SkillPotion"},{"floor":33,"key":"Regen Potion"}],"is_trial":false,"path_per_floor":["M","$","M","M","M","$","R","M","T","R","M","M","R","M","R","B",null,"M","$","M","M","M","R","T","R","T","M","R","M","$","M","R","B",null,"M","M","$","M","M","R","M","$","T","?","R","M","M","?","R","B"],"character_chosen":"WATCHER","items_purchased":["PreservedInsect","TalkToTheHand"],"campfire_rested":5,"item_purchase_floors":[19,42],"current_hp_per_floor":[72,72,58,58,56,56,56,46,46,46,36,18,39,34,55,41,72,72,72,68,63,46,46,46,55,62,61,70,70,70,62,71,14,79,69,69,69,31,24,56,21,21,21,21,56,42,24,24,59,0,0],"gold":0,"neow_bonus":"RANDOM_COMMON_RELIC","is_daily":false,"chose_seed":false,"campfire_upgraded":6,"win_rate":0.0,"timestamp":1608720510,"path_taken":["M","$","M","?","M","?","R","M","T","R","M","M","R","M","R","BOSS","M","?","M","M","M","R","?","R","T","M","R","M","$","M","R","BOSS","M","M","$","M","M","R","M","$","T","?","R","M","M","?","R","BOSS"],"items_purchased_type":["Relic","Card"],"build_version":"2020-12-22","purchased_purges":3,"victory":false,"max_hp_per_floor":[72,72,72,72,72,72,72,72,72,72,72,72,72,72,72,72,72,72,72,72,72,72,72,72,72,79,79,79,79,79,79,79,79,79,79,79,79,79,79,79,79,79,79,79,79,79,79,79,79,79,79],"card_choices":[{"not_picked":["FlurryOfBlows","EmptyBody"],"picked":"EmptyFist","floor":1},{"not_picked":["SashWhip","JustLucky"],"picked":"FlurryOfBlows","floor":3},{"not_picked":["Protect","EmptyFist"],"picked":"CutThroughFate","floor":4},{"not_picked":["CutThroughFate","Evaluate"],"picked":"Worship","floor":5},{"not_picked":["ThirdEye","EmptyFist"],"picked":"Prostrate","floor":8},{"not_picked":["SashWhip","ThirdEye","SandsOfTime"],"picked":"SKIP","floor":11},{"not_picked":["Adaptation","CrushJoints"],"picked":"TalkToTheHand","floor":12},{"not_picked":["MasterReality","EmptyFist","PathToVictory"],"picked":"SKIP","floor":14},{"not_picked":["LessonLearned","ConjureBlade"],"picked":"DeusExMachina","floor":16},{"not_picked":["SashWhip","PathToVictory"],"picked":"WheelKick","floor":18},{"not_picked":["Halt","Adaptation"],"picked":"FollowUp+1","floor":20},{"not_picked":["Collect+1","SashWhip","Indignation+1"],"picked":"SKIP","floor":21},{"not_picked":["FlurryOfBlows","CrushJoints","FollowUp"],"picked":"SKIP","floor":22},{"not_picked":["FlurryOfBlows","WheelKick"],"picked":"EmptyFist+1","floor":27},{"not_picked":["Halt","LessonLearned","SashWhip"],"picked":"SKIP","floor":29},{"not_picked":["EmptyBody+1","SandsOfTime","Sanctity"],"picked":"SKIP","floor":31},{"not_picked":["ForeignInfluence+1","Wireheading","EmptyFist+1"],"picked":"SKIP","floor":35},{"not_picked":["FlyingSleeves+1","ClearTheMind","Protect"],"picked":"SKIP","floor":36},{"not_picked":["FollowUp+1","Consecrate"],"picked":"TalkToTheHand","floor":38},{"not_picked":["Swivel+1","CrushJoints+1","Weave+1"],"picked":"SKIP","floor":39},{"not_picked":["Consecrate+1","CrushJoints","Perseverance"],"picked":"SKIP","floor":41},{"not_picked":["Meditate","Nirvana+1","ThirdEye+1"],"picked":"SKIP","floor":46},{"not_picked":["CrushJoints+1","ForeignInfluence+1","BattleHymn+1"],"picked":"SKIP","floor":47}],"player_experience":264637,"relics_obtained":[{"floor":9,"key":"White Beast Statue"},{"floor":24,"key":"Eternal Feather"},{"floor":26,"key":"Strawberry"},{"floor":43,"key":"Vajra"}],"event_choices":[{"damage_healed":0,"gold_gain":0,"player_choice":"Memory 1","damage_taken":0,"max_hp_gain":0,"max_hp_loss":0,"event_name":"SensoryStone","floor":44,"gold_loss":0},{"damage_healed":0,"gold_gain":0,"player_choice":"Paid","damage_taken":0,"relics_obtained":["Red Mask"],"max_hp_gain":0,"max_hp_loss":0,"event_name":"Tomb of Lord Red Mask","floor":48,"gold_loss":154}],"is_beta":false,"boss_relics":[{"not_picked":["SacredBark","Busted Crown"],"picked":"Velvet Choker"},{"not_picked":["Fusion Hammer","Snecko Eye"],"picked":"Sozu"}],"items_purged_floors":[2,19,30],"is_endless":false,"potions_floor_spawned":[3,4,8,11,12,14,16,18,20,21,22,27,29,31,33,35,36,38,39,41,46,47],"killed_by":"Time Eater","ascension_level":0}}