{"host":"a1eatafr7pisesky","time":1608720651,"event":{"mods":["BaseMod","Colored Map","DeckTracker","Highlight Path","Keyboard Shortcuts","Minty Spire (QoL Compilation)","Permanent Neow","Random Character Button","StSLib","SuperFastMode"],"gold_per_floor":[111,36,47,66,66,80,80,105,105,131,131,148,181,181,181,181,181],"floor_reached":16,"playtime":315,"items_purged":["Strike_B"],"score":144,"play_id":"f6660f41-f161-4c16-976f-445b4ea52e0f","local_time":"20201223195051","is_ascension_mode":true,"campfire_choices":[{"data":"Sunder","floor":7.0,"key":"SMITH"},{"floor":15,"key":"REST"}],"circlet_count":0,"master_deck":["Strike_B","Strike_B","Defend_B","Defend_B","Defend_B","Defend_B","Zap","Dualcast","Beam Cell","Genetic Algorithm","Ball Lightning","Sunder+1","Defragment","Buffer","Ball Lightning"],"relics":["Cracked Core","CaptainsWheel","Unceasing Top","Incense Burner","Emotion Chip","Art of War"],"acts_visited":["Exordium"],"potions_floor_usage":[],"damage_taken":[{"damage":0.0,"enemies":"Small Slimes","floor":1.0,"turns":3.0},{"damage":2.0,"enemies":"Jaw Worm","floor":3.0,"turns":3.0},{"damage":11.0,"enemies":"2 Louse","floor":4.0,"turns":3.0},{"damage":4.0,"enemies":"Exordium Thugs","floor":6.0,"turns":3.0},{"damage":20.0,"enemies":"3 Sentries","floor":8.0,"turns":6.0},{"damage":11.0,"enemies":"Gremlin Nob","floor":10.0,"turns":4.0},{"damage":0,"enemies":"Looter","floor":12,"turns":3},{"damage":9,"enemies":"Lagavulin","floor":13,"turns":4},{"damage":24,"enemies":"Hexaghost","floor":16,"turns":8}],"seed_played":"985440936390556149","potions_obtained":[{"floor":1.0,"key":"Swift Potion"},{"floor":4.0,"key":"Ancient Potion"},{"floor":8.0,"key":"Explosive Potion"}],"is_trial":false,"path_per_floor":["M","$","M","M","?","M","R","E","T","E","?","M","E","?","R","B"],"character_chosen":"DEFECT","items_purchased":[],"campfire_rested":1,"item_purchase_floors":[],"current_hp_per_floor":[68,68,66,55,48,44,44,24,24,13,13,13,4,4,24,0,0],"gold":181,"neow_bonus":"ONE_RARE_RELIC","is_daily":false,"chose_seed":false,"campfire_upgraded":1,"win_rate":0.0,"timestamp":1608720651,"path_taken":["M","$","M","M","?","M","R","E","T","E","?","M","E","?","R","BOSS"],"items_purchased_type":[],"build_version":"2020-12-22","purchased_purges":1,"victory":false,"max_hp_per_floor":[68,68,68,68,68,68,68,68,68,68,68,68,68,68,68,68,68],"card_choices":[{"not_picked":["Chaos","Steam Power"],"picked":"Beam Cell","floor":1.0},{"not_picked":["Hologram","Ball Lightning"],"picked":"Genetic Algorithm","floor":3.0},{"not_picked":["Barrage","Gash"],"picked":"Ball Lightning","floor":4.0},{"not_picked":["Hello World","Steam"],"picked":"Sunder","floor":6.0},{"not_picked":["Melter","Reprogram"],"picked":"Defragment","floor":8.0},{"not_picked":["Blizzard","Thunder Strike"],"picked":"Buffer","floor":10.0},{"not_picked":["Go for the Eyes","Doom and Gloom"],"picked":"Ball Lightning","floor":12},{"not_picked":["Streamline","Blizzard","Sunder"],"picked":"SKIP","floor":13}],"player_experience":240490,"relics_obtained":[{"floor":8.0,"key":"Unceasing Top"},{"floor":9.0,"key":"Incense Burner"},{"floor":10.0,"key":"Emotion Chip"},{"floor":13,"key":"Art of War"}],"event_choices":[{"cards_removed":["Strike_B"],"damage_healed":0.0,"max_hp_gain":0.0,"max_hp_loss":0.0,"gold_gain":0.0,"event_name":"Golden Wing","player_choice":"Card Removal","floor":5.0,"gold_loss":0.0,"damage_taken":7.0},{"damage_healed":0,"gold_gain":0,"player_choice":"Fled","damage_taken":0,"max_hp_gain":0,"max_hp_loss":0,"event_name":"Scrap Ooze","floor":11,"gold_loss":0},{"damage_healed":0,"gold_gain":0,"player_choice":"Ignored","damage_taken":0,"max_hp_gain":0,"max_hp_loss":0,"event_name":"Shining Light","floor":14,"gold_loss":0}],"is_beta":false,"boss_relics":[],"items_purged_floors":[2],"is_endless":false,"potions_floor_spawned":[1,4,8,12],"killed_by":"Hexaghost","ascension_level":4}}