{"host":"k0kjm4m87pwj4phr","time":1608720654,"event":{"mods":["BaseMod","Colored Map","Colored Powertips","Minty Spire (QoL Compilation)","Permanent Neow","Quick Restart","Relic Stats","Robot Space Explorer","StSLib"],"gold_per_floor":[117,136,151,162,162,192,192,225,249,266,296,296,296,72,72,176,176,187,205,217,217,217,217,232,232,232,132,145,145,156,174,174,270,270,283,298,208,225,100,100,112,0,0,0,0,19,19,36,36,36,36,36,36,65,65,65],"floor_reached":55,"playtime":2531,"items_purged":["RobotSpaceExplorer:Strike","RobotSpaceExplorer:Strike","RobotSpaceExplorer:BigMissile"],"score":631,"play_id":"1b6fed08-24a4-4111-b0e8-fee21ecf1ecf","local_time":"20201223185054","is_ascension_mode":false,"campfire_choices":[{"floor":7.0,"key":"REST"},{"floor":13.0,"key":"REST"},{"floor":15.0,"key":"REST"},{"data":"RobotSpaceExplorer:BigMissile","floor":23.0,"key":"SMITH"},{"floor":25.0,"key":"REST"},{"floor":29.0,"key":"REST"},{"floor":32.0,"key":"REST"},{"data":"RobotSpaceExplorer:Autoloader","floor":40,"key":"SMITH"},{"data":"RobotSpaceExplorer:Scan","floor":44,"key":"SMITH"},{"data":"RobotSpaceExplorer:Defend","floor":47,"key":"SMITH"},{"floor":49,"key":"RECALL"},{"data":"RobotSpaceExplorer:Defend","floor":52,"key":"SMITH"}],"circlet_count":0,"master_deck":["RobotSpaceExplorer:Defend+1","RobotSpaceExplorer:Defend+1","RobotSpaceExplorer:Scan+1","RobotSpaceExplorer:MiniLasers+1","RobotSpaceExplorer:Explosion+1","RobotSpaceExplorer:BigMissile+1","RobotSpaceExplorer:Autoloader+1","RobotSpaceExplorer:ShockMissile","RobotSpaceExplorer:ScrapMissile+1","RobotSpaceExplorer:DroneSwarm","RobotSpaceExplorer:ScrapMissile","RobotSpaceExplorer:StunGrenade+1","RobotSpaceExplorer:Counterblock+1","RobotSpaceExplorer:Reload+1","RobotSpaceExplorer:SwiftStep"],"relics":["RobotSpaceExplorer:TurboCore","CaptainsWheel","Dream Catcher","Centennial Puzzle","FaceOfCleric","HornCleat","Sozu","Red Mask","The Courier","Akabeko","Ginger"],"acts_visited":["Exordium","TheCity","TheBeyond","TheEnding"],"potions_floor_usage":[50,55],"damage_taken":[{"damage":1.0,"enemies":"Cultist","floor":1.0,"turns":3.0},{"damage":3.0,"enemies":"Small Slimes","floor":2.0,"turns":4.0},{"damage":0.0,"enemies":"Jaw Worm","floor":3.0,"turns":3.0},{"damage":23.0,"enemies":"Large Slime","floor":4.0,"turns":7.0},{"damage":24.0,"enemies":"3 Sentries","floor":6.0,"turns":8.0},{"damage":18.0,"enemies":"Lagavulin","floor":8.0,"turns":5.0},{"damage":11.0,"enemies":"Gremlin Gang","floor":10.0,"turns":6.0},{"damage":33.0,"enemies":"Hexaghost","floor":16.0,"turns":7.0},{"damage":0.0,"enemies":"Shell Parasite","floor":18.0,"turns":4.0},{"damage":8.0,"enemies":"Chosen","floor":19.0,"turns":3.0},{"damage":21.0,"enemies":"Centurion and Healer","floor":20.0,"turns":6.0},{"damage":24.0,"enemies":"Snake Plant","floor":24.0,"turns":3.0},{"damage":9.0,"enemies":"Shelled Parasite and Fungi","floor":28.0,"turns":3.0},{"damage":0.0,"enemies":"Centurion and Healer","floor":30.0,"turns":4.0},{"damage":16.0,"enemies":"Cultist and Chosen","floor":31.0,"turns":5.0},{"damage":45,"enemies":"Automaton","floor":33,"turns":7},{"damage":12,"enemies":"3 Shapes","floor":35,"turns":2},{"damage":2,"enemies":"Orb Walker","floor":36,"turns":3},{"damage":12,"enemies":"Spire Growth","floor":38,"turns":3},{"damage":0,"enemies":"Jaw Worm Horde","floor":41,"turns":2},{"damage":0,"enemies":"3 Darklings","floor":46,"turns":3},{"damage":0,"enemies":"Transient","floor":48,"turns":5},{"damage":40,"enemies":"Donu and Deca","floor":50,"turns":9},{"damage":14,"enemies":"Shield and Spear","floor":54,"turns":5},{"damage":30,"enemies":"The Heart","floor":55,"turns":6}],"seed_played":"109954561770701786","potions_obtained":[{"floor":2.0,"key":"Strength Potion"},{"floor":3.0,"key":"Weak Potion"},{"floor":4.0,"key":"SteroidPotion"},{"floor":16.0,"key":"ColorlessPotion"},{"floor":20.0,"key":"SteroidPotion"}],"is_trial":false,"path_per_floor":["M","M","M","M","?","E","R","E","T","M","?","?","R","$","R","B",null,"M","M","M","?","?","R","M","R","T","$","M","R","M","M","R","B",null,"M","M","?","M","$","R","M","?","T","R","?","M","R","M","R","B",null,"R","$","E","B"],"character_chosen":"RobotSpaceExplorer","items_purchased":["RobotSpaceExplorer:Autoloader"],"campfire_rested":6,"item_purchase_floors":[14],"current_hp_per_floor":[67,64,64,41,41,17,37,19,19,8,8,8,28,28,48,15,68,68,60,39,39,39,39,16,36,36,36,28,49,50,35,56,12,73,62,61,61,50,50,50,51,51,51,51,51,52,52,53,53,14,80,80,80,67,37,37],"gold":65,"neow_bonus":"ONE_RARE_RELIC","is_daily":false,"chose_seed":false,"campfire_upgraded":5,"win_rate":0.0,"timestamp":1608720654,"path_taken":["M","M","M","M","?","E","R","E","T","M","?","?","R","$","R","BOSS","M","M","?","?","?","R","?","R","T","$","M","R","M","M","R","BOSS","M","M","?","M","?","R","?","?","T","R","?","M","R","M","R","BOSS","R","$","E","BOSS"],"items_purchased_type":["Card"],"build_version":"2020-12-22","purchased_purges":3,"victory":false,"max_hp_per_floor":[68,68,68,68,68,68,68,68,68,68,68,68,68,68,68,68,68,68,68,68,68,68,68,69,69,69,69,70,70,71,72,72,73,73,74,75,75,76,76,76,77,77,77,77,77,78,78,79,79,80,80,80,80,81,81,81],"relic_stats":{"Sozu":3,"Dream Catcher":6,"Centennial Puzzle":[42],"FaceOfCleric":13,"counters":[25,116],"Ginger":[2],"obtain_stats":[{"Sozu":34,"CaptainsWheel":0,"Dream Catcher":6,"Centennial Puzzle":8,"HornCleat":26,"FaceOfCleric":22,"RobotSpaceExplorer:RoboCore":0,"The Courier":43,"Red Mask":42,"Ginger":54,"RobotSpaceExplorer:TurboCore":17,"Akabeko":48},{"Sozu":16,"CaptainsWheel":0,"Dream Catcher":5,"Centennial Puzzle":6,"HornCleat":12,"FaceOfCleric":11,"RobotSpaceExplorer:RoboCore":0,"The Courier":20,"Red Mask":20,"Ginger":24,"RobotSpaceExplorer:TurboCore":8,"Akabeko":22},{"Sozu":78,"CaptainsWheel":0,"Dream Catcher":25,"Centennial Puzzle":30,"HornCleat":59,"FaceOfCleric":56,"RobotSpaceExplorer:RoboCore":0,"The Courier":88,"Red Mask":88,"Ginger":110,"RobotSpaceExplorer:TurboCore":43,"Akabeko":96}]},"card_choices":[{"not_picked":["RobotSpaceExplorer:SlimeMissile","RobotSpaceExplorer:Reload","RobotSpaceExplorer:ShovelStrike"],"picked":"SKIP","floor":1.0},{"not_picked":["RobotSpaceExplorer:ImprovisedAttack","RobotSpaceExplorer:SurgingStrike","RobotSpaceExplorer:Probe"],"picked":"SKIP","floor":2.0},{"not_picked":["RobotSpaceExplorer:Ammunition","RobotSpaceExplorer:ShovelStrike"],"picked":"RobotSpaceExplorer:Explosion","floor":3.0},{"not_picked":["RobotSpaceExplorer:DoubleFind","RobotSpaceExplorer:Counterblock","RobotSpaceExplorer:FreezingShield"],"picked":"SKIP","floor":4.0},{"not_picked":["RobotSpaceExplorer:Fix","RobotSpaceExplorer:PowerGlove"],"picked":"RobotSpaceExplorer:BigMissile","floor":6.0},{"not_picked":["RobotSpaceExplorer:GearShield","RobotSpaceExplorer:SurgingStrike"],"picked":"RobotSpaceExplorer:BigMissile","floor":8.0},{"not_picked":["RobotSpaceExplorer:SurgingShield","RobotSpaceExplorer:SwiftStep","RobotSpaceExplorer:Ammunition"],"picked":"SKIP","floor":10.0},{"not_picked":["RobotSpaceExplorer:Ammunition","RobotSpaceExplorer:LaserBurst"],"picked":"RobotSpaceExplorer:Wormhole","floor":15.0},{"not_picked":["RobotSpaceExplorer:Explosion","RobotSpaceExplorer:Asteroid"],"picked":"RobotSpaceExplorer:ShockMissile","floor":16.0},{"not_picked":["RobotSpaceExplorer:IronShell","RobotSpaceExplorer:ShovelStrike","RobotSpaceExplorer:Electropulse"],"picked":"SKIP","floor":18.0},{"not_picked":["RobotSpaceExplorer:SlimeMissile+1","RobotSpaceExplorer:FrostMissile"],"picked":"RobotSpaceExplorer:ScrapMissile+1","floor":19.0},{"not_picked":["RobotSpaceExplorer:ToxicBomb+1","RobotSpaceExplorer:SurgingShield","RobotSpaceExplorer:TurboDodge"],"picked":"SKIP","floor":20.0},{"not_picked":["RobotSpaceExplorer:Calculate","RobotSpaceExplorer:Discharger+1","RobotSpaceExplorer:SlimeMissile"],"picked":"SKIP","floor":24.0},{"not_picked":["RobotSpaceExplorer:SurgingShield","RobotSpaceExplorer:SwiftStep+1","RobotSpaceExplorer:MiniBoosters+1"],"picked":"SKIP","floor":28.0},{"not_picked":["RobotSpaceExplorer:Counterblock+1","RobotSpaceExplorer:ScrapMissile"],"picked":"RobotSpaceExplorer:Wormhole","floor":30.0},{"not_picked":["RobotSpaceExplorer:StarLightning","RobotSpaceExplorer:ShockKick","RobotSpaceExplorer:ShovelStrike"],"picked":"SKIP","floor":31.0},{"not_picked":["RobotSpaceExplorer:TrailblazerForm","RobotSpaceExplorer:BlastShield"],"picked":"RobotSpaceExplorer:DroneSwarm","floor":33},{"not_picked":["RobotSpaceExplorer:FrostMissile","RobotSpaceExplorer:SurgingShield+1"],"picked":"RobotSpaceExplorer:ScrapMissile","floor":35},{"not_picked":["RobotSpaceExplorer:SlimeMissile","RobotSpaceExplorer:Ammunition","RobotSpaceExplorer:StarDust"],"picked":"SKIP","floor":36},{"not_picked":["RobotSpaceExplorer:Ammunition+1","RobotSpaceExplorer:DoubleBlock+1"],"picked":"RobotSpaceExplorer:StunGrenade+1","floor":38},{"not_picked":["RobotSpaceExplorer:SwiftStep+1","RobotSpaceExplorer:FranticSearch+1"],"picked":"RobotSpaceExplorer:Counterblock+1","floor":41},{"not_picked":["RobotSpaceExplorer:SwiftStep+1","RobotSpaceExplorer:FranticSearch+1"],"picked":"RobotSpaceExplorer:Exploration","floor":46},{"not_picked":["RobotSpaceExplorer:MetalStrike+1","RobotSpaceExplorer:Pulsar+1"],"picked":"RobotSpaceExplorer:Reload+1","floor":48},{"not_picked":["RobotSpaceExplorer:JunkDive","RobotSpaceExplorer:ShovelStrike+1"],"picked":"RobotSpaceExplorer:SwiftStep","floor":54}],"player_experience":419759,"relics_obtained":[{"floor":6.0,"key":"Dream Catcher"},{"floor":8.0,"key":"Centennial Puzzle"},{"floor":26.0,"key":"HornCleat"},{"floor":43,"key":"The Courier"},{"floor":48,"key":"Akabeko"},{"floor":54,"key":"Ginger"}],"event_choices":[{"damage_healed":0.0,"max_hp_gain":0.0,"max_hp_loss":0.0,"gold_gain":0.0,"event_name":"Liars Game","player_choice":"Ignored","floor":5.0,"gold_loss":0.0,"damage_taken":0.0},{"damage_healed":0.0,"max_hp_gain":0.0,"max_hp_loss":0.0,"gold_gain":30.0,"event_name":"Dead Adventurer","player_choice":"Searched \u00271\u0027 times","floor":11.0,"gold_loss":0.0,"damage_taken":0.0},{"damage_healed":0.0,"max_hp_gain":0.0,"max_hp_loss":0.0,"gold_gain":0.0,"event_name":"The Woman in Blue","player_choice":"Bought 0 Potions","floor":12.0,"gold_loss":0.0,"damage_taken":0.0},{"cards_removed":["RobotSpaceExplorer:Strike"],"damage_healed":0.0,"max_hp_gain":0.0,"max_hp_loss":0.0,"gold_gain":0.0,"event_name":"Back to Basics","player_choice":"Elegance","floor":21.0,"gold_loss":0.0,"damage_taken":0.0},{"damage_healed":0.0,"max_hp_gain":0.0,"max_hp_loss":0.0,"gold_gain":0.0,"event_name":"FaceTrader","player_choice":"Trade","floor":22.0,"gold_loss":0.0,"damage_taken":0.0,"relics_obtained":["FaceOfCleric"]},{"cards_removed":["RobotSpaceExplorer:Defend"],"damage_healed":0,"gold_gain":0,"player_choice":"Upgrade and Remove","damage_taken":0,"max_hp_gain":0,"max_hp_loss":0,"event_name":"Designer","floor":37,"gold_loss":90,"cards_upgraded":["RobotSpaceExplorer:MiniLasers"]},{"damage_healed":0,"gold_gain":0,"player_choice":"Paid","damage_taken":0,"relics_obtained":["Red Mask"],"max_hp_gain":0,"max_hp_loss":0,"event_name":"Tomb of Lord Red Mask","floor":42,"gold_loss":112},{"damage_healed":0,"gold_gain":0,"player_choice":"Upgraded","damage_taken":0,"max_hp_gain":0,"max_hp_loss":0,"event_name":"Upgrade Shrine","floor":45,"gold_loss":0,"cards_upgraded":["RobotSpaceExplorer:Explosion"]}],"is_beta":false,"boss_relics":[{"not_picked":["Busted Crown","Philosopher\u0027s Stone"],"picked":"RobotSpaceExplorer:TurboCore"},{"not_picked":["Runic Pyramid","RobotSpaceExplorer:Reprocessor"],"picked":"Sozu"}],"items_purged_floors":[14,27,39],"is_endless":false,"potions_floor_spawned":[2,3,4,16,20,28,33,36,38,54],"killed_by":"The Heart","ascension_level":0}}