{"host":"kiauivt48syq9iz6","time":1608703804,"event":{"mods":["BaseMod","Conspire","Downfall","Hermit","Minty Spire (QoL Compilation)","Replay The Spire","SIMod","StSLib","The Animator","The Construct","The Cursed","The Runesmith","The Servant 0.9.4"],"gold_per_floor":[119,119,4,15,30,58,69,82,82,94,16,113,113,126,126,227,227,242,259,184,184,184,219,219,237,237,254,254,269,288,4,4,4,4],"floor_reached":33,"playtime":1555,"items_purged":[],"score":271,"play_id":"4c03ab1d-488e-4884-bb72-a969ec8d65fb","local_time":"20201222231004","is_ascension_mode":false,"campfire_choices":[{"floor":15,"key":"REST"},{"floor":24,"key":"REST"},{"floor":32,"key":"REST"}],"circlet_count":0,"master_deck":["hermit:Strike_Hermit","hermit:Strike_Hermit","hermit:Strike_Hermit","hermit:Defend_Hermit","hermit:Defend_Hermit","hermit:Defend_Hermit","hermit:Snapshot","hermit:Covet","hermit:Vantage","hermit:EternalForm+1","hermit:Desperado","hermit:Manifest+1","hermit:FromBeyond+1","hermit:WideOpen","hermit:Dive","hermit:Snipe","hermit:TrackingShot+1","ReplayTheSpireMod:Splinters","hermit:Coalescence","hermit:Headshot+1","hermit:Spite+1","hermit:FinalCanter+1","hermit:Coalescence+1","hermit:DeadMansHand","J.A.X.","hermit:WideOpen+1","hermit:ShadowCloak+1","hermit:ItchyTrigger+1","hermit:BodyArmor+1","hermit:Virtue+1","hermit:Maintenance","hermit:HighCaliber+1"],"relics":["hermit:ClaspedLocket","Divine Protection","Molten Egg 2","Bronze Scales","War Paint","Replay:Grab Bag","ChewingGum","conspire:SpecialSausage","conspire:DecoderRing","Matryoshka","Nloth\u0027s Gift","Gremlin Food"],"acts_visited":["Exordium","TheCity"],"potions_floor_usage":[5,6,10,16,27,27,33],"damage_taken":[{"damage":6,"enemies":"Jaw Worm","floor":1,"turns":3},{"damage":0,"enemies":"Cultist","floor":4,"turns":3},{"damage":0,"enemies":"Small Slimes","floor":5,"turns":1},{"damage":30,"enemies":"Gremlin Nob","floor":6,"turns":4},{"damage":2,"enemies":"Looter","floor":7,"turns":3},{"damage":0,"enemies":"conspire:2 RoseBushes","floor":8,"turns":5},{"damage":0,"enemies":"3 Louse","floor":10,"turns":5},{"damage":0,"enemies":"Looter","floor":14,"turns":2},{"damage":42,"enemies":"The Guardian","floor":16,"turns":7},{"damage":0,"enemies":"Shell Parasite","floor":18,"turns":4},{"damage":0,"enemies":"Chosen","floor":19,"turns":3},{"damage":27,"enemies":"Book of Stabbing","floor":23,"turns":5},{"damage":15,"enemies":"conspire:HollyBat","floor":25,"turns":7},{"damage":12,"enemies":"Snake Plant","floor":27,"turns":3},{"damage":14,"enemies":"Snecko","floor":29,"turns":4},{"damage":0,"enemies":"conspire:HollyBat","floor":30,"turns":6},{"damage":69,"enemies":"Champ","floor":33,"turns":8}],"seed_played":"-7329841123096109259","potions_obtained":[{"floor":4,"key":"Fire Potion"},{"floor":5,"key":"Strength Potion"},{"floor":8,"key":"Energy Potion"},{"floor":14,"key":"BlessingOfTheForge"},{"floor":18,"key":"SpeedPotion"},{"floor":25,"key":"hermit:Tonic"},{"floor":27,"key":"construct:ShiftPotion"},{"floor":29,"key":"Ancient Potion"}],"is_trial":false,"path_per_floor":["M","?","$","M","M","E","M","M","T","M","$","?","T","M","R","B",null,"M","M","?","?","?","E","R","M","T","M","?","M","M","$","R","B"],"character_chosen":"HERMIT","items_purchased":["hermit:EternalForm+1","hermit:TrackingShot+1","hermit:Tonic","Gremlin Food","hermit:Maintenance","hermit:HighCaliber+1"],"campfire_rested":3,"item_purchase_floors":[3,11,11,31,31,31],"current_hp_per_floor":[69,69,69,69,69,39,37,37,37,37,37,37,37,37,59,17,75,75,75,75,75,75,48,70,55,55,43,43,29,29,29,51,0,0],"gold":4,"neow_bonus":"","is_daily":false,"chose_seed":false,"campfire_upgraded":0,"win_rate":0.0,"timestamp":1608703804,"path_taken":["M","?","$","M","?","E","?","M","T","M","?","?","?","M","R","BOSS","M","M","?","?","?","E","R","M","T","M","?","?","M","$","R","BOSS"],"items_purchased_type":["Card","Card","Potion","Relic","Card","Card"],"build_version":"2020-12-22","purchased_purges":0,"victory":false,"max_hp_per_floor":[75,75,75,75,75,75,75,75,75,75,75,75,75,75,75,75,75,75,75,75,75,75,75,75,75,75,75,75,75,75,75,75,75,75],"card_choices":[{"not_picked":["hermit:SprayPray","hermit:Misfire"],"picked":"hermit:Vantage","floor":1},{"not_picked":["hermit:LowProfile","hermit:Feint"],"picked":"hermit:Desperado","floor":4},{"not_picked":["hermit:Coalescence","hermit:PistolWhip"],"picked":"hermit:Manifest","floor":5},{"not_picked":["hermit:ItchyTrigger","hermit:Roulette"],"picked":"hermit:FromBeyond","floor":6},{"not_picked":["hermit:Misfire","hermit:Spite"],"picked":"hermit:WideOpen","floor":7},{"not_picked":["hermit:Shortfuse","hermit:Spite"],"picked":"hermit:Dive","floor":8},{"not_picked":["hermit:Vantage","hermit:TakeCover"],"picked":"hermit:Snipe","floor":10},{"not_picked":["hermit:Snipe","hermit:BodyArmor"],"picked":"hermit:Coalescence","floor":12},{"not_picked":["hermit:Dive","hermit:Glare"],"picked":"hermit:Headshot+1","floor":12},{"not_picked":["hermit:LoneWolf","hermit:Vantage"],"picked":"hermit:Spite+1","floor":14},{"not_picked":["hermit:HighNoon","hermit:OverwhelmingPower"],"picked":"hermit:FinalCanter+1","floor":16},{"not_picked":["hermit:BodyArmor","hermit:HoleUp"],"picked":"hermit:Coalescence+1","floor":18},{"not_picked":["hermit:BodyArmor","hermit:Roulette+1"],"picked":"hermit:DeadMansHand","floor":19},{"not_picked":["hermit:HighNoon","hermit:HighCaliber+1"],"picked":"hermit:WideOpen+1","floor":23},{"not_picked":["hermit:Feint","hermit:Horror+1"],"picked":"hermit:ShadowCloak+1","floor":25},{"not_picked":["hermit:TakeCover","hermit:Cheat"],"picked":"hermit:ItchyTrigger+1","floor":27},{"not_picked":["hermit:Glare","hermit:Snipe"],"picked":"hermit:BodyArmor+1","floor":29},{"not_picked":["hermit:Coalescence+1","hermit:FullyLoaded+1"],"picked":"hermit:Virtue+1","floor":30}],"player_experience":0,"relics_obtained":[{"floor":6,"key":"Divine Protection"},{"floor":9,"key":"Molten Egg 2"},{"floor":12,"key":"Bronze Scales"},{"floor":13,"key":"War Paint"},{"floor":23,"key":"conspire:DecoderRing"},{"floor":26,"key":"Matryoshka"}],"event_choices":[{"cards_removed":["hermit:Defend_Hermit"],"damage_healed":0,"gold_gain":0,"player_choice":"Card Removal","damage_taken":0,"max_hp_gain":0,"max_hp_loss":0,"event_name":"Wheel of Change","floor":2,"gold_loss":0},{"cards_removed":["hermit:Strike_Hermit"],"damage_healed":0,"gold_gain":0,"player_choice":"Gave Gold","damage_taken":0,"max_hp_gain":0,"max_hp_loss":0,"event_name":"Beggar","floor":20,"gold_loss":75},{"damage_healed":0,"gold_gain":0,"player_choice":"Obtain J.A.X.","damage_taken":0,"max_hp_gain":0,"max_hp_loss":0,"event_name":"Drug Dealer","floor":21,"gold_loss":0,"cards_obtained":["J.A.X."]},{"damage_healed":0,"gold_gain":0,"player_choice":"Traded Relic","damage_taken":0,"relics_obtained":["Nloth\u0027s Gift"],"max_hp_gain":0,"max_hp_loss":0,"event_name":"N\u0027loth","floor":28,"relics_lost":["Cursed Key"],"gold_loss":0}],"is_beta":false,"boss_relics":[{"not_picked":["Tiny House","conspire:SlowCooker"],"picked":"Replay:Grab Bag"},{"not_picked":["Replay:Bronze Core","Runesmith:UraniumAnvil"],"picked":"ChewingGum"},{"not_picked":["Velvet Choker","Busted Crown"],"picked":"Cursed Key"},{"not_picked":["Kintsugi","Replay:Drink Me"],"picked":"hermit:ClaspedLocket"},{"not_picked":["Empty Cage","conspire:RunicOctahedron"],"picked":"conspire:SpecialSausage"}],"items_purged_floors":[],"is_endless":false,"potions_floor_spawned":[4,5,8,14,18,25,27,29],"killed_by":"Champ","ascension_level":0}}