{"host":"j204k34h42bd6fas","time":1608687451,"event":{"mods":["Aspiration","BaseMod","Colored Map","Colored Powertips","Conspire","Hubris","Infinite Spire","Mimic Mod","Minty Spire (QoL Compilation)","Rare Cards Sparkle","Relic Stats","Replay The Spire","Say the Spire","StSLib","The Cursed"],"gold_per_floor":[111,111,86,11,28,53,69,69,116,116,132,132,132,45,137,237,237,247,13,13,13,25,25,57,57,87,87,99,99,115,134,134,134,134],"floor_reached":33,"playtime":785,"items_purged":[],"score":346,"play_id":"4a183f75-0f5d-41a6-a2ec-79194afba373","local_time":"20201222203731","is_ascension_mode":true,"campfire_choices":[{"data":"Dagger Spray","floor":8,"key":"SMITH"},{"data":"Outmaneuver","floor":10,"key":"SMITH"},{"data":"Beam Cell","floor":13,"key":"SMITH"},{"floor":23,"key":"REST"},{"floor":25,"key":"REST"},{"floor":29,"key":"REST"},{"data":"Envenom","floor":32,"key":"SMITH"}],"circlet_count":0,"master_deck":["Strike_G","Strike_G","Strike_G","Strike_G","Strike_G","Defend_G","Defend_G","Defend_G+1","Defend_G","Defend_G","Underhanded Strike","Dagger Spray+1","Endless Agony","Outmaneuver+1","Quick Slash","Terror","Leap","Beam Cell+1","ReplayTheSpireMod:Private Reserves","Envenom+1","Dodge and Roll+1","Mayhem","Quick Slash","Blur","Crippling Poison","Dagger Throw"],"relics":["Ring of the Snake","NeowsBlessing","conspire:Boomerang","Bag of Marbles","ReplayTheSpireMod:Lightbulb","Busted Crown","MutagenicStrength","Replay:Accelerometer","Quantum Egg","hubris:Towel"],"acts_visited":["Exordium","TheCity"],"potions_floor_usage":[18,18,33],"damage_taken":[{"damage":0,"enemies":"2 Louse","floor":1,"turns":1},{"damage":0,"enemies":"Small Slimes","floor":5,"turns":1},{"damage":0,"enemies":"Lagavulin","floor":6,"turns":1},{"damage":0,"enemies":"Cultist","floor":7,"turns":2},{"damage":0,"enemies":"Large Slime","floor":11,"turns":2},{"damage":56,"enemies":"The Guardian","floor":16,"turns":10},{"damage":22,"enemies":"2 Thieves","floor":18,"turns":3},{"damage":22,"enemies":"Spheric Guardian","floor":22,"turns":4},{"damage":10,"enemies":"conspire:Head Lice","floor":24,"turns":4},{"damage":7,"enemies":"Snecko","floor":26,"turns":5},{"damage":13,"enemies":"Snecko","floor":28,"turns":4},{"damage":0,"enemies":"3 Cultists","floor":30,"turns":1},{"damage":7,"enemies":"Cultist and Chosen","floor":31,"turns":3},{"damage":56,"enemies":"Collector","floor":33,"turns":3}],"seed_played":"4528903416202907553","potions_obtained":[{"floor":5,"key":"Toxic Potion"},{"floor":16,"key":"SkillPotion"},{"floor":30,"key":"Elixir"},{"floor":31,"key":"BlessingOfTheForge"}],"is_trial":false,"path_per_floor":["M","?","$","?","M","E","M","R","T","R","M","?","R","$","R_BF","B",null,"M","$","?","?","M","R","E","R","MIM","?","M","R","M","M","R","B"],"character_chosen":"THE_SILENT","items_purchased":["Dagger Spray","ReplayTheSpireMod:Private Reserves","Mayhem","Quick Slash"],"campfire_rested":3,"item_purchase_floors":[3,14,19,19],"current_hp_per_floor":[70,70,70,70,70,70,70,70,70,70,70,70,70,70,70,14,70,48,48,48,48,26,47,37,58,51,51,38,59,59,52,52,0,0],"gold":134,"neow_bonus":"THREE_ENEMY_KILL","is_daily":false,"chose_seed":false,"campfire_upgraded":4,"win_rate":0.0,"timestamp":1608687451,"path_taken":["M","?","$","?","M","E","?","R","T","R","M","?","R","?","R_BF","BOSS","M","$","?","?","M","R","E","R","MIM","?","M","R","?","M","R","BOSS"],"items_purchased_type":["Card","Card","Card","Card"],"build_version":"2020-12-13","purchased_purges":0,"victory":false,"max_hp_per_floor":[70,70,70,70,70,70,70,70,70,70,70,70,70,70,70,70,70,70,70,70,70,70,70,70,70,70,70,70,70,70,70,70,70,70],"relic_stats":{"Busted Crown":22,"counters":[14,44],"obtain_stats":[{"Replay:Accelerometer":24,"Busted Crown":17,"NeowsBlessing":0,"MutagenicStrength":20,"Quantum Egg":26,"conspire:Boomerang":4,"Bag of Marbles":6,"hubris:Towel":27,"ReplayTheSpireMod:Lightbulb":9,"Ring of the Snake":0},{"Replay:Accelerometer":9,"Busted Crown":6,"NeowsBlessing":0,"MutagenicStrength":7,"Quantum Egg":10,"conspire:Boomerang":1,"Bag of Marbles":3,"hubris:Towel":10,"ReplayTheSpireMod:Lightbulb":4,"Ring of the Snake":0},{"Replay:Accelerometer":28,"Busted Crown":17,"NeowsBlessing":0,"MutagenicStrength":20,"Quantum Egg":33,"conspire:Boomerang":1,"Bag of Marbles":3,"hubris:Towel":33,"ReplayTheSpireMod:Lightbulb":5,"Ring of the Snake":0}],"Ring of the Snake":[29]},"card_choices":[{"not_picked":["Deflect","Dagger Throw"],"picked":"Underhanded Strike","floor":1},{"not_picked":["Crippling Poison","ReplayTheSpireMod:Shiv Toss"],"picked":"Endless Agony","floor":5},{"not_picked":["Blade Dance","Quick Slash"],"picked":"Outmaneuver","floor":6},{"not_picked":["Outmaneuver","Calculated Gamble"],"picked":"Quick Slash","floor":7},{"not_picked":["Underhanded Strike","hubris:Sniper"],"picked":"Terror","floor":11},{"not_picked":["Malaise","Unload"],"picked":"Envenom","floor":16},{"not_picked":[],"picked":"Dodge and Roll+1","floor":18},{"not_picked":["Deflect"],"picked":"SKIP","floor":22},{"not_picked":[],"picked":"Blur","floor":24},{"not_picked":[],"picked":"Crippling Poison","floor":28},{"not_picked":["Deflect"],"picked":"SKIP","floor":30},{"not_picked":[],"picked":"Dagger Throw","floor":31}],"player_experience":281753,"relics_obtained":[{"floor":6,"key":"Bag of Marbles"},{"floor":9,"key":"ReplayTheSpireMod:Lightbulb"},{"floor":24,"key":"Replay:Accelerometer"},{"floor":26,"key":"Quantum Egg"}],"event_choices":[{"damage_healed":0,"gold_gain":0,"player_choice":"Paid Gold","damage_taken":0,"relics_obtained":["conspire:Boomerang"],"max_hp_gain":0,"max_hp_loss":0,"event_name":"WeMeetAgain","floor":4,"gold_loss":75},{"damage_healed":0,"gold_gain":0,"player_choice":"Inject Mutagens","damage_taken":0,"relics_obtained":["MutagenicStrength"],"max_hp_gain":0,"max_hp_loss":0,"event_name":"Drug Dealer","floor":20,"gold_loss":0},{"damage_healed":0,"gold_gain":0,"player_choice":"Ignored","damage_taken":0,"max_hp_gain":0,"max_hp_loss":0,"event_name":"N\u0027loth","floor":21,"gold_loss":0}],"is_beta":false,"boss_relics":[{"not_picked":["Pandora\u0027s Box","hubris:ScarierMask"],"picked":"Busted Crown"}],"items_purged_floors":[],"is_endless":false,"potions_floor_spawned":[5,16,30,31],"killed_by":"Collector","ascension_level":4}}