{"host":"vc42n08di9czm3e7","time":1608760721,"event":{"mods":["AchievementEnabler","Act Like it!","BaseMod","Colored Powertips","Downfall","Friendly Minions","GifTheSpireLib","Jorbs\u0027s Wanderer Trilogy","Minty Spire (QoL Compilation)","Rare Cards Sparkle","StSLib","The Bug Knight"],"gold_per_floor":[99,112,130,130,76,76,122,137,137,137,151,151,167,178,191,294,294,294,304,163,179,189,189,235,235,235,235,235],"floor_reached":26,"playtime":1462,"items_purged":["champ:Defend"],"score":202,"play_id":"8717d64c-e78e-4a93-8929-69d4db466e1f","local_time":"20201223165841","is_ascension_mode":false,"campfire_choices":[{"data":"champ:Taunt","floor":1,"key":"SMITH"},{"data":"champ:AdrenalArmor","floor":9,"key":"SMITH"},{"data":"champ:BerserkersShout","floor":12,"key":"SMITH"},{"data":"champ:Devastate","floor":18,"key":"SMITH"},{"data":"champ:Backstep","floor":23,"key":"SMITH"}],"circlet_count":0,"master_deck":["champ:Strike","champ:Strike","champ:Strike","champ:Strike","champ:Defend","champ:Defend","champ:Defend","champ:Execute","champ:Taunt+1","champ:CrookedStrike","champ:ViciousMockery","champ:BerserkersShout+1","champ:ShieldWall","champ:AdrenalArmor+1","champ:HeartStrike","champ:MurderStrike","champ:DeathBlow","champ:PerfectedStrike","champ:Devastate+1","champ:BerserkerStyle","champ:BringItOn","champ:Backstep+1"],"relics":["champ:ChampionCrown","downfall:ShatteredFragment","NlothsMask","Velvet Choker","Orichalcum"],"acts_visited":["Exordium","TheCity"],"potions_floor_usage":[14,16,19,22,25],"damage_taken":[{"damage":7,"enemies":"2 Louse","floor":2,"turns":3},{"damage":4,"enemies":"Cultist","floor":3,"turns":4},{"damage":10,"enemies":"downfall:FleeingMerchant","floor":5,"turns":4},{"damage":8,"enemies":"Small Slimes","floor":8,"turns":3},{"damage":27,"enemies":"Red Slaver","floor":11,"turns":4},{"damage":38,"enemies":"Exordium Wildlife","floor":13,"turns":5},{"damage":29,"enemies":"2 Fungi Beasts","floor":14,"turns":3},{"damage":56,"enemies":"Large Slime","floor":15,"turns":5},{"damage":64,"enemies":"downfall:Watcher","floor":16,"turns":14},{"damage":50,"enemies":"3 Byrds","floor":19,"turns":7},{"damage":25,"enemies":"downfall:FleeingMerchant","floor":20,"turns":4},{"damage":42,"enemies":"Chosen","floor":21,"turns":5},{"damage":44,"enemies":"Centurion and Healer","floor":22,"turns":5},{"damage":17,"enemies":"Snecko","floor":25,"turns":3},{"damage":58,"enemies":"Sentry and Sphere","floor":26,"turns":5}],"seed_played":"-7944247144810003662","potions_obtained":[{"floor":3,"key":"PowerPotion"},{"floor":13,"key":"BlessingOfTheForge"},{"floor":16,"key":"champ:TechniquePotion"},{"floor":19,"key":"SmokeBomb"},{"floor":21,"key":"ColorlessPotion"}],"is_trial":false,"path_per_floor":["R","M","M","?","$","?","T","M","R","?","M","R","M","M","M","B",null,"R","M","$","M","M","R","T","M","M"],"character_chosen":"THE_CHAMP","items_purchased":["champ:ShieldWall","champ:BringItOn"],"campfire_rested":0,"item_purchase_floors":[5,20],"current_hp_per_floor":[99,97,93,66,61,61,61,61,61,99,85,85,73,59,44,4,99,99,82,72,56,47,47,47,38,0,0,0],"gold":235,"neow_bonus":"TEN_PERCENT_HP_BONUS","is_daily":false,"chose_seed":false,"campfire_upgraded":5,"win_rate":0.0,"timestamp":1608760721,"path_taken":["R","M","M","?","$","?","T","?","R","?","?","R","M","M","M","BOSS","R","M","$","M","M","R","T","M","M"],"items_purchased_type":["Card","Card"],"build_version":"2020-12-13","purchased_purges":1,"victory":false,"max_hp_per_floor":[99,99,99,99,99,99,99,99,99,99,99,99,99,99,99,99,99,99,99,99,99,99,99,99,99,99,99,99],"card_choices":[{"not_picked":["champ:BladeFlurry","champ:FocusedGladiator"],"picked":"champ:CrookedStrike","floor":2},{"not_picked":["champ:Circumvent","champ:Backstep"],"picked":"champ:ViciousMockery","floor":3},{"not_picked":["champ:BladeFlurry","champ:GladiatorsShout"],"picked":"champ:BerserkersShout","floor":5},{"not_picked":["champ:PerfectedStrike","champ:FaceSlap"],"picked":"champ:AdrenalArmor","floor":8},{"not_picked":["champ:Backstep","champ:Encircle"],"picked":"champ:HeartStrike","floor":11},{"not_picked":["champ:BringItOn","champ:AdrenalArmor"],"picked":"champ:MurderStrike","floor":13},{"not_picked":["champ:BringItOn","champ:FlashCut"],"picked":"champ:DeathBlow","floor":14},{"not_picked":["champ:Encircle","champ:AdrenalArmor"],"picked":"champ:PerfectedStrike","floor":15},{"not_picked":["champ:PerfectForm","champ:StrikeOfGenius"],"picked":"champ:Devastate","floor":16},{"not_picked":["champ:FaceSlap","champ:FlashCut+1"],"picked":"champ:BerserkerStyle","floor":19},{"not_picked":["champ:EnragedBash","champ:FalseCounter","champ:Circumvent+1"],"picked":"SKIP","floor":20},{"not_picked":["champ:SkillfulDodge+1","champ:ShieldWall"],"picked":"champ:Backstep","floor":21},{"not_picked":["champ:FalseCounter","champ:GladiatorStyle","champ:TornadoPunch"],"picked":"SKIP","floor":22}],"player_experience":181442,"relics_obtained":[{"floor":24,"key":"Orichalcum"}],"event_choices":[{"damage_healed":0,"gold_gain":0,"player_choice":"Trade","damage_taken":0,"relics_obtained":["NlothsMask"],"max_hp_gain":0,"max_hp_loss":0,"event_name":"FaceTrader","floor":6,"gold_loss":0},{"damage_healed":38,"gold_gain":0,"player_choice":"Full Heal","damage_taken":0,"max_hp_gain":0,"max_hp_loss":0,"event_name":"Wheel of Change","floor":10,"gold_loss":0}],"is_beta":false,"boss_relics":[{"not_picked":["downfall:Hecktoplasm","Black Star"],"picked":"Velvet Choker"}],"items_purged_floors":[20],"is_endless":false,"potions_floor_spawned":[3,13,16,19,21,25],"killed_by":"Sentry and Sphere","ascension_level":0}}