{"host":"5fasz840ryq7obdf","time":1608760048,"event":{"mods":["AchievementEnabler","BaseMod","Bestiary","Better Altar","Better Skull","Better Third Choice","BetterRewards","Block Reminder","Colored Powertips","Curses Come First","Minty Spire (QoL Compilation)","Quick Restart","Relic Stats","Shop Mod","Spicy Shops","StSLib"],"gold_per_floor":[138,288,298,329,359,428,428,477,528,580,580,615,647,3,3,106,106,154,18,18,18,18,97,97,164,164,218,268,319,394,436,436,549,603,648,732,9,27,67,108,192,223,294,331,9,27,27,69,69,69,69],"floor_reached":52,"playtime":5490,"items_purged":["Defend_P","Shame","Strike_P","PathToVictory"],"score":2379,"play_id":"4d03cc47-e1d1-4ae1-9b53-fbb0e85c9d1a","local_time":"20201223214728","is_ascension_mode":true,"campfire_choices":[{"data":"Eruption","floor":7.0,"key":"SMITH"},{"data":"DeusExMachina","floor":15.0,"key":"SMITH"},{"data":"HandOfGreed","floor":24.0,"key":"SMITH"},{"data":"JustLucky","floor":32.0,"key":"SMITH"},{"floor":47.0,"key":"RECALL"},{"data":"Ragnarok","floor":49.0,"key":"SMITH"}],"circlet_count":0,"master_deck":["AscendersBane","Eruption+1","Vigilance","HandOfGreed+1","Tantrum+1","FlurryOfBlows","Wireheading","Indignation","DeusExMachina+1","JustLucky","Protect","LikeWater+1","JustLucky+1","ConjureBlade","SashWhip","Study+1","CutThroughFate+1","JustLucky","Ragnarok+1","InnerPeace+1","Adaptation+1","Wallop","CutThroughFate","Omniscience","CarveReality","ReachHeaven","MasterReality+1","DeceiveReality","InnerPeace","Evaluate","JustLucky+1","WaveOfTheHand+1","Alpha","WreathOfFlame","Adaptation+1","FlurryOfBlows","Madness","Madness","WreathOfFlame+1","TalkToTheHand+1","Protect","LikeWater+1","Blind","Secret Technique"],"relics":["PureWater","Membership Card","TeardropLocket","Ice Cream","Oddly Smooth Stone","Lee\u0027s Waffle","Pantograph","StrikeDummy","Nunchaku","betterAltar:BloodRelic","Spirit Poop","CeramicFish","Pen Nib","Lantern","Frozen Egg 2","Sozu","Bloody Idol","Singing Bowl","WingedGreaves","Mercury Hourglass","Prayer Wheel","The Courier","Pandora\u0027s Box","Turnip","Centennial Puzzle","Anchor","Bag of Marbles","Letter Opener","Vajra","Whetstone","Smiling Mask","PreservedInsect","Dream Catcher","Happy Flower","HandDrill","Damaru","Incense Burner"],"acts_visited":["Exordium","TheCity","TheBeyond"],"potions_floor_usage":[],"damage_taken":[{"damage":0.0,"enemies":"Jaw Worm","floor":1.0,"turns":1.0},{"damage":0.0,"enemies":"2 Louse","floor":3.0,"turns":2.0},{"damage":8.0,"enemies":"Cultist","floor":4.0,"turns":3.0},{"damage":26.0,"enemies":"Large Slime","floor":5.0,"turns":5.0},{"damage":24.0,"enemies":"3 Sentries","floor":6.0,"turns":4.0},{"damage":0.0,"enemies":"Lagavulin","floor":8.0,"turns":2.0},{"damage":0.0,"enemies":"Gremlin Nob","floor":10.0,"turns":2.0},{"damage":0.0,"enemies":"Looter","floor":12.0,"turns":1.0},{"damage":0.0,"enemies":"Gremlin Gang","floor":13.0,"turns":3.0},{"damage":11.0,"enemies":"Hexaghost","floor":16.0,"turns":7.0},{"damage":15.0,"enemies":"Spheric Guardian","floor":18.0,"turns":4.0},{"damage":9.0,"enemies":"Slavers","floor":23.0,"turns":5.0},{"damage":8.0,"enemies":"Book of Stabbing","floor":25.0,"turns":4.0},{"damage":15.0,"enemies":"Shell Parasite","floor":27.0,"turns":4.0},{"damage":0.0,"enemies":"Snecko","floor":28.0,"turns":3.0},{"damage":20.0,"enemies":"Gremlin Leader","floor":29.0,"turns":5.0},{"damage":44.0,"enemies":"Chosen and Byrds","floor":30.0,"turns":8.0},{"damage":0.0,"enemies":"Book of Stabbing","floor":31.0,"turns":2.0},{"damage":7.0,"enemies":"Collector","floor":33.0,"turns":5.0},{"damage":4.0,"enemies":"Orb Walker","floor":35.0,"turns":5.0},{"damage":31.0,"enemies":"3 Shapes","floor":36.0,"turns":4.0},{"damage":2.0,"enemies":"Maw","floor":39.0,"turns":3.0},{"damage":4.0,"enemies":"Nemesis","floor":40.0,"turns":3.0},{"damage":0.0,"enemies":"Sphere and 2 Shapes","floor":41.0,"turns":2.0},{"damage":20.0,"enemies":"Reptomancer","floor":42.0,"turns":6.0},{"damage":0.0,"enemies":"Nemesis","floor":44.0,"turns":7.0},{"damage":18.0,"enemies":"3 Darklings","floor":48.0,"turns":4.0},{"damage":18,"enemies":"Donu and Deca","floor":50,"turns":5},{"damage":17,"enemies":"Time Eater","floor":51,"turns":9}],"seed_played":"2197490256528871594","potions_obtained":[{"floor":1.0,"key":"FearPotion"},{"floor":8.0,"key":"Fire Potion"},{"floor":10.0,"key":"PowerPotion"}],"is_trial":false,"path_per_floor":["M","?","M","M","M","E","R","E","T","E","?","M","M","$","R","B",null,"M","$","?","?","?","E","R","E","T","M","M","E","M","E","R","B",null,"M","M","$","?","M","E","M","E","T","E","$","?","R","M","R","B","B",null],"character_chosen":"WATCHER","items_purchased":["Membership Card","TeardropLocket","Ice Cream","HandOfGreed","Oddly Smooth Stone","Lee\u0027s Waffle","Consecrate","EmptyBody","CeramicFish","Pen Nib","Lantern","Frozen Egg 2","Protect","LikeWater+1","JustLucky","Study+1","CutThroughFate","Alpha","Turnip","Centennial Puzzle","WreathOfFlame","Adaptation+1","FlurryOfBlows","Anchor","Bag of Marbles","Letter Opener","Vajra","Whetstone","Happy Flower","HandDrill","Damaru","Incense Burner"],"campfire_rested":0,"item_purchase_floors":[0,0,0,0,0,0,0,0,14,14,14,14,14,14,14,19,19,37,37,37,37,37,37,37,37,37,37,37,45,45,45,45],"current_hp_per_floor":[75,75,75,67,41,17,17,17,17,17,17,19,21,21,21,37,66,53,53,53,53,8,22,22,33,33,37,56,51,33,47,47,79,79,81,70,81,76,85,85,85,72,77,87,87,89,89,85,85,75,76],"gold":69,"neow_bonus":"","is_daily":false,"chose_seed":false,"campfire_upgraded":5,"win_rate":0.0,"timestamp":1608760048,"path_taken":["M","?","M","M","M","E","R","E","T","E","?","M","?","$","R","BOSS","M","$","?","?","?","E","R","E","T","M","M","E","M","E","R","BOSS","M","M","$","?","M","E","M","E","T","E","$","?","R","M","R","BOSS","BOSS"],"items_purchased_type":["Relic","Relic","Relic","Card","Relic","Relic","Card","Card","Relic","Relic","Relic","Relic","Card","Card","Card","Card","Card","Card","Relic","Relic","Card","Card","Card","Relic","Relic","Relic","Relic","Relic","Relic","Relic","Relic","Relic"],"build_version":"2020-12-22","purchased_purges":4,"victory":true,"max_hp_per_floor":[75,75,75,75,75,75,75,75,75,75,75,75,75,75,75,75,75,75,75,75,75,75,75,75,75,75,75,75,77,79,79,79,79,79,81,81,81,81,85,85,85,87,87,87,87,89,89,93,93,93,93],"relic_stats":{"Lee\u0027s Waffle":45,"Singing Bowl":18,"Happy Flower":[6],"counters":[41,152],"CeramicFish":315,"Pen Nib":[24],"PreservedInsect":50,"Letter Opener":[158],"Whetstone":["CutThroughFate","Tantrum"],"Smiling Mask":0,"Mercury Hourglass":[289],"Sozu":7,"Nunchaku":[25],"Centennial Puzzle":[18],"Dream Catcher":0,"Pantograph":67,"Bloody Idol":201,"Prayer Wheel":6,"Pandora\u0027s Box":["CarveReality","ReachHeaven","MasterReality","DeceiveReality","PathToVictory","InnerPeace"],"Turnip":[6],"HandDrill":[12],"obtain_stats":[{"Ice Cream":8,"Lantern":14,"Singing Bowl":23,"CeramicFish":14,"Spirit Poop":11,"Vajra":37,"CloakClasp":0,"Incense Burner":45,"TeardropLocket":0,"Whetstone":37,"Smiling Mask":40,"Blood Vial":3,"Sozu":17,"Nunchaku":9,"Centennial Puzzle":37,"Dream Catcher":44,"Shovel":12,"Mummified Hand":0,"Pantograph":6,"Prayer Wheel":29,"WingedGreaves":25,"HandDrill":45,"Lee\u0027s Waffle":0,"NeowsBlessing":0,"betterAltar:BloodRelic":22,"Happy Flower":45,"Oddly Smooth Stone":0,"Damaru":45,"The Courier":9,"PreservedInsect":0,"Pen Nib":14,"Letter Opener":0,"Frozen Egg 2":14,"Akabeko":0,"Mercury Hourglass":26,"Anchor":37,"Shuriken":6,"Bloody Idol":22,"Molten Egg 2":0,"Pandora\u0027s Box":34,"Turnip":0,"Bag of Marbles":10,"Membership Card":0,"PureWater":0,"StrikeDummy":8},{"Ice Cream":7,"Lantern":21,"Singing Bowl":24,"CeramicFish":21,"Spirit Poop":19,"Vajra":33,"CloakClasp":9,"Incense Burner":38,"TeardropLocket":12,"Whetstone":33,"Smiling Mask":35,"Blood Vial":11,"Sozu":22,"Nunchaku":18,"Centennial Puzzle":33,"Dream Catcher":38,"Shovel":8,"Mummified Hand":9,"Pantograph":17,"Prayer Wheel":28,"WingedGreaves":25,"HandDrill":38,"Lee\u0027s Waffle":12,"NeowsBlessing":0,"betterAltar:BloodRelic":23,"Happy Flower":38,"Oddly Smooth Stone":9,"Damaru":38,"The Courier":7,"PreservedInsect":9,"Pen Nib":21,"Letter Opener":9,"Frozen Egg 2":21,"Akabeko":9,"Mercury Hourglass":25,"Anchor":33,"Shuriken":5,"Bloody Idol":23,"Molten Egg 2":9,"Pandora\u0027s Box":31,"Turnip":9,"Bag of Marbles":7,"Membership Card":12,"PureWater":0,"StrikeDummy":18},{"Ice Cream":19,"Lantern":57,"Singing Bowl":73,"CeramicFish":57,"Spirit Poop":53,"Vajra":113,"CloakClasp":26,"Incense Burner":134,"TeardropLocket":34,"Whetstone":113,"Smiling Mask":119,"Blood Vial":31,"Sozu":64,"Nunchaku":51,"Centennial Puzzle":113,"Dream Catcher":134,"Shovel":25,"Mummified Hand":26,"Pantograph":49,"Prayer Wheel":89,"WingedGreaves":77,"HandDrill":134,"Lee\u0027s Waffle":34,"NeowsBlessing":0,"betterAltar:BloodRelic":68,"Happy Flower":134,"Oddly Smooth Stone":26,"Damaru":134,"The Courier":19,"PreservedInsect":26,"Pen Nib":57,"Letter Opener":26,"Frozen Egg 2":57,"Akabeko":26,"Mercury Hourglass":77,"Anchor":113,"Shuriken":11,"Bloody Idol":68,"Molten Egg 2":26,"Pandora\u0027s Box":104,"Turnip":26,"Bag of Marbles":19,"Membership Card":34,"PureWater":0,"StrikeDummy":51}]},"card_choices":[{"not_picked":["Consecrate","PathToVictory","Nirvana"],"picked":"SKIP","floor":1.0},{"not_picked":["ReachHeaven","CutThroughFate","MentalFortress"],"picked":"SKIP","floor":3.0},{"not_picked":["SandsOfTime","WreathOfFlame","ReachHeaven"],"picked":"SKIP","floor":4.0},{"not_picked":["Nirvana","SashWhip"],"picked":"FlurryOfBlows","floor":5.0},{"not_picked":["JustLucky","SandsOfTime"],"picked":"Wireheading","floor":6.0},{"not_picked":["Protect","EmptyFist"],"picked":"Indignation","floor":8.0},{"not_picked":["Evaluate","Halt"],"picked":"DeusExMachina","floor":10.0},{"not_picked":["Fasting2","InnerPeace"],"picked":"JustLucky","floor":12.0},{"not_picked":["ForeignInfluence","Prostrate","Indignation"],"picked":"SKIP","floor":13.0},{"not_picked":["MasterReality+1","Establishment+1"],"picked":"ConjureBlade","floor":16.0},{"not_picked":["SandsOfTime","Worship+1"],"picked":"SashWhip","floor":18.0},{"not_picked":["Halt","Perseverance"],"picked":"JustLucky","floor":23.0},{"not_picked":["FlyingSleeves","CrushJoints+1"],"picked":"Ragnarok","floor":25.0},{"not_picked":["Fasting2+1","ClearTheMind"],"picked":"InnerPeace+1","floor":27.0},{"not_picked":["Halt","SignatureMove"],"picked":"Adaptation+1","floor":28.0},{"not_picked":["ThirdEye","Vengeance","SashWhip"],"picked":"Singing Bowl","floor":29.0},{"not_picked":["ClearTheMind","CrushJoints"],"picked":"Wallop","floor":30.0},{"not_picked":["Halt","ForeignInfluence","FlyingSleeves"],"picked":"Singing Bowl","floor":30.0},{"not_picked":["Halt+1","BowlingBash"],"picked":"CutThroughFate","floor":31.0},{"not_picked":["MasterReality+1","Establishment+1"],"picked":"Omniscience","floor":33.0},{"not_picked":["JustLucky+1","EmptyFist+1"],"picked":"Evaluate","floor":35.0},{"not_picked":["FearNoEvil+1","Halt","Consecrate"],"picked":"Singing Bowl","floor":35.0},{"not_picked":["Wallop","FlyingSleeves+1"],"picked":"JustLucky+1","floor":36.0},{"not_picked":["PathToVictory","FlyingSleeves"],"picked":"WaveOfTheHand+1","floor":36.0},{"not_picked":["PathToVictory","SashWhip","Perseverance"],"picked":"Singing Bowl","floor":39.0},{"not_picked":["FollowUp","Tantrum+1","FlyingSleeves"],"picked":"Singing Bowl","floor":39.0},{"not_picked":["PathToVictory+1","Worship"],"picked":"WreathOfFlame+1","floor":40.0},{"not_picked":["Prostrate","ClearTheMind"],"picked":"TalkToTheHand+1","floor":41.0},{"not_picked":["WaveOfTheHand","Conclude+1"],"picked":"Protect","floor":41.0},{"not_picked":["LessonLearned","FlurryOfBlows+1","PathToVictory+1"],"picked":"Singing Bowl","floor":42.0},{"not_picked":["Study+1","DeceiveReality+1"],"picked":"LikeWater+1","floor":44.0},{"not_picked":["Bandage Up","Forethought","Good Instincts"],"picked":"Singing Bowl","floor":46.0},{"not_picked":["PanicButton","The Bomb"],"picked":"Blind","floor":46.0},{"not_picked":["Blind","Thinking Ahead"],"picked":"Secret Technique","floor":46.0},{"not_picked":["Halt","InnerPeace","Perseverance+1"],"picked":"Singing Bowl","floor":48.0},{"not_picked":["CarveReality","InnerPeace","Adaptation+1"],"picked":"Singing Bowl","floor":48.0}],"player_experience":1007402,"relics_obtained":[{"floor":6.0,"key":"Pantograph"},{"floor":8.0,"key":"StrikeDummy"},{"floor":9.0,"key":"Nunchaku"},{"floor":10.0,"key":"Blood Vial"},{"floor":23.0,"key":"Singing Bowl"},{"floor":25.0,"key":"WingedGreaves"},{"floor":26.0,"key":"Mercury Hourglass"},{"floor":29.0,"key":"Prayer Wheel"},{"floor":31.0,"key":"The Courier"},{"floor":40.0,"key":"Smiling Mask"},{"floor":42.0,"key":"PreservedInsect"},{"floor":44.0,"key":"Dream Catcher"}],"event_choices":[{"damage_healed":0.0,"max_hp_gain":0.0,"max_hp_loss":0.0,"gold_gain":150.0,"event_name":"betterThird:BetterSerpent","player_choice":"AGREE","floor":2.0,"gold_loss":0.0,"damage_taken":138.0},{"cards_removed":["Doubt"],"damage_healed":0.0,"max_hp_gain":0.0,"max_hp_loss":0.0,"gold_gain":0.0,"event_name":"Bonfire Elementals","player_choice":"Offered Curse","floor":11.0,"gold_loss":0.0,"damage_taken":0.0,"relics_obtained":["Spirit Poop"]},{"damage_healed":0.0,"max_hp_gain":0.0,"max_hp_loss":0.0,"gold_gain":0.0,"event_name":"Ghosts","player_choice":"Ignored","floor":20.0,"gold_loss":0.0,"damage_taken":0.0},{"damage_healed":0.0,"max_hp_gain":0.0,"max_hp_loss":0.0,"gold_gain":0.0,"event_name":"Cursed Tome","player_choice":"Ignored","floor":21.0,"gold_loss":0.0,"damage_taken":0.0},{"damage_healed":0.0,"max_hp_gain":53.0,"max_hp_loss":8.0,"gold_gain":0.0,"event_name":"betterAltar:BetterAltar","player_choice":" Idol RottenVial ","floor":22.0,"potions_obtained":[],"relics_lost":["Blood Vial"],"gold_loss":0.0,"damage_taken":45.0,"relics_obtained":["Bloody Idol","betterAltar:BloodRelic"]},{"damage_healed":0.0,"max_hp_gain":0.0,"max_hp_loss":0.0,"gold_gain":0.0,"event_name":"Winding Halls","player_choice":"Embrace Madness","floor":38.0,"gold_loss":0.0,"damage_taken":15.0,"cards_obtained":["Madness","Madness"]},{"damage_healed":0.0,"max_hp_gain":0.0,"max_hp_loss":0.0,"gold_gain":0.0,"event_name":"SensoryStone","player_choice":"Memory 3","floor":46.0,"gold_loss":0.0,"damage_taken":10.0}],"is_beta":false,"boss_relics":[{"not_picked":["Fusion Hammer","HolyWater"],"picked":"Sozu"},{"not_picked":["Cursed Key","SacredBark"],"picked":"Pandora\u0027s Box"}],"items_purged_floors":[0,14,14,37],"is_endless":false,"potions_floor_spawned":[1,8,10,12,23,27,30,33,36,39,42,48],"ascension_level":20}}