{"host":"amnup8uv961nil3y","time":1608735108,"event":{"mods":["Act Like it!","Aspiration","BaseMod","Bestiary","Better Altar","Better Match","Better Sensory Stone","Better Synergies","Better Third Choice","Block Reminder","Challenge The Spire","Colored Map","Colored Powertips","Colorless Booster Pack","Conspire","DeckTracker","Disable Question Mark Monsters","Elementarium","Energized Spire","GifTheSpireLib","Halation","Hallownest","HexUI Lib","Highlight Path","Hubris","Infinite Spire","Lotus Mark","Menagerie","Minty Spire (QoL Compilation)","Pale of the Ancients","Potion Indicator Mod","Quarter Circle Forward PUNCH!","RatMod","Relic Stats","Replay The Spire","Reworked Bosses","Shop Mod","Small Relic Pack","Spicy Shops","Spikes Relics","StSLib","Stuff the Spire","Swap Starting Deck Mod","Trackpad","Useless Jewels Mod","Wandering Minibosses","vexMod"],"gold_per_floor":[119,136,9,21,33,33,67,98,151,180,180,196,196,196,196,293,293,305,230,230,245,245,276,7,7,7],"floor_reached":25,"playtime":2954,"items_purged":[],"score":291,"play_id":"10e9d683-86c5-462b-9b62-9bd7b59406e6","local_time":"20201223145148","is_ascension_mode":true,"campfire_choices":[{"data":"Capacitor","floor":6,"key":"SMITH"},{"data":"conspire:Rain","floor":11,"key":"SMITH"},{"data":"Redo","floor":13,"key":"SMITH"},{"floor":15,"key":"DIG"}],"circlet_count":0,"master_deck":["Zap","Dualcast","Darkness","conspire:Rain+1","Conserve Battery","Capacitor+1","FTL","Conserve Battery","Gash","Chill","Redo+1","conspire:SharedLibrary","StuffTheSpire:LoadUp","Electrodynamics","Storm","Consume","Self Repair","Beam Cell","Stack+1","relicPack:TruthCard","Reboot","Burst","vexMod:StairwayStrike","Stack","Stack","Sunder"],"relics":["relicPack:EdsArm","Replay:WaspNest","trackpad:ToughGloves","Brimstone","Bag of Preparation","ShockBauble","PrismaticShard","Runic Dome","halation:OrihimeAndHikoboshiSamaAndTears","halation:Diary","infinitespire:Chaos"],"acts_visited":["Hallownest:Greenpath","TheCity"],"potions_floor_usage":[7,8,16,16,23],"damage_taken":[{"damage":7,"enemies":"2_ Uuma","floor":1,"turns":4},{"damage":3,"enemies":"Hallownest:monsterHuskWarrior","floor":2,"turns":3},{"damage":0,"enemies":"Hallownest:2_Baldur","floor":4,"turns":3},{"damage":0,"enemies":"Hallownest:monsterAspidMother","floor":5,"turns":6},{"damage":12,"enemies":"Hallownest:eliteMossKnight","floor":7,"turns":2},{"damage":20,"enemies":"Hallownest:MossCreep_and_Mosskin","floor":8,"turns":9},{"damage":3,"enemies":"Hallownest:eliteVengeflyKing","floor":10,"turns":8},{"damage":0,"enemies":"Hallownest:monsterMossCharger","floor":12,"turns":5},{"damage":20,"enemies":"Hallownest:BossFalseKnight","floor":16,"turns":9},{"damage":24,"enemies":"2 Thieves","floor":18,"turns":4},{"damage":11,"enemies":"conspire:FuzzyDice","floor":21,"turns":4},{"damage":23,"enemies":"conspire:Head Lice","floor":23,"turns":5},{"damage":40,"enemies":"Gremlin Leader","floor":25,"turns":4}],"seed_played":"3840679254921187979","potions_obtained":[{"floor":1,"key":"Death Potion"},{"floor":2,"key":"Dexterity Potion"},{"floor":5,"key":"LiquidBronze"},{"floor":8,"key":"Dexterity Potion"},{"floor":18,"key":"Energy Potion"}],"is_trial":false,"path_per_floor":["M","M","$","M","M","R","E","M","T","E","R","M","R","?","R_BF","B",null,"M","?","?","M","?","E","$","E"],"character_chosen":"DEFECT","items_purchased":["relicPack:InfinityGauntlet","Conserve Battery","infinitespire:Chaos","Stack","Sunder"],"campfire_rested":0,"item_purchase_floors":[3,3,24,24,24],"current_hp_per_floor":[75,72,72,72,72,72,60,40,40,44,44,44,44,44,44,24,89,65,65,65,61,43,27,27,0,0],"gold":7,"neow_bonus":"TEN_PERCENT_HP_BONUS","is_daily":false,"chose_seed":false,"campfire_upgraded":3,"win_rate":0.0,"timestamp":1608735108,"path_taken":["M","M","?","M","M","R","E","?","T","E","R","M","R","?","R_BF","BOSS","M","?","?","M","?","E","$","E"],"items_purchased_type":["Relic","Card","Relic","Card","Card"],"build_version":"2020-12-22","purchased_purges":0,"victory":false,"max_hp_per_floor":[82,82,82,82,82,82,82,82,82,89,89,89,89,89,89,89,89,89,89,89,89,89,89,89,89,89],"relic_stats":{"counters":[13,66],"Bag of Preparation":[2],"obtain_stats":[{"halation:Diary":24,"Regal Pillow":15,"halation:OrihimeAndHikoboshiSamaAndTears":24,"ShockBauble":24,"Dead Branch":23,"infinitespire:EmptyRelic":24,"Replay:WaspNest":24,"Bag of Preparation":24,"PrismaticShard":24,"relicPack:InfinityGauntlet":3,"aspiration:RitualStick":22,"relicPack:OneForAll":14,"relicPack:EdsArm":24,"trackpad:ToughGloves":24,"Runic Dome":24,"Pondfish Scales":7,"Brimstone":24,"Strawberry":10,"infinitespire:Satchel":9,"Pandora\u0027s Box":17,"Cracked Core":0,"infinitespire:Chaos":24},{"halation:Diary":12,"Regal Pillow":8,"halation:OrihimeAndHikoboshiSamaAndTears":12,"ShockBauble":12,"Dead Branch":12,"infinitespire:EmptyRelic":12,"Replay:WaspNest":12,"Bag of Preparation":12,"PrismaticShard":12,"relicPack:InfinityGauntlet":2,"aspiration:RitualStick":11,"relicPack:OneForAll":8,"relicPack:EdsArm":12,"trackpad:ToughGloves":12,"Runic Dome":12,"Pondfish Scales":5,"Brimstone":12,"Strawberry":7,"infinitespire:Satchel":6,"Pandora\u0027s Box":9,"Cracked Core":0,"infinitespire:Chaos":12},{"halation:Diary":62,"Regal Pillow":40,"halation:OrihimeAndHikoboshiSamaAndTears":62,"ShockBauble":62,"Dead Branch":62,"infinitespire:EmptyRelic":62,"Replay:WaspNest":62,"Bag of Preparation":62,"PrismaticShard":62,"relicPack:InfinityGauntlet":7,"aspiration:RitualStick":57,"relicPack:OneForAll":40,"relicPack:EdsArm":62,"trackpad:ToughGloves":62,"Runic Dome":62,"Pondfish Scales":18,"Brimstone":62,"Strawberry":35,"infinitespire:Satchel":27,"Pandora\u0027s Box":49,"Cracked Core":0,"infinitespire:Chaos":62}]},"card_choices":[{"not_picked":["Barrage","Cold Snap"],"picked":"Darkness","floor":1},{"not_picked":["Leap","Darkness"],"picked":"conspire:Rain","floor":2},{"not_picked":["Recycle","StuffTheSpire:ShieldGenerator"],"picked":"Capacitor","floor":4},{"not_picked":["Cold Snap","Rebound"],"picked":"FTL","floor":5},{"not_picked":["ReplayTheSpireMod:Repulse","Reinforced Body"],"picked":"Conserve Battery","floor":7},{"not_picked":["Skim","Hyperbeam"],"picked":"Gash","floor":8},{"not_picked":["Compile Driver","aspiration:Polymerization"],"picked":"Chill","floor":10},{"not_picked":["BasicCrystalCard","Coolheaded"],"picked":"Redo","floor":12},{"not_picked":["StuffTheSpire:LaunchingStrike","Reboot"],"picked":"StuffTheSpire:Purify","floor":16},{"not_picked":["StuffTheSpire:LoadUp+1","Cold Snap"],"picked":"Self Repair","floor":18},{"not_picked":["Reinforced Body","Auto Shields"],"picked":"Beam Cell","floor":21},{"not_picked":["Undo","StuffTheSpire:LoadUp+1"],"picked":"Stack+1","floor":23}],"player_experience":277766,"relics_obtained":[{"floor":7,"key":"Pondfish Scales"},{"floor":9,"key":"infinitespire:Satchel"},{"floor":10,"key":"Strawberry"},{"floor":15,"key":"Regal Pillow"},{"floor":23,"key":"Dead Branch"}],"event_choices":[{"cards_removed":["StuffTheSpire:EventHorizon"],"damage_healed":0,"gold_gain":0,"player_choice":"Gave Gold","damage_taken":0,"max_hp_gain":0,"max_hp_loss":0,"event_name":"Beggar","floor":19,"gold_loss":75},{"damage_healed":0,"gold_gain":0,"player_choice":"Adaptability","damage_taken":0,"max_hp_gain":0,"max_hp_loss":0,"event_name":"betterThird:BetterWriting","floor":20,"gold_loss":0}],"is_beta":false,"boss_relics":[{"not_picked":["Sandwich","Calling Bell"],"picked":"Pandora\u0027s Box"}],"items_purged_floors":[],"is_endless":false,"potions_floor_spawned":[1,2,5,8,18],"killed_by":"Gremlin Leader","ascension_level":3}}