{"host":"640uue19m79c7wbt","time":1608767461,"event":{"mods":["BaseMod","Colored Map","Googly Eyes","Highlight Path","Minty Spire (QoL Compilation)","Quick Restart","StSLib"],"gold_per_floor":[116,116,126,42,14,14,39,39,91,16,47,65,65,65,65,169,219,229,241,241,258,2,2,2],"floor_reached":23,"playtime":847,"items_purged":["Strike_G","Defend_G"],"score":322,"play_id":"21607ca8-85a0-4d5c-b8c1-987e3c9e00d5","local_time":"20201223185101","is_ascension_mode":true,"campfire_choices":[{"data":"Cloak And Dagger","floor":6,"key":"SMITH"},{"data":"Predator","floor":8,"key":"SMITH"},{"floor":15,"key":"REST"}],"circlet_count":0,"master_deck":["Strike_G","Strike_G+1","Strike_G","Defend_G","Defend_G","Defend_G","Survivor","Neutralize+1","Acrobatics","Blade Dance","Predator+1","Cloak And Dagger+1","Blade Dance","Backflip+1","Infinite Blades+1","A Thousand Cuts","Storm of Steel+1","Dagger Spray","Deflect+1","Cloak And Dagger+1","Backflip+1"],"relics":["Ring of the Snake","NeowsBlessing","Blood Vial","Toy Ornithopter","Toxic Egg 2","White Beast Statue","Tiny House","Gremlin Horn","Whetstone"],"acts_visited":["Exordium","TheCity"],"potions_floor_usage":[16,16,18,19,19,21],"damage_taken":[{"damage":0.0,"enemies":"Jaw Worm","floor":1.0,"turns":1.0},{"damage":0.0,"enemies":"Cultist","floor":3.0,"turns":1.0},{"damage":0,"enemies":"Gremlin Nob","floor":7,"turns":1},{"damage":32,"enemies":"Lagavulin","floor":11,"turns":6},{"damage":0,"enemies":"2 Louse","floor":12,"turns":2},{"damage":53,"enemies":"The Guardian","floor":16,"turns":12},{"damage":9,"enemies":"Shell Parasite","floor":18,"turns":3},{"damage":17,"enemies":"2 Thieves","floor":19,"turns":4},{"damage":31,"enemies":"Snake Plant","floor":21,"turns":5},{"damage":25,"enemies":"Book of Stabbing","floor":23,"turns":5}],"seed_played":"-1707967768232029229","potions_obtained":[{"floor":3.0,"key":"Ancient Potion"},{"floor":11,"key":"CunningPotion"},{"floor":12,"key":"DuplicationPotion"},{"floor":16,"key":"BlessingOfTheForge"},{"floor":17,"key":"SkillPotion"},{"floor":18,"key":"LiquidBronze"},{"floor":19,"key":"Fruit Juice"},{"floor":21,"key":"Explosive Potion"}],"is_trial":false,"path_per_floor":["M","?","M","$","?","R","E","R","T","$","E","M","T","?","R","B",null,"M","M","T","M","$","E"],"character_chosen":"THE_SILENT","items_purchased":["Predator","Cloak And Dagger","Whetstone"],"campfire_rested":1,"item_purchase_floors":[4,4,22],"current_hp_per_floor":[63,56,56,56,56,56,56,56,56,56,26,28,28,28,49,8,60,58,58,58,34,34,11,11],"gold":2,"neow_bonus":"THREE_ENEMY_KILL","is_daily":false,"chose_seed":false,"campfire_upgraded":2,"win_rate":0.0,"timestamp":1608767461,"path_taken":["M","?","M","$","?","R","E","R","T","?","E","?","?","?","R","BOSS","M","M","?","M","$","E"],"items_purchased_type":["Card","Card","Relic"],"build_version":"2020-12-22","purchased_purges":2,"victory":false,"max_hp_per_floor":[70,70,70,70,70,70,70,70,70,70,70,70,70,70,70,70,75,75,80,80,80,80,80,80],"card_choices":[{"not_picked":["Bane","Concentrate"],"picked":"Acrobatics","floor":1.0},{"not_picked":["Backflip","Slice"],"picked":"Blade Dance","floor":3.0},{"not_picked":["Quick Slash","Flechettes"],"picked":"Blade Dance","floor":7},{"not_picked":["Dagger Throw","Bane"],"picked":"Backflip+1","floor":11},{"not_picked":["Poisoned Stab","Deadly Poison+1"],"picked":"Infinite Blades","floor":12},{"not_picked":["A Thousand Cuts","Tools of the Trade"],"picked":"Storm of Steel+1","floor":16},{"not_picked":["Dodge and Roll+1","Bane"],"picked":"Dagger Spray","floor":17},{"not_picked":["Prepared+1","Deadly Poison+1"],"picked":"Deflect+1","floor":18},{"not_picked":["Deadly Poison+1","Sucker Punch"],"picked":"Cloak And Dagger+1","floor":19},{"not_picked":["Prepared+1","Dagger Spray"],"picked":"Backflip+1","floor":21}],"player_experience":1222385,"relics_obtained":[{"floor":7,"key":"Blood Vial"},{"floor":9,"key":"Toy Ornithopter"},{"floor":11,"key":"Toxic Egg 2"},{"floor":13,"key":"White Beast Statue"},{"floor":20,"key":"Gremlin Horn"}],"event_choices":[{"cards_removed":["Strike_G"],"damage_healed":0.0,"max_hp_gain":0.0,"max_hp_loss":0.0,"gold_gain":0.0,"event_name":"Golden Wing","player_choice":"Card Removal","floor":2.0,"gold_loss":0.0,"damage_taken":7.0},{"damage_healed":0.0,"max_hp_gain":0.0,"max_hp_loss":0.0,"gold_gain":0.0,"event_name":"World of Goop","player_choice":"Left Gold","floor":5.0,"gold_loss":28.0,"damage_taken":0.0},{"damage_healed":0,"gold_gain":0,"cards_transformed":["Defend_G"],"player_choice":"Transformed","damage_taken":0,"max_hp_gain":0,"max_hp_loss":0,"event_name":"Transmorgrifier","floor":14,"gold_loss":0,"cards_obtained":["A Thousand Cuts"]}],"is_beta":false,"boss_relics":[{"not_picked":["Runic Dome","Velvet Choker"],"picked":"Tiny House"}],"items_purged_floors":[10,22],"is_endless":false,"potions_floor_spawned":[3,11,12,16,18,19,21],"killed_by":"Book of Stabbing","ascension_level":9}}