{"host":"jgqxb38yl0c1w101","time":1608689779,"event":{"mods":["2.2 Compatiblity","AchievementEnabler","BaseMod","ChefMod","Colored Map","Downfall","Hubris","Mad Scientist","Minty Spire (QoL Compilation)","Relic Stats","Replay The Spire","Robot Space Explorer","StSLib","The Problem Sleuth"],"gold_per_floor":[99,115,131,143,243,243,243,243],"floor_reached":6,"playtime":936,"items_purged":[],"score":41,"play_id":"37adb0d3-db7b-4125-8fef-f46c41c48207","local_time":"20201222211619","is_ascension_mode":true,"campfire_choices":[{"floor":1,"key":"RECALL"}],"circlet_count":0,"master_deck":["champ:Strike","champ:Strike","champ:Strike","champ:Defend","champ:Defend","champ:Defend","champ:Execute","champ:Taunt","champ:PreciseThrust+1","champ:FanOfKnives","champ:Riposte","champ:CheapShot","champ:SwordSigil"],"relics":["champ:ChampionCrown"],"acts_visited":["Exordium"],"potions_floor_usage":[5],"damage_taken":[{"damage":6,"enemies":"Cultist","floor":2,"turns":4},{"damage":9,"enemies":"2 Louse","floor":3,"turns":2},{"damage":12,"enemies":"Jaw Worm","floor":4,"turns":6},{"damage":45,"enemies":"downfall:Heads","floor":5,"turns":7},{"damage":50,"enemies":"3 Sentries","floor":6,"turns":8}],"seed_played":"-6311594271897157701","potions_obtained":[{"floor":4,"key":"hexamod:EctoCoolerPotion"}],"is_trial":false,"path_per_floor":["R","M","M","M","?","E"],"character_chosen":"THE_CHAMP","items_purchased":[],"campfire_rested":0,"item_purchase_floors":[],"current_hp_per_floor":[99,98,94,85,50,0,0,0],"gold":243,"neow_bonus":"TEN_PERCENT_HP_BONUS","is_daily":false,"chose_seed":false,"campfire_upgraded":0,"win_rate":0.0,"timestamp":1608689779,"path_taken":["R","M","M","M","?","E"],"items_purchased_type":[],"build_version":"2020-12-13","purchased_purges":0,"victory":false,"max_hp_per_floor":[99,99,99,99,99,99,99,99],"relic_stats":{"counters":[5,27],"obtain_stats":[{"champ:ChampionCrown":0},{"champ:ChampionCrown":0},{"champ:ChampionCrown":0}]},"card_choices":[{"not_picked":["champ:AdrenalArmor","champ:Circumvent"],"picked":"champ:PreciseThrust","floor":2},{"not_picked":["champ:CrookedStrike","champ:BringItOn"],"picked":"champ:FanOfKnives","floor":3},{"not_picked":["champ:IronFortress","champ:SwordSigil"],"picked":"champ:Riposte","floor":4},{"not_picked":["champ:Control","champ:Shatter"],"picked":"champ:SwordSigil","floor":5}],"player_experience":85360,"relics_obtained":[],"event_choices":[],"is_beta":false,"boss_relics":[],"items_purged_floors":[],"is_endless":false,"potions_floor_spawned":[4],"killed_by":"3 Sentries","ascension_level":3}}