{"host":"3zmyosrb19tilrsv","time":1608692759,"event":{"mods":["AchievementEnabler","BaseMod","Colored Powertips","Downfall","Marisa????????","Minty Spire (QoL Compilation)","Permanent Neow","StSLib","The Cursed","The Disciple","The Servant 0.9.4"],"gold_per_floor":[99,111,127,145,156,156,206,221,221,236,248,348,17,42,56,56,56,56],"floor_reached":16,"playtime":1713,"items_purged":["Slimebound:Strike_Slimebound"],"score":106,"play_id":"44e562fb-a128-410a-ad89-d2f97c42bd83","local_time":"20201222190559","is_ascension_mode":false,"campfire_choices":[{"data":"Slimebound:Split","floor":1,"key":"SMITH"},{"data":"Slimebound:FirmFortitude","floor":6,"key":"SMITH"},{"data":"Slimebound:LevelUp","floor":9,"key":"SMITH"}],"circlet_count":0,"master_deck":["Slimebound:Strike_Slimebound","Slimebound:Strike_Slimebound","Slimebound:Tackle","Slimebound:Defend_Slimebound","Slimebound:Defend_Slimebound","Slimebound:Defend_Slimebound","Slimebound:Defend_Slimebound","Slimebound:Split+1","Slimebound:CorrosiveSpit","Slimebound:FirmFortitude+1","Slimebound:GoopSpray","Slimebound:SamplingLick","Slimebound:Equalize","Slimebound:SamplingLick","Slimebound:LevelUp+1","Slimebound:SlimeSpikes","Slimebound:SplitLeeching","Slimebound:MegaLick","Slimebound:SlimeSpikes","expansioncontent:BronzeBeam"],"relics":["Slimebound:AbsorbEndCombat","Potion Belt","Anchor","Bag of Preparation"],"acts_visited":["Exordium"],"potions_floor_usage":[14,16,16,16],"damage_taken":[{"damage":10,"enemies":"2 Louse","floor":2,"turns":3},{"damage":10,"enemies":"Cultist","floor":3,"turns":4},{"damage":14,"enemies":"Small Slimes","floor":4,"turns":3},{"damage":27,"enemies":"Exordium Wildlife","floor":5,"turns":6},{"damage":6,"enemies":"Red Slaver","floor":8,"turns":3},{"damage":16,"enemies":"Blue Slaver","floor":10,"turns":3},{"damage":22,"enemies":"Exordium Thugs","floor":11,"turns":4},{"damage":23,"enemies":"downfall:LadyInBlue","floor":12,"turns":8},{"damage":8,"enemies":"downfall:FleeingMerchant","floor":13,"turns":4},{"damage":14,"enemies":"Lagavulin","floor":14,"turns":6},{"damage":14,"enemies":"Lots of Slimes","floor":15,"turns":4},{"damage":59,"enemies":"downfall:Defect","floor":16,"turns":8}],"seed_played":"1637254070113331698","potions_obtained":[{"floor":2,"key":"Guardian:BlockOnCardUsePotion"},{"floor":3,"key":"Dexterity Potion"},{"floor":5,"key":"SmokeBomb"},{"floor":11,"key":"Weak Potion"},{"floor":12,"key":"SneckoOil"},{"floor":12,"key":"Swift Potion"},{"floor":15,"key":"sneckomod:MuddlingPotion"}],"is_trial":false,"path_per_floor":["R","M","M","M","M","R","T","M","R","M","M","?","$","E","M","B"],"character_chosen":"SLIMEBOUND","items_purchased":["Anchor","expansioncontent:BronzeBeam"],"campfire_rested":0,"item_purchase_floors":[13,13],"current_hp_per_floor":[60,57,57,55,42,42,42,48,48,44,38,33,47,51,51,0,0,0],"gold":56,"neow_bonus":"THREE_CARDS","is_daily":false,"chose_seed":false,"campfire_upgraded":3,"win_rate":0.0,"timestamp":1608692759,"path_taken":["R","M","M","M","M","R","T","M","R","M","M","?","$","E","M","BOSS"],"items_purchased_type":["Relic","Card"],"build_version":"2020-12-13","purchased_purges":1,"victory":false,"max_hp_per_floor":[60,60,60,60,60,60,60,60,60,60,60,60,60,60,60,60,60,60],"card_choices":[{"not_picked":["Slimebound:Replication","Slimebound:GoopTackle"],"picked":"Slimebound:FirmFortitude","floor":0},{"not_picked":["Slimebound:BestDefense","Slimebound:RollThrough"],"picked":"Slimebound:GoopSpray","floor":2},{"not_picked":["Slimebound:FirmFortitude","Slimebound:SpikyOuterGoop"],"picked":"Slimebound:SamplingLick","floor":3},{"not_picked":["Slimebound:GoopTackle","Slimebound:PressTheAttack"],"picked":"Slimebound:Equalize","floor":4},{"not_picked":["Slimebound:PrepareCrush","Slimebound:Chomp"],"picked":"Slimebound:SamplingLick","floor":5},{"not_picked":["Slimebound:Schlurp","Slimebound:SlimeTap"],"picked":"Slimebound:LevelUp","floor":8},{"not_picked":["Slimebound:SplitBruiser","Slimebound:LeechEnergy"],"picked":"Slimebound:SlimeSpikes","floor":10},{"not_picked":["Slimebound:SlimeSpikes","Slimebound:SplitBruiser"],"picked":"Slimebound:SplitLeeching","floor":11},{"not_picked":["Slimebound:LeechingTouch","Slimebound:Schlurp"],"picked":"Slimebound:MegaLick","floor":12},{"not_picked":["Slimebound:BestDefense","Slimebound:OozeBath"],"picked":"Slimebound:SlimeSpikes","floor":13},{"not_picked":["Slimebound:SamplingLick","Slimebound:FormOfPuddle","Slimebound:RollThrough"],"picked":"SKIP","floor":14},{"not_picked":["Slimebound:Equalize","Slimebound:Schlurp","Slimebound:FinishingTackle"],"picked":"SKIP","floor":15}],"player_experience":17474,"relics_obtained":[{"floor":12,"key":"Potion Belt"},{"floor":14,"key":"Bag of Preparation"}],"event_choices":[],"is_beta":false,"boss_relics":[],"items_purged_floors":[13],"is_endless":false,"potions_floor_spawned":[2,3,5,11,15],"killed_by":"downfall:Defect","ascension_level":0}}