{"host":"19tvufa8xx4wr4o1","time":1608741769,"event":{"mods":["AchievementEnabler","BaseMod","Better Sensory Stone","Better Third Choice","Highlight Path","Minty Spire (QoL Compilation)","Relic Stats","StSLib"],"gold_per_floor":[116,116,132,152,167,197,59,79,79,114,127,80,113,123,123,224,224,235,235,235,251,271,271,297,297,297,52,52,52,62,93,93,191,191,205,57,57,57,57,90,103,138,165,206,206,251,251,251,251,251,251,251,38,63,63],"floor_reached":56,"playtime":4082,"items_purged":[],"score":1686,"play_id":"6970f22f-9c4d-44b1-a93a-1cbecc800953","local_time":"20201223104249","is_ascension_mode":true,"campfire_choices":[{"data":"Devotion","floor":15.0,"key":"SMITH"},{"data":"DevaForm","floor":23.0,"key":"SMITH"},{"data":"Indignation","floor":25.0,"key":"SMITH"},{"data":"Wallop","floor":29.0,"key":"SMITH"},{"floor":32.0,"key":"REST"},{"floor":45.0,"key":"RECALL"},{"data":"Ragnarok","floor":47.0,"key":"SMITH"},{"data":"Wish","floor":49,"key":"SMITH"},{"floor":52,"key":"REST"}],"circlet_count":0,"master_deck":["Defend_P+1","Defend_P+1","Defend_P","Eruption","Vigilance+1","Protect+1","Worship+1","Wallop","EmptyFist+1","Wallop","LessonLearned+1","Meditate+1","Indignation+1","Devotion+1","DevaForm+1","Wallop+1","TalkToTheHand+1","Bite+1","Bite+1","Bite+1","Bite","Bite","Ragnarok+1","Worship+1","Protect+1","Wish+1","Protect+1","WheelKick","Brilliance"],"relics":["Snecko Eye","Strawberry","Kunai","StoneCalendar","Empty Cage","Orichalcum","MealTicket","InkBottle","Shuriken","Calipers","VioletLotus","ClockworkSouvenir","Omamori","Boot","Cauldron","Pear"],"acts_visited":["Exordium","TheCity","TheBeyond","TheEnding"],"potions_floor_usage":[50,54,54,54,55],"damage_taken":[{"damage":0.0,"enemies":"Small Slimes","floor":1.0,"turns":2.0},{"damage":0.0,"enemies":"Cultist","floor":3.0,"turns":2.0},{"damage":0.0,"enemies":"2 Louse","floor":4.0,"turns":2.0},{"damage":7.0,"enemies":"2 Fungi Beasts","floor":5.0,"turns":5.0},{"damage":0.0,"enemies":"3 Sentries","floor":6.0,"turns":6.0},{"damage":0.0,"enemies":"Exordium Wildlife","floor":8.0,"turns":2.0},{"damage":0.0,"enemies":"Gremlin Nob","floor":10.0,"turns":4.0},{"damage":0.0,"enemies":"Red Slaver","floor":11.0,"turns":2.0},{"damage":2.0,"enemies":"3 Sentries","floor":13.0,"turns":5.0},{"damage":4.0,"enemies":"Looter","floor":14.0,"turns":2.0},{"damage":19.0,"enemies":"Hexaghost","floor":16.0,"turns":9.0},{"damage":4.0,"enemies":"Spheric Guardian","floor":18.0,"turns":4.0},{"damage":0.0,"enemies":"2 Thieves","floor":21.0,"turns":2.0},{"damage":4.0,"enemies":"Cultist and Chosen","floor":22.0,"turns":5.0},{"damage":16.0,"enemies":"Gremlin Leader","floor":24.0,"turns":6.0},{"damage":14.0,"enemies":"Centurion and Healer","floor":30.0,"turns":5.0},{"damage":27.0,"enemies":"Book of Stabbing","floor":31.0,"turns":6.0},{"damage":38.0,"enemies":"Collector","floor":33.0,"turns":6.0},{"damage":5.0,"enemies":"3 Shapes","floor":35.0,"turns":4.0},{"damage":3.0,"enemies":"Giant Head","floor":40.0,"turns":7.0},{"damage":14.0,"enemies":"3 Darklings","floor":41.0,"turns":6.0},{"damage":28.0,"enemies":"Nemesis","floor":42.0,"turns":5.0},{"damage":2.0,"enemies":"4 Shapes","floor":44.0,"turns":4.0},{"damage":0.0,"enemies":"Sphere and 2 Shapes","floor":46.0,"turns":5.0},{"damage":50,"enemies":"Awakened One","floor":50,"turns":9},{"damage":35,"enemies":"Shield and Spear","floor":54,"turns":6},{"damage":33,"enemies":"The Heart","floor":55,"turns":7}],"seed_played":"-911289036202919336","potions_obtained":[{"floor":3.0,"key":"EntropicBrew"},{"floor":6.0,"key":"Strength Potion"},{"floor":13.0,"key":"Block Potion"},{"floor":18.0,"key":"SteroidPotion"},{"floor":24.0,"key":"LiquidMemories"},{"floor":35.0,"key":"BlessingOfTheForge"},{"floor":40.0,"key":"Fruit Juice"},{"floor":46.0,"key":"Explosive Potion"},{"floor":53,"key":"EntropicBrew"},{"floor":53,"key":"Weak Potion"}],"is_trial":false,"path_per_floor":["M","?","M","M","M","E","$","M","T","E","M","?","E","M","R","B",null,"M","?","?","M","M","R","E","R","T","$","?","R","M","E","R","B",null,"M","$","?","?","$","E","M","E","T","M","R","M","R","$","R","B",null,"R","$","E","B",null],"character_chosen":"WATCHER","items_purchased":["LessonLearned","Shuriken","ClockworkSouvenir","WheelKick","Cauldron"],"campfire_rested":2,"item_purchase_floors":[7,27,36,53,53],"current_hp_per_floor":[65,65,65,65,58,65,65,65,65,65,67,67,67,65,65,48,71,69,69,69,71,69,69,55,55,55,70,70,70,64,49,72,54,73,72,79,79,75,75,80,74,55,55,59,59,65,65,80,80,42,71,80,80,64,51],"gold":63,"neow_bonus":"BOSS_RELIC","is_daily":false,"chose_seed":false,"campfire_upgraded":6,"win_rate":0.0,"timestamp":1608741769,"path_taken":["M","?","M","?","M","E","$","?","T","E","M","?","E","M","R","BOSS","M","?","?","M","M","R","E","R","T","$","?","R","M","E","R","BOSS","M","$","?","?","?","E","?","E","T","M","R","M","R","$","R","BOSS","R","$","E","BOSS"],"items_purchased_type":["Card","Relic","Relic","Card","Relic"],"build_version":"2020-12-22","purchased_purges":0,"victory":true,"max_hp_per_floor":[72,72,72,72,72,79,79,79,79,79,79,79,79,79,79,79,79,79,79,79,79,79,79,79,79,79,79,79,79,79,79,79,79,79,79,79,79,75,75,80,80,80,80,80,80,80,80,80,80,80,80,80,80,90,90],"relic_stats":{"counters":[27,128],"Shuriken":[36],"Snecko Eye":[230,209,219,235],"StoneCalendar":[104],"MealTicket":37,"VioletLotus":[11],"Kunai":[47],"Orichalcum":[54],"Boot":[1],"obtain_stats":[{"Calipers":31,"Pear":54,"StoneCalendar":13,"Omamori":40,"Orichalcum":19,"Empty Cage":17,"Boot":42,"ClockworkSouvenir":36,"Blood Vial":10,"Cauldron":53,"Shuriken":27,"Strawberry":6,"Snecko Eye":0,"MealTicket":24,"VioletLotus":34,"Kunai":9,"PureWater":0,"InkBottle":26},{"Calipers":17,"Pear":26,"StoneCalendar":9,"Omamori":20,"Orichalcum":12,"Empty Cage":11,"Boot":22,"ClockworkSouvenir":19,"Blood Vial":7,"Cauldron":25,"Shuriken":15,"Strawberry":5,"Snecko Eye":0,"MealTicket":15,"VioletLotus":18,"Kunai":6,"PureWater":0,"InkBottle":15},{"Calipers":69,"Pear":121,"StoneCalendar":30,"Omamori":86,"Orichalcum":45,"Empty Cage":41,"Boot":97,"ClockworkSouvenir":79,"Blood Vial":23,"Cauldron":115,"Shuriken":58,"Strawberry":17,"Snecko Eye":0,"MealTicket":58,"VioletLotus":75,"Kunai":19,"PureWater":0,"InkBottle":58}],"InkBottle":[27]},"card_choices":[{"not_picked":["BowlingBash","EmptyBody"],"picked":"Protect","floor":1.0},{"not_picked":["BattleHymn","Evaluate"],"picked":"Wallop","floor":3.0},{"not_picked":["Crescendo","ThirdEye","FlyingSleeves"],"picked":"SKIP","floor":4.0},{"not_picked":["Evaluate","Consecrate"],"picked":"EmptyFist","floor":5.0},{"not_picked":["TalkToTheHand","BowlingBash"],"picked":"Wallop","floor":6.0},{"not_picked":["WaveOfTheHand","ClearTheMind"],"picked":"Meditate","floor":8.0},{"not_picked":["JustLucky","ForeignInfluence","Evaluate"],"picked":"SKIP","floor":10.0},{"not_picked":["CutThroughFate","EmptyFist"],"picked":"Indignation","floor":11.0},{"not_picked":["Crescendo","Weave"],"picked":"Devotion","floor":13.0},{"not_picked":["FlyingSleeves","JustLucky","CutThroughFate"],"picked":"SKIP","floor":14.0},{"not_picked":["Omniscience","ConjureBlade"],"picked":"DevaForm","floor":16.0},{"not_picked":["Vengeance","Collect+1"],"picked":"Wallop","floor":18.0},{"not_picked":["SashWhip","SandsOfTime"],"picked":"TalkToTheHand+1","floor":21.0},{"not_picked":["BowlingBash+1","WaveOfTheHand","WreathOfFlame"],"picked":"SKIP","floor":22.0},{"not_picked":["BattleHymn+1","Conclude","PathToVictory+1"],"picked":"SKIP","floor":24.0},{"not_picked":["EmptyBody","FlyingSleeves","SashWhip+1"],"picked":"SKIP","floor":30.0},{"not_picked":["ReachHeaven+1","Sanctity","WreathOfFlame"],"picked":"SKIP","floor":31.0},{"not_picked":["Scrawl","Blasphemy"],"picked":"Ragnarok","floor":33.0},{"not_picked":["ClearTheMind","FlyingSleeves","BowlingBash+1"],"picked":"SKIP","floor":35.0},{"not_picked":["MasterReality","BattleHymn"],"picked":"Worship+1","floor":40.0},{"not_picked":["ThirdEye+1","CrushJoints+1"],"picked":"Protect+1","floor":41.0},{"not_picked":["FlyingSleeves+1","Vengeance"],"picked":"Wish","floor":42.0},{"not_picked":["EmptyBody","ClearTheMind+1","BattleHymn"],"picked":"SKIP","floor":44.0},{"not_picked":["Consecrate","Halt"],"picked":"Protect+1","floor":46.0},{"not_picked":["ThirdEye","Halt+1"],"picked":"Brilliance","floor":54}],"player_experience":516178,"relics_obtained":[{"floor":6.0,"key":"Strawberry"},{"floor":9.0,"key":"Kunai"},{"floor":10.0,"key":"Blood Vial"},{"floor":13.0,"key":"StoneCalendar"},{"floor":24.0,"key":"MealTicket"},{"floor":26.0,"key":"InkBottle"},{"floor":31.0,"key":"Calipers"},{"floor":40.0,"key":"Omamori"},{"floor":42.0,"key":"Boot"},{"floor":54,"key":"Pear"}],"event_choices":[{"damage_healed":0.0,"max_hp_gain":0.0,"max_hp_loss":0.0,"gold_gain":0.0,"cards_transformed":["Strike_P"],"event_name":"Transmorgrifier","player_choice":"Transformed","floor":2.0,"gold_loss":0.0,"damage_taken":0.0,"cards_obtained":["Worship"]},{"damage_healed":0.0,"max_hp_gain":0.0,"max_hp_loss":0.0,"gold_gain":0.0,"event_name":"betterThird:BetterGoop","player_choice":"Left","floor":12.0,"gold_loss":47.0,"damage_taken":0.0},{"damage_healed":0.0,"max_hp_gain":0.0,"max_hp_loss":0.0,"gold_gain":0.0,"event_name":"The Mausoleum","player_choice":"Opened","floor":19.0,"gold_loss":0.0,"damage_taken":0.0,"relics_obtained":["Orichalcum"]},{"damage_healed":0.0,"max_hp_gain":0.0,"max_hp_loss":0.0,"gold_gain":2.0,"event_name":"betterStone:BetterStone","player_choice":"1","floor":20.0,"gold_loss":0.0,"damage_taken":0.0},{"damage_healed":0.0,"max_hp_gain":0.0,"max_hp_loss":0.0,"gold_gain":0.0,"event_name":"Vampires","player_choice":"Became a vampire (Vial)","floor":28.0,"relics_lost":["Blood Vial"],"gold_loss":0.0,"damage_taken":0.0,"cards_obtained":["Bite","Bite","Bite","Bite","Bite"]},{"damage_healed":0.0,"max_hp_gain":0.0,"max_hp_loss":0.0,"gold_gain":0.0,"event_name":"Mysterious Sphere","player_choice":"Ignored","floor":37.0,"gold_loss":0.0,"damage_taken":0.0},{"damage_healed":0.0,"max_hp_gain":0.0,"max_hp_loss":4.0,"gold_gain":0.0,"event_name":"Winding Halls","player_choice":"Max HP","floor":38.0,"gold_loss":0.0,"damage_taken":0.0}],"is_beta":false,"boss_relics":[{"not_picked":["Coffee Dripper","Calling Bell"],"picked":"Empty Cage"},{"not_picked":["Philosopher\u0027s Stone","Velvet Choker"],"picked":"VioletLotus"}],"items_purged_floors":[],"is_endless":false,"potions_floor_spawned":[3,6,13,14,18,24,35,40,46],"ascension_level":8}}