{"host":"qa8cj4hae9rrz4qd","time":1608761886,"event":{"mods":["BaseMod","Colored Map","Colored Powertips","Conspire","Downfall","Energized Spire","Halation","Hermit","Hubris","Infinite Spire","Lobotomy","Minty Spire (QoL Compilation)","Replay The Spire","StSLib","The Construct","The Cursed","The Disciple","The Hierophant","The Jungle","The Runesmith","The Servant 0.9.4","TheBandit","vexMod"],"gold_per_floor":[119,39,50,50,69,69,69,81,157,157,157,169,179,194,194,295,295,307,307,319,329,329,359,359,359,407,424,442,442,442,457,457,561,561,577,594,605,630,630,630],"floor_reached":39,"playtime":4317,"items_purged":[],"score":397,"play_id":"74ead8a4-8834-4799-97aa-2104834d7ed3","local_time":"20201223221806","is_ascension_mode":false,"campfire_choices":[{"data":"hermit:WideOpen","floor":6,"key":"SMITH"},{"data":"hermit:Dive","floor":10,"key":"SMITH"},{"floor":15,"key":"REST"},{"floor":25,"key":"REST"},{"floor":29,"key":"REST"},{"floor":32,"key":"REST"}],"circlet_count":0,"master_deck":["hermit:Strike_Hermit","hermit:Strike_Hermit","hermit:Strike_Hermit","hermit:Strike_Hermit","hermit:Defend_Hermit","hermit:Defend_Hermit","hermit:Defend_Hermit","hermit:Defend_Hermit","hermit:Snapshot+1","hermit:Covet","hermit:WideOpen+1","hermit:TakeAim","hermit:ShadowCloak","hermit:Enervate+1","hermit:Dive+1","hermit:GoldenBullet","hermit:Glare","hermit:SprayPray","hermit:EternalForm+1","hermit:Maintenance","Writhe","hermit:FlashPowder","hermit:Glare","hermit:Gambit+1","expansioncontent:AwakenDeath","hermit:Strike_Hermit","hermit:Deadeye+1","hermit:Brawl","hermit:Ricochet","hermit:FatalDesire+1","hermit:Malice","hermit:Horror+1","hermit:Shortfuse+1","hermit:Showdown+1"],"relics":["hermit:Momento","vexMod:BarristanHead","Golden Egg","Black Star","Shovel","Boot","hubris:Metronome","Pet Ghost","Replay:Baseball","hubris:HollowSoul","Incense Burner"],"acts_visited":["Exordium","theJungle:Jungle","TheBeyond"],"potions_floor_usage":[16,33],"damage_taken":[{"damage":0,"enemies":"2 Louse","floor":1,"turns":2},{"damage":6,"enemies":"Jaw Worm","floor":3,"turns":3},{"damage":7,"enemies":"Small Slimes","floor":5,"turns":3},{"damage":0,"enemies":"Exordium Wildlife","floor":8,"turns":3},{"damage":5,"enemies":"Looter","floor":12,"turns":3},{"damage":5,"enemies":"Lots of Slimes","floor":13,"turns":4},{"damage":14,"enemies":"conspire:2 RoseBushes","floor":14,"turns":4},{"damage":40,"enemies":"Hexaghost","floor":16,"turns":12},{"damage":16,"enemies":"theJungle:MUSHROOMGANG","floor":18,"turns":6},{"damage":11,"enemies":"theJungle:GiantWrat","floor":20,"turns":7},{"damage":7,"enemies":"theJungle:2_Snecko_Cultists","floor":21,"turns":5},{"damage":42,"enemies":"theJungle:MamaSnecko","floor":23,"turns":9},{"damage":21,"enemies":"theJungle:JungleHuntersEncounter","floor":27,"turns":8},{"damage":8,"enemies":"theJungle:SlimyTreeVines","floor":28,"turns":5},{"damage":35,"enemies":"theJungle:2_Flameangoes","floor":31,"turns":6},{"damage":19,"enemies":"theJungle:FunGuy","floor":33,"turns":14},{"damage":57,"enemies":"3 Darklings","floor":35,"turns":7},{"damage":7,"enemies":"3 Shapes","floor":36,"turns":4},{"damage":67,"enemies":"Transient","floor":37,"turns":5},{"damage":0,"enemies":"3 Darklings","floor":39,"turns":1}],"seed_played":"-1280292048365360264","potions_obtained":[{"floor":8,"key":"Energy Potion"},{"floor":14,"key":"EssenceOfSteel"},{"floor":16,"key":"Cursed Concoction"},{"floor":20,"key":"Elixir"}],"is_trial":false,"path_per_floor":["M","$","M","?","M","R","?","M","T","R","?","M","M","M","R","B",null,"M","?","M","M","T","E","?","R","T","M","M","R","?","M","R","B",null,"M","M","M","?","M"],"character_chosen":"HERMIT","items_purchased":["hermit:TakeAim"],"campfire_rested":4,"item_purchase_floors":[2],"current_hp_per_floor":[75,75,69,44,37,37,42,42,42,42,42,37,32,18,42,2,80,64,64,53,46,46,4,4,28,28,7,5,29,37,2,26,7,80,23,16,0,0,0,0],"gold":630,"neow_bonus":"UPGRADE_CARD","is_daily":false,"chose_seed":false,"campfire_upgraded":2,"win_rate":0.0,"timestamp":1608761886,"path_taken":["M","$","M","?","M","R","?","M","T","R","?","M","M","?","R","BOSS","M","?","M","M","?","E","?","R","T","M","?","R","?","M","R","BOSS","M","M","M","?","?"],"items_purchased_type":["Card"],"build_version":"2020-12-22","purchased_purges":0,"victory":false,"max_hp_per_floor":[75,75,75,75,75,75,80,80,80,80,80,80,80,80,80,80,80,80,80,80,80,80,80,80,80,80,80,80,80,80,80,80,80,80,80,80,80,80,80,80],"card_choices":[{"not_picked":["hermit:Misfire","hermit:TrackingShot"],"picked":"hermit:WideOpen","floor":1},{"not_picked":["hermit:TakeAim","hermit:FullyLoaded"],"picked":"hermit:ShadowCloak","floor":3},{"not_picked":["hermit:Headshot","hermit:HoleUp"],"picked":"hermit:Enervate","floor":5},{"not_picked":["hermit:HighCaliber","hermit:Malice"],"picked":"hermit:Dive","floor":8},{"not_picked":["hermit:NoHoldsBarred","hermit:Ricochet"],"picked":"hermit:GoldenBullet","floor":12},{"not_picked":["hermit:PistolWhip","hermit:ShadowCloak"],"picked":"hermit:Glare","floor":13},{"not_picked":["hermit:Glare","hermit:FullyLoaded"],"picked":"hermit:SprayPray","floor":14},{"not_picked":["hermit:DeadOrAlive","hermit:OverwhelmingPower"],"picked":"hermit:EternalForm","floor":16},{"not_picked":["hermit:Quickdraw","hermit:Manifest+1"],"picked":"hermit:Maintenance","floor":18},{"not_picked":["hermit:Gestalt","hermit:Brawl"],"picked":"hermit:FlashPowder","floor":20},{"not_picked":["hermit:Desperado","hermit:Manifest"],"picked":"hermit:Glare","floor":21},{"not_picked":["hermit:LoneWolf","hermit:Quickdraw"],"picked":"hermit:Gambit","floor":23},{"not_picked":["hermit:BodyArmor","hermit:Headshot"],"picked":"hermit:Deadeye+1","floor":27},{"not_picked":["hermit:ItchyTrigger+1","hermit:Virtue+1"],"picked":"hermit:Brawl","floor":28},{"not_picked":["hermit:Vantage","hermit:Snipe+1"],"picked":"hermit:Ricochet","floor":31},{"not_picked":["hermit:Magnum","hermit:RoundhouseKick"],"picked":"hermit:FatalDesire","floor":33},{"not_picked":["hermit:TrackingShot+1","hermit:EyeOfTheStorm+1"],"picked":"hermit:Malice","floor":35},{"not_picked":["hermit:SprayPray","hermit:EyeOfTheStorm"],"picked":"hermit:Horror+1","floor":36},{"not_picked":["hermit:Vantage","hermit:ItchyTrigger"],"picked":"hermit:Shortfuse+1","floor":37},{"not_picked":["hermit:TrackingShot+1","hermit:NoHoldsBarred"],"picked":"hermit:Showdown+1","floor":38}],"player_experience":447681,"relics_obtained":[{"floor":9,"key":"Golden Egg"},{"floor":22,"key":"Boot"},{"floor":23,"key":"hubris:Metronome"},{"floor":23,"key":"Pet Ghost"},{"floor":26,"key":"Replay:Baseball"},{"floor":38,"key":"Incense Burner"}],"event_choices":[{"damage_healed":0,"gold_gain":0,"player_choice":"Success","damage_taken":25,"relics_obtained":["vexMod:BarristanHead"],"max_hp_gain":0,"max_hp_loss":0,"event_name":"Scrap Ooze","floor":4,"gold_loss":0},{"damage_healed":0,"gold_gain":0,"player_choice":"Donut","damage_taken":0,"max_hp_gain":5,"max_hp_loss":0,"event_name":"Big Fish","floor":7,"gold_loss":0},{"damage_healed":0,"gold_gain":0,"player_choice":"2 cards matched","damage_taken":0,"max_hp_gain":0,"max_hp_loss":0,"event_name":"Match and Keep!","floor":24,"gold_loss":0,"cards_obtained":["expansioncontent:AwakenDeath","hermit:Strike_Hermit"]}],"is_beta":false,"boss_relics":[{"not_picked":["Coffee Dripper","construct:WeddingRing"],"picked":"Black Star"},{"not_picked":["Replay:Drink Me","Painkiller Herb"],"picked":"hubris:HollowSoul"}],"items_purged_floors":[],"is_endless":false,"potions_floor_spawned":[8,14,16,20,23,28,31],"killed_by":"3 Darklings","ascension_level":0}}