{"host":"x039aayur7qovk2d","time":1608699933,"event":{"mods":["AchievementEnabler","BaseMod","Block Reminder","Colored Map","Colored Powertips","DeckTracker","Googly Eyes","Highlight Path","Minty Spire (QoL Compilation)","Permanent Neow","Quick Restart","Rare Cards Sparkle","Relic Sorter","Relic Stats"],"gold_per_floor":[117,133,145,158,172,172,200,200,224,257,257,274,289,43,43,139,139,151,170,180,37,37,37,47,77,77,106,31,50,65,65,65,65,65],"floor_reached":33,"playtime":2241,"items_purged":["Defend_R"],"score":301,"play_id":"cb6235ee-078b-4225-8ee1-f69c4a874a7b","local_time":"20201222210533","is_ascension_mode":false,"campfire_choices":[{"floor":6,"key":"REST"},{"data":"Iron Wave","floor":8,"key":"SMITH"},{"data":"Clothesline","floor":15,"key":"SMITH"},{"data":"Immolate","floor":23,"key":"SMITH"},{"data":"Perfected Strike","floor":32,"key":"SMITH"}],"circlet_count":0,"master_deck":["Strike_R","Strike_R","Strike_R","Strike_R","Strike_R","Defend_R","Defend_R","Defend_R+1","Bash","Iron Wave+1","Anger","Ghostly Armor+1","Twin Strike","Wild Strike","Shrug It Off","Pommel Strike+1","Twin Strike","Headbutt","Clothesline+1","Immolate+1","Anger","Perfected Strike+1","Carnage","Armaments","Spot Weakness","Heavy Blade","Inflame","Armaments+1"],"relics":["Burning Blood","Dead Branch","Vajra","War Paint","MealTicket","Sling","Sozu","TheAbacus","MutagenicStrength","Tiny Chest","Toxic Egg 2","Anchor","CultistMask"],"acts_visited":["TheCity"],"potions_floor_usage":[7,7,10,16,16,16],"damage_taken":[{"damage":2,"enemies":"Small Slimes","floor":1,"turns":4},{"damage":6,"enemies":"Cultist","floor":2,"turns":3},{"damage":6,"enemies":"2 Louse","floor":3,"turns":3},{"damage":13,"enemies":"Large Slime","floor":4,"turns":7},{"damage":30,"enemies":"Exordium Thugs","floor":5,"turns":6},{"damage":14,"enemies":"Gremlin Nob","floor":7,"turns":4},{"damage":17,"enemies":"Lagavulin","floor":10,"turns":7},{"damage":10,"enemies":"Looter","floor":12,"turns":3},{"damage":0,"enemies":"Blue Slaver","floor":13,"turns":3},{"damage":20,"enemies":"The Guardian","floor":16,"turns":8},{"damage":5,"enemies":"Shell Parasite","floor":18,"turns":4},{"damage":3,"enemies":"2 Thieves","floor":19,"turns":2},{"damage":0,"enemies":"Chosen and Byrds","floor":20,"turns":4},{"damage":9,"enemies":"3 Cultists","floor":24,"turns":5},{"damage":7,"enemies":"Slavers","floor":25,"turns":2},{"damage":11,"enemies":"Gremlin Leader","floor":27,"turns":5},{"damage":16,"enemies":"Shelled Parasite and Fungi","floor":29,"turns":4},{"damage":18,"enemies":"Centurion and Healer","floor":30,"turns":4},{"damage":76,"enemies":"Champ","floor":33,"turns":8}],"seed_played":"-5633699540497830319","potions_obtained":[{"floor":3,"key":"Swift Potion"},{"floor":4,"key":"Strength Potion"},{"floor":7,"key":"BloodPotion"},{"floor":10,"key":"CultistPotion"},{"floor":12,"key":"BlessingOfTheForge"},{"floor":13,"key":"DistilledChaos"}],"is_trial":false,"path_per_floor":["M","M","M","M","M","R","E","R","T","E","?","M","M","$","R","B",null,"M","M","M","$","?","R","M","E","T","E","$","M","M","?","R","B"],"character_chosen":"IRONCLAD","items_purchased":["Sling","Clothesline","TheAbacus","Inflame"],"campfire_rested":1,"item_purchase_floors":[14,14,21,28],"current_hp_per_floor":[60,60,60,53,29,53,45,45,45,50,50,46,52,67,67,53,80,80,80,80,80,80,80,77,76,76,71,80,70,58,58,58,0,0],"gold":65,"neow_bonus":"ONE_RARE_RELIC","is_daily":false,"chose_seed":false,"campfire_upgraded":4,"win_rate":0.0,"timestamp":1608699933,"path_taken":["M","M","M","M","M","R","E","R","T","E","?","M","?","$","R","BOSS","M","M","?","$","?","R","M","E","T","E","$","M","M","?","R","BOSS"],"items_purchased_type":["Relic","Card","Relic","Card"],"build_version":"2020-12-22","purchased_purges":1,"victory":false,"max_hp_per_floor":[80,80,80,80,80,80,80,80,80,80,80,80,80,80,80,80,80,80,80,80,80,80,80,80,80,80,80,80,80,80,80,80,80,80],"relic_stats":{"Sozu":3,"TheAbacus":[18],"counters":[19,86],"Dead Branch":[6],"MealTicket":24,"Tiny Chest":0,"War Paint":["Defend_R","Ghostly Armor"],"obtain_stats":[{"Dead Branch":0,"Vajra":7,"War Paint":9,"Sling":14,"Burning Blood":0,"Sozu":17,"Anchor":27,"TheAbacus":21,"MutagenicStrength":22,"MealTicket":10,"Tiny Chest":25,"CultistMask":31,"Toxic Egg 2":26},{"Dead Branch":0,"Vajra":6,"War Paint":6,"Sling":9,"Burning Blood":0,"Sozu":10,"Anchor":16,"TheAbacus":13,"MutagenicStrength":13,"MealTicket":7,"Tiny Chest":15,"CultistMask":18,"Toxic Egg 2":15},{"Dead Branch":0,"Vajra":27,"War Paint":27,"Sling":40,"Burning Blood":0,"Sozu":48,"Anchor":70,"TheAbacus":58,"MutagenicStrength":58,"MealTicket":34,"Tiny Chest":65,"CultistMask":78,"Toxic Egg 2":65}],"Burning Blood":98},"card_choices":[{"not_picked":["Body Slam","Seeing Red"],"picked":"Iron Wave","floor":1},{"not_picked":["Clothesline","Armaments"],"picked":"Anger","floor":2},{"not_picked":["Headbutt","Sever Soul"],"picked":"Ghostly Armor","floor":3},{"not_picked":["Iron Wave","Anger"],"picked":"Twin Strike","floor":4},{"not_picked":["Heavy Blade","Exhume"],"picked":"Wild Strike","floor":5},{"not_picked":["Intimidate","Flex"],"picked":"Shrug It Off","floor":7},{"not_picked":["Pummel","Sword Boomerang"],"picked":"Pommel Strike","floor":10},{"not_picked":["Body Slam","Havoc"],"picked":"Twin Strike","floor":12},{"not_picked":["Pommel Strike","Reaper"],"picked":"Headbutt","floor":13},{"not_picked":["Offering","Impervious"],"picked":"Immolate","floor":16},{"not_picked":["Clothesline","Intimidate"],"picked":"Anger","floor":18},{"not_picked":["Sever Soul","Clash+1"],"picked":"Perfected Strike","floor":19},{"not_picked":["Sever Soul","Warcry"],"picked":"Carnage","floor":20},{"not_picked":["Seeing Red","Blood for Blood"],"picked":"Armaments","floor":24},{"not_picked":["Wild Strike+1","Clash"],"picked":"Spot Weakness","floor":25},{"not_picked":["Sword Boomerang","Perfected Strike"],"picked":"Heavy Blade","floor":27},{"not_picked":["Dropkick","Cleave"],"picked":"Armaments+1","floor":29},{"not_picked":["Pummel+1","Pommel Strike","Spot Weakness+1"],"picked":"SKIP","floor":30}],"player_experience":55360,"relics_obtained":[{"floor":7,"key":"Vajra"},{"floor":9,"key":"War Paint"},{"floor":10,"key":"MealTicket"},{"floor":25,"key":"Tiny Chest"},{"floor":26,"key":"Toxic Egg 2"},{"floor":27,"key":"Anchor"}],"event_choices":[{"damage_healed":0,"gold_gain":0,"player_choice":"Upgraded","damage_taken":0,"max_hp_gain":0,"max_hp_loss":0,"event_name":"Upgrade Shrine","floor":11,"gold_loss":0,"cards_upgraded":["Pommel Strike"]},{"damage_healed":0,"gold_gain":0,"player_choice":"Inject Mutagens","damage_taken":0,"relics_obtained":["MutagenicStrength"],"max_hp_gain":0,"max_hp_loss":0,"event_name":"Drug Dealer","floor":22,"gold_loss":0},{"damage_healed":0,"gold_gain":0,"player_choice":"Trade","damage_taken":0,"relics_obtained":["CultistMask"],"max_hp_gain":0,"max_hp_loss":0,"event_name":"FaceTrader","floor":31,"gold_loss":0}],"is_beta":false,"boss_relics":[{"not_picked":["Empty Cage","Runic Dome"],"picked":"Sozu"}],"items_purged_floors":[14],"is_endless":false,"potions_floor_spawned":[3,4,7,10,12,13,18,25,29],"killed_by":"Champ","ascension_level":0}}