{"host":"ec09novo68szpe7d","time":1608756167,"event":{"mods":["AchievementEnabler","BaseMod","Bestiary","Minty Spire (QoL Compilation)","StSLib"],"gold_per_floor":[117,128,144,160,46,80,94,129,174,174,174,174,174,191,191,293,293,309,89,89,89,109,143,143,158,158,186,198,210,237,249,261,377,389,417,183,195,210,226,254,273,300,300,300,335,335,158,175,175,175,175,175,31,64,64],"floor_reached":56,"playtime":6125,"items_purged":["Strike_B","Defend_B","Defend_B"],"score":1289,"play_id":"7b67c81f-4828-42e5-b8ac-361752f67a18","local_time":"20201223214247","is_ascension_mode":false,"campfire_choices":[{"data":"Streamline","floor":15.0,"key":"SMITH"},{"data":"Capacitor","floor":24.0,"key":"SMITH"},{"data":"Fission","floor":32.0,"key":"SMITH"},{"data":"Ghostly","floor":44.0,"key":"SMITH"},{"floor":49.0,"key":"RECALL"},{"data":"Ghostly","floor":52.0,"key":"SMITH"}],"circlet_count":0,"master_deck":["Strike_B+1","Defend_B","Zap","Dualcast","Streamline+1","Chill","Self Repair","Barrage+1","Electrodynamics","Conserve Battery+1","Chill","Glacier","Go for the Eyes+1","Recycle+1","Leap+1","Capacitor+1","Ghostly+1","Ghostly+1","Ghostly+1","Ghostly","Ghostly","Capacitor","Blizzard+1","Glacier","Iron Wave","Fission+1","Creative AI","Barrage+1","Barrage+1","Cold Snap+1","Blizzard+1","Rebound+1","Defragment+1","Stack","Glacier+1"],"relics":["Cracked Core","Centennial Puzzle","Bottled Flame","Black Star","Orrery","Bag of Preparation","White Beast Statue","Tiny Chest","Ancient Tea Set","MawBank","Molten Egg 2","Cursed Key","Omamori","StoneCalendar","Dream Catcher","Calipers","Incense Burner","Oddly Smooth Stone","Du-Vu Doll","Whetstone","Strange Spoon","Pear","Boot"],"acts_visited":["Exordium","TheCity","TheBeyond","TheEnding"],"potions_floor_usage":[55,55],"damage_taken":[{"damage":3.0,"enemies":"Small Slimes","floor":1.0,"turns":4.0},{"damage":1.0,"enemies":"Jaw Worm","floor":2.0,"turns":3.0},{"damage":0.0,"enemies":"2 Louse","floor":3.0,"turns":2.0},{"damage":0.0,"enemies":"2 Fungi Beasts","floor":4.0,"turns":3.0},{"damage":30.0,"enemies":"Gremlin Nob","floor":6.0,"turns":5.0},{"damage":3.0,"enemies":"3 Louse","floor":7.0,"turns":4.0},{"damage":25.0,"enemies":"Lagavulin","floor":8.0,"turns":7.0},{"damage":0.0,"enemies":"Large Slime","floor":11.0,"turns":1.0},{"damage":7.0,"enemies":"2 Fungi Beasts","floor":14.0,"turns":4.0},{"damage":34.0,"enemies":"Slime Boss","floor":16.0,"turns":10.0},{"damage":40.0,"enemies":"Shell Parasite","floor":18.0,"turns":10.0},{"damage":5.0,"enemies":"3 Byrds","floor":22.0,"turns":8.0},{"damage":18.0,"enemies":"Book of Stabbing","floor":23.0,"turns":10.0},{"damage":0.0,"enemies":"3 Cultists","floor":25.0,"turns":6.0},{"damage":7.0,"enemies":"Gremlin Leader","floor":27.0,"turns":9.0},{"damage":1.0,"enemies":"Centurion and Healer","floor":30.0,"turns":9.0},{"damage":21.0,"enemies":"Collector","floor":33.0,"turns":11.0},{"damage":12.0,"enemies":"3 Darklings","floor":35.0,"turns":6.0},{"damage":17.0,"enemies":"3 Shapes","floor":37.0,"turns":7.0},{"damage":1.0,"enemies":"Maw","floor":38.0,"turns":11.0},{"damage":2.0,"enemies":"Spire Growth","floor":39.0,"turns":8.0},{"damage":14.0,"enemies":"Nemesis","floor":40.0,"turns":11.0},{"damage":0.0,"enemies":"Transient","floor":41.0,"turns":5.0},{"damage":4.0,"enemies":"Reptomancer","floor":42.0,"turns":7.0},{"damage":0.0,"enemies":"Nemesis","floor":45.0,"turns":7.0},{"damage":19.0,"enemies":"Jaw Worm Horde","floor":48.0,"turns":5.0},{"damage":18.0,"enemies":"Time Eater","floor":50.0,"turns":15.0},{"damage":23.0,"enemies":"Shield and Spear","floor":54.0,"turns":7.0},{"damage":10,"enemies":"The Heart","floor":55,"turns":17}],"seed_played":"7861427736445554325","potions_obtained":[{"floor":1.0,"key":"Explosive Potion"},{"floor":4.0,"key":"LiquidBronze"},{"floor":7.0,"key":"SmokeBomb"},{"floor":16.0,"key":"FearPotion"},{"floor":23.0,"key":"FocusPotion"},{"floor":25.0,"key":"Strength Potion"},{"floor":30.0,"key":"EssenceOfDarkness"},{"floor":38.0,"key":"Regen Potion"},{"floor":39.0,"key":"FocusPotion"},{"floor":41.0,"key":"LiquidMemories"},{"floor":54.0,"key":"Block Potion"}],"is_trial":false,"path_per_floor":["M","M","M","M","$","E","M","E","T","?","M","?","?","M","R","B",null,"M","$","?","?","M","E","R","M","T","E","?","?","M","T","R","B",null,"M","$","M","M","M","E","M","E","T","R","E","?","$","M","R","B",null,"R","$","E","B",null],"character_chosen":"DEFECT","items_purchased":["Self Repair","Orrery","Capacitor","Omamori","Stack","Strange Spoon"],"campfire_rested":0,"item_purchase_floors":[5,19,19,36,47,53],"current_hp_per_floor":[51,50,50,50,50,27,31,13,13,13,13,6,31,38,38,4,75,49,49,37,37,37,26,26,37,37,37,37,37,37,37,37,23,37,32,32,22,28,37,30,30,33,33,33,33,33,33,21,21,3,37,37,37,31,21],"gold":64,"neow_bonus":"REMOVE_TWO","is_daily":false,"chose_seed":false,"campfire_upgraded":5,"win_rate":0.0,"timestamp":1608756167,"path_taken":["M","M","M","M","$","E","M","E","T","?","M","?","?","M","R","BOSS","M","$","?","?","M","E","R","M","T","E","?","?","?","?","R","BOSS","M","$","M","M","M","E","?","E","T","R","E","?","$","?","R","BOSS","R","$","E","BOSS"],"items_purchased_type":["Card","Relic","Card","Relic","Card","Relic"],"build_version":"2020-12-13","purchased_purges":3,"victory":true,"max_hp_per_floor":[75,75,75,75,75,75,75,75,75,75,75,75,75,75,75,75,75,75,75,37,37,37,37,37,37,37,37,37,37,37,37,37,37,37,37,37,37,37,37,37,37,37,37,37,37,37,37,37,37,37,37,37,37,47,47],"card_choices":[{"not_picked":["Stack","Auto Shields","Go for the Eyes"],"picked":"SKIP","floor":1.0},{"not_picked":["Rebound","Steam"],"picked":"Streamline","floor":2.0},{"not_picked":["Sweeping Beam","Cold Snap"],"picked":"Chill","floor":3.0},{"not_picked":["Hello World","Rip and Tear","Tempest"],"picked":"SKIP","floor":4.0},{"not_picked":["Ball Lightning","Leap","Reinforced Body"],"picked":"SKIP","floor":6.0},{"not_picked":["Compile Driver","Heatsinks","Hello World"],"picked":"SKIP","floor":7.0},{"not_picked":["Gash","Sweeping Beam"],"picked":"Self Repair","floor":8.0},{"not_picked":["Beam Cell","Skim"],"picked":"Barrage","floor":14.0},{"not_picked":["Fission","Buffer"],"picked":"Electrodynamics","floor":16.0},{"not_picked":["Recycle","Blizzard"],"picked":"Conserve Battery+1","floor":18.0},{"not_picked":["Heatsinks","Go for the Eyes"],"picked":"Chill","floor":19.0},{"not_picked":["Scrape","Stack"],"picked":"Glacier","floor":19.0},{"not_picked":["Melter","Aggregate"],"picked":"Go for the Eyes+1","floor":19.0},{"not_picked":["Beam Cell","Compile Driver"],"picked":"Recycle+1","floor":19.0},{"not_picked":["Compile Driver","Go for the Eyes"],"picked":"Leap+1","floor":19.0},{"not_picked":["Force Field","Thunder Strike","Leap+1"],"picked":"SKIP","floor":22.0},{"not_picked":["Stack","Streamline","Steam+1"],"picked":"SKIP","floor":23.0},{"not_picked":["Stack","Leap"],"picked":"Capacitor","floor":25.0},{"not_picked":["Conserve Battery","Leap"],"picked":"Blizzard+1","floor":27.0},{"not_picked":["Streamline","Steam"],"picked":"Fission","floor":30.0},{"not_picked":["Hyperbeam+1","Buffer"],"picked":"Creative AI","floor":33.0},{"not_picked":["Redo+1","Conserve Battery+1"],"picked":"Barrage+1","floor":35.0},{"not_picked":["Leap","Darkness+1"],"picked":"Barrage+1","floor":37.0},{"not_picked":["Skim","Streamline+1"],"picked":"Cold Snap+1","floor":38.0},{"not_picked":["Buffer","Redo"],"picked":"Blizzard+1","floor":39.0},{"not_picked":["Hologram","Streamline+1"],"picked":"Rebound+1","floor":40.0},{"not_picked":["Skim+1","Doom and Gloom+1","Recycle"],"picked":"SKIP","floor":41.0},{"not_picked":["Turbo","Capacitor","Ball Lightning+1"],"picked":"SKIP","floor":42.0},{"not_picked":["Hologram+1","Steam"],"picked":"Defragment+1","floor":45.0},{"not_picked":["Undo+1","Cold Snap+1","Beam Cell+1"],"picked":"SKIP","floor":48.0},{"not_picked":["Force Field+1","Gash+1"],"picked":"Glacier+1","floor":54.0}],"player_experience":185127,"relics_obtained":[{"floor":6.0,"key":"Centennial Puzzle"},{"floor":8.0,"key":"Bottled Flame"},{"floor":23.0,"key":"Bag of Preparation"},{"floor":23.0,"key":"White Beast Statue"},{"floor":26.0,"key":"Tiny Chest"},{"floor":27.0,"key":"Ancient Tea Set"},{"floor":27.0,"key":"MawBank"},{"floor":31.0,"key":"Molten Egg 2"},{"floor":40.0,"key":"StoneCalendar"},{"floor":40.0,"key":"Dream Catcher"},{"floor":42.0,"key":"Calipers"},{"floor":42.0,"key":"Incense Burner"},{"floor":43.0,"key":"Oddly Smooth Stone"},{"floor":45.0,"key":"Du-Vu Doll"},{"floor":45.0,"key":"Whetstone"},{"floor":54.0,"key":"Pear"},{"floor":54.0,"key":"Boot"}],"event_choices":[{"damage_healed":0.0,"max_hp_gain":0.0,"max_hp_loss":0.0,"gold_gain":0.0,"event_name":"Liars Game","player_choice":"Ignored","floor":10.0,"gold_loss":0.0,"damage_taken":0.0},{"cards_removed":["Defend_B"],"damage_healed":0.0,"max_hp_gain":0.0,"max_hp_loss":0.0,"gold_gain":0.0,"event_name":"Golden Wing","player_choice":"Card Removal","floor":12.0,"gold_loss":0.0,"damage_taken":7.0},{"damage_healed":25.0,"max_hp_gain":0.0,"max_hp_loss":0.0,"gold_gain":0.0,"event_name":"Big Fish","player_choice":"Banana","floor":13.0,"gold_loss":0.0,"damage_taken":0.0},{"damage_healed":0.0,"max_hp_gain":0.0,"max_hp_loss":38.0,"gold_gain":0.0,"event_name":"Ghosts","player_choice":"Became a Ghost","floor":20.0,"gold_loss":0.0,"damage_taken":0.0,"cards_obtained":["Ghostly","Ghostly","Ghostly","Ghostly","Ghostly"]},{"damage_healed":0.0,"max_hp_gain":0.0,"max_hp_loss":0.0,"gold_gain":0.0,"event_name":"Vampires","player_choice":"Ignored","floor":21.0,"gold_loss":0.0,"damage_taken":0.0},{"damage_healed":0.0,"max_hp_gain":0.0,"max_hp_loss":0.0,"gold_gain":0.0,"event_name":"The Library","player_choice":"Read","floor":28.0,"gold_loss":0.0,"damage_taken":0.0,"cards_obtained":["Glacier"]},{"cards_removed":["Self Repair"],"damage_healed":0.0,"max_hp_gain":0.0,"max_hp_loss":0.0,"gold_gain":0.0,"event_name":"NoteForYourself","player_choice":"Took Card","floor":29.0,"gold_loss":0.0,"damage_taken":0.0,"cards_obtained":["Iron Wave"]},{"damage_healed":0.0,"max_hp_gain":0.0,"max_hp_loss":0.0,"gold_gain":0.0,"event_name":"Upgrade Shrine","player_choice":"Upgraded","floor":46.0,"gold_loss":0.0,"damage_taken":0.0,"cards_upgraded":["Ghostly"]}],"is_beta":false,"boss_relics":[{"not_picked":["Pandora\u0027s Box","SacredBark"],"picked":"Black Star"},{"not_picked":["Fusion Hammer","Runic Pyramid"],"picked":"Cursed Key"}],"items_purged_floors":[5,36,47],"is_endless":false,"potions_floor_spawned":[1,4,7,11,16,23,25,27,30,33,35,37,38,39,41,42,45,48,54],"ascension_level":0}}