{"host":"pecumnp00ic55u1k","time":1608703019,"event":{"mods":["Act Like it!","BaseMod","Colored Map","Colored Powertips","Downfall","Hallownest","Hermit","Hubris","Minty Spire (QoL Compilation)","Quick Restart","StSLib","The Blue Laboratory","The Bug Knight","The Cursed"],"gold_per_floor":[119,119,135,151,169,48,74,74,98,198,198,124,144,163,163,163,163],"floor_reached":16,"playtime":868,"items_purged":["HollowMod:NailStrikeStart"],"score":102,"play_id":"e45d5552-2914-4cf4-92b8-b03f6a003559","local_time":"20201223005659","is_ascension_mode":false,"campfire_choices":[{"floor":8,"key":"REST"},{"data":"HollowMod:ShadowDash","floor":11,"key":"SMITH"},{"floor":15,"key":"REST"}],"circlet_count":0,"master_deck":["HollowMod:NailStrikeStart","HollowMod:NailStrikeStart","HollowMod:NailStrikeStart","HollowMod:QuickDashStart","HollowMod:QuickDashStart","HollowMod:QuickDashStart","HollowMod:QuickDashStart","HollowMod:FocusHealStart","HollowMod:PogoStrike","HollowMod:WraithStrike","HollowMod:GreatSlash","HollowMod:WraithStrike","HollowMod:ShadowDash+1","HollowMod:SharpenedShadows","HollowMod:VoidDash","HollowMod:WraithStrike"],"relics":["HollowMod:VesselMask","NeowsBlessing","Hallownest:DreamNailRelic","hubris:PeanutButter","Pen Nib"],"acts_visited":["Hallownest:Greenpath"],"potions_floor_usage":[7],"damage_taken":[{"damage":0,"enemies":"Hallownest:monsterHuskGuard","floor":1,"turns":1},{"damage":0,"enemies":"Hallownest:2_Baldur","floor":3,"turns":1},{"damage":0,"enemies":"2_ Uuma","floor":4,"turns":1},{"damage":12,"enemies":"Hallownest:Wandering_and_Horned","floor":5,"turns":6},{"damage":38,"enemies":"Hallownest:eliteCrystalGuardian","floor":7,"turns":8},{"damage":10,"enemies":"Hallownest:Guard_and_Warrior","floor":13,"turns":10},{"damage":0,"enemies":"Hallownest:MossCreep_and_Mosskin","floor":14,"turns":6},{"damage":62,"enemies":"Hallownest:BossBrokenVessel","floor":16,"turns":11}],"seed_played":"8117943389081389853","potions_obtained":[{"floor":1,"key":"champ:CounterPotion"},{"floor":4,"key":"blueLaboratory:NullPotion"},{"floor":7,"key":"blueLaboratory:HorrorPotion"}],"is_trial":false,"path_per_floor":["M","?","M","M","M","$","E","R","T","?","R","$","M","M","R","B"],"character_chosen":"THE_BUGKNIGHT","items_purchased":["HollowMod:ShadowDash","HollowMod:VoidDash"],"campfire_rested":2,"item_purchase_floors":[6,12],"current_hp_per_floor":[75,75,75,75,63,63,25,47,47,47,47,47,37,37,59,0,0],"gold":163,"neow_bonus":"THREE_ENEMY_KILL","is_daily":false,"chose_seed":false,"campfire_upgraded":1,"win_rate":0.0,"timestamp":1608703019,"path_taken":["M","?","M","M","?","?","E","R","T","?","R","$","M","M","R","BOSS"],"items_purchased_type":["Card","Card"],"build_version":"2020-12-22","purchased_purges":1,"victory":false,"max_hp_per_floor":[75,75,75,75,75,75,75,75,75,75,75,75,75,75,75,75,75],"card_choices":[{"not_picked":["HollowMod:DesolateDive","HollowMod:DashSlash"],"picked":"HollowMod:WraithStrike","floor":1},{"not_picked":["HollowMod:InfectedAttack","HollowMod:SiblingsSouls","HollowMod:TaintedHusks"],"picked":"SKIP","floor":3},{"not_picked":["HollowMod:DesolateDive","HollowMod:SoulEater"],"picked":"HollowMod:GreatSlash","floor":4},{"not_picked":["HollowMod:SoulShaman","HollowMod:SoulEater"],"picked":"HollowMod:WraithStrike","floor":5},{"not_picked":["HollowMod:TaintedHusks","HollowMod:CloakDash"],"picked":"HollowMod:SharpenedShadows","floor":7},{"not_picked":["HollowMod:LifebloodCocoon","HollowMod:ShapeofUnn"],"picked":"HollowMod:WraithStrike","floor":13},{"not_picked":["HollowMod:TaintedHusks","HollowMod:WraithStrike","HollowMod:HuntersJournal"],"picked":"SKIP","floor":14}],"player_experience":68492,"relics_obtained":[{"floor":7,"key":"hubris:PeanutButter"},{"floor":9,"key":"Pen Nib"}],"event_choices":[],"is_beta":false,"boss_relics":[],"items_purged_floors":[6],"is_endless":false,"potions_floor_spawned":[1,4,7],"killed_by":"Hallownest:BossBrokenVessel","ascension_level":0}}