{"host":"ue7jlgf7uv134an9","time":1608695946,"event":{"mods":["BaseMod","Better Third Choice","Defuse TimeMaze Blight","Minty Spire (QoL Compilation)","Quick Restart","Rare Cards Sparkle","Relic Stats","StSLib","UnlockEverythingMod"],"gold_per_floor":[365,376,376,394,31,31,60,60,87,87,87,127,191,219,228,336,336,364,564,156,170,194,194,238,253,276,276,6,25,46,64,64,168,168,197,257,257,43,102,111,38,64,64,64,93,93,111,111,111,111],"floor_reached":51,"playtime":2298,"items_purged":["Defend_G","Strike_G","Strike_G","Slice"],"score":698,"play_id":"6d4f0732-8027-4c0b-9ddc-5f3efe734196","local_time":"20201222225906","is_ascension_mode":false,"campfire_choices":[{"data":"Envenom","floor":6.0,"key":"SMITH"},{"floor":8.0,"key":"REST"},{"data":"Dagger Spray","floor":10.0,"key":"SMITH"},{"floor":15.0,"key":"REST"},{"data":"Apotheosis","floor":23.0,"key":"SMITH"},{"floor":27.0,"key":"REST"},{"floor":32.0,"key":"RECALL"},{"floor":40,"key":"REST"},{"data":"Venomology","floor":46,"key":"SMITH"},{"data":"Trip","floor":49,"key":"SMITH"}],"circlet_count":0,"master_deck":["Defend_G","Defend_G","Defend_G","Survivor","Neutralize","Dagger Throw","Quick Slash","Deadly Poison","Envenom+1","Dagger Spray+1","PiercingWail","SpiritShield","Bane+1","Noxious Fumes","Sucker Punch+1","Bane+1","Die Die Die+1","Blur","Apotheosis+1","Deadly Poison+1","Blur","Bane+1","Backstab+1","Die Die Die+1","Poisoned Stab+1","Venomology+1","Footwork","Blade Dance+1","Finisher+1","Trip+1","PiercingWail+1","Backflip","Finesse","Flash of Steel+1"],"relics":["Ring of the Snake","Mummified Hand","Dream Catcher","Molten Egg 2","CeramicFish","Ninja Scroll","Philosopher\u0027s Stone","Frozen Eye","Ornamental Fan","Strawberry","Omamori","Empty Cage","WingedGreaves","Gambling Chip","The Courier","Frozen Egg 2","Pear"],"acts_visited":["Exordium","TheCity","TheBeyond"],"potions_floor_usage":[36,39,50,50],"damage_taken":[{"damage":1.0,"enemies":"Jaw Worm","floor":1.0,"turns":5.0},{"damage":0.0,"enemies":"Small Slimes","floor":2.0,"turns":3.0},{"damage":0.0,"enemies":"Cultist","floor":4.0,"turns":3.0},{"damage":24.0,"enemies":"Gremlin Nob","floor":7.0,"turns":4.0},{"damage":6.0,"enemies":"3 Sentries","floor":12.0,"turns":5.0},{"damage":7.0,"enemies":"3 Sentries","floor":13.0,"turns":7.0},{"damage":0.0,"enemies":"3 Louse","floor":14.0,"turns":1.0},{"damage":21.0,"enemies":"Slime Boss","floor":16.0,"turns":5.0},{"damage":0.0,"enemies":"2 Thieves","floor":18.0,"turns":1.0},{"damage":0.0,"enemies":"Shell Parasite","floor":21.0,"turns":4.0},{"damage":0.0,"enemies":"3 Cultists","floor":22.0,"turns":4.0},{"damage":13.0,"enemies":"Slavers","floor":24.0,"turns":3.0},{"damage":14.0,"enemies":"Snake Plant","floor":25.0,"turns":3.0},{"damage":5.0,"enemies":"Centurion and Healer","floor":29.0,"turns":4.0},{"damage":1.0,"enemies":"Snecko","floor":30.0,"turns":4.0},{"damage":0.0,"enemies":"Cultist and Chosen","floor":31.0,"turns":4.0},{"damage":31.0,"enemies":"Automaton","floor":33.0,"turns":7.0},{"damage":0.0,"enemies":"3 Shapes","floor":35.0,"turns":1.0},{"damage":20,"enemies":"2 Orb Walkers","floor":36,"turns":4},{"damage":0,"enemies":"Mind Bloom Boss Battle","floor":39,"turns":3},{"damage":0,"enemies":"Orb Walker","floor":42,"turns":1},{"damage":3,"enemies":"4 Shapes","floor":45,"turns":1},{"damage":41,"enemies":"Awakened One","floor":50,"turns":14}],"seed_played":"-8948574341371546446","potions_obtained":[{"floor":4.0,"key":"EssenceOfSteel"},{"floor":7.0,"key":"Fire Potion"},{"floor":14.0,"key":"Weak Potion"},{"floor":16.0,"key":"DuplicationPotion"},{"floor":21.0,"key":"Energy Potion"},{"floor":22.0,"key":"GamblersBrew"},{"floor":24.0,"key":"PowerPotion"},{"floor":30.0,"key":"Regen Potion"},{"floor":31.0,"key":"BlessingOfTheForge"},{"floor":33.0,"key":"PowerPotion"},{"floor":36,"key":"Poison Potion"},{"floor":45,"key":"SkillPotion"}],"is_trial":false,"path_per_floor":["M","M","?","M","$","R","E","R","T","R","?","E","?","M","R","B",null,"M","?","$","M","M","R","E","M","T","R","$","M","M","M","R","B",null,"M","?","?","$","?","R","$","M","T","T","M","R","?","T","R","B",null],"character_chosen":"THE_SILENT","items_purchased":["Mummified Hand","Slice","Apotheosis","Frozen Eye","Omamori","Footwork","Trip"],"campfire_rested":4,"item_purchase_floors":[5,5,20,20,28,38,41],"current_hp_per_floor":[62,62,62,62,62,62,38,56,56,56,47,41,34,34,52,31,63,63,63,63,63,63,63,50,36,43,64,64,59,58,70,70,39,70,70,50,50,50,50,70,70,70,70,70,67,67,62,72,72,31],"gold":111,"neow_bonus":"TWO_FIFTY_GOLD","is_daily":false,"chose_seed":false,"campfire_upgraded":5,"win_rate":0.0,"timestamp":1608695946,"path_taken":["M","M","?","M","$","R","E","R","T","R","?","E","?","M","R","BOSS","M","?","$","M","?","R","E","M","T","R","$","M","M","M","R","BOSS","M","?","?","$","?","R","$","M","T","?","?","R","?","?","R","BOSS"],"items_purchased_type":["Relic","Card","Card","Relic","Relic","Card","Card"],"build_version":"2020-12-13","purchased_purges":4,"victory":true,"max_hp_per_floor":[63,63,63,63,63,63,63,63,63,63,63,63,63,63,63,63,63,63,63,63,63,63,63,63,63,70,70,70,70,70,70,70,70,70,70,70,70,70,70,70,70,70,70,70,70,70,70,80,80,80],"relic_stats":{"Dream Catcher":4,"counters":[23,91],"Mummified Hand":[31],"Ornamental Fan":[152],"CeramicFish":198,"Gambling Chip":[17],"obtain_stats":[{"Pear":48,"CeramicFish":12,"The Courier":43,"Omamori":28,"Frozen Egg 2":44,"Empty Cage":34,"Frozen Eye":20,"Dream Catcher":7,"Mummified Hand":5,"Ninja Scroll":13,"Ornamental Fan":24,"Strawberry":26,"Gambling Chip":39,"Molten Egg 2":11,"Philosopher\u0027s Stone":17,"WingedGreaves":36,"Ring of the Snake":0},{"Pear":22,"CeramicFish":5,"The Courier":21,"Omamori":13,"Frozen Egg 2":21,"Empty Cage":17,"Frozen Eye":9,"Dream Catcher":4,"Mummified Hand":3,"Ninja Scroll":5,"Ornamental Fan":12,"Strawberry":13,"Gambling Chip":20,"Molten Egg 2":4,"Philosopher\u0027s Stone":8,"WingedGreaves":19,"Ring of the Snake":0},{"Pear":77,"CeramicFish":20,"The Courier":76,"Omamori":48,"Frozen Egg 2":76,"Empty Cage":67,"Frozen Eye":34,"Dream Catcher":15,"Mummified Hand":11,"Ninja Scroll":20,"Ornamental Fan":45,"Strawberry":48,"Gambling Chip":75,"Molten Egg 2":15,"Philosopher\u0027s Stone":33,"WingedGreaves":72,"Ring of the Snake":0}],"Ring of the Snake":[46]},"card_choices":[{"not_picked":["PiercingWail","Backflip"],"picked":"Dagger Throw","floor":1.0},{"not_picked":["Underhanded Strike","Blur"],"picked":"Quick Slash","floor":2.0},{"not_picked":["Infinite Blades","Dodge and Roll"],"picked":"Envenom","floor":4.0},{"not_picked":["Tools of the Trade","Choke"],"picked":"Dagger Spray","floor":7.0},{"not_picked":["Flechettes","Sucker Punch"],"picked":"PiercingWail","floor":8.0},{"not_picked":["Calculated Gamble","Infinite Blades"],"picked":"Bane+1","floor":12.0},{"not_picked":["Quick Slash+1","Choke+1"],"picked":"Noxious Fumes","floor":13.0},{"not_picked":["Deflect","Dagger Throw+1"],"picked":"Sucker Punch+1","floor":14.0},{"not_picked":["Dagger Spray+1","Outmaneuver"],"picked":"Bane+1","floor":15.0},{"not_picked":["Glass Knife+1","Unload+1"],"picked":"Die Die Die+1","floor":16.0},{"not_picked":["Dodge and Roll","Footwork"],"picked":"Blur","floor":18.0},{"not_picked":["Outmaneuver","Concentrate","Acrobatics"],"picked":"SKIP","floor":21.0},{"not_picked":["Underhanded Strike+1","Riddle With Holes+1"],"picked":"Deadly Poison+1","floor":22.0},{"not_picked":["Eviscerate+1","Backflip"],"picked":"Blur","floor":24.0},{"not_picked":["Deadly Poison","Sucker Punch+1","Caltrops"],"picked":"SKIP","floor":25.0},{"not_picked":["Sucker Punch+1","Accuracy"],"picked":"Bane+1","floor":29.0},{"not_picked":["Dagger Spray+1","All Out Attack+1"],"picked":"Backstab+1","floor":30.0},{"not_picked":["Reflex+1","Blur","Bane+1"],"picked":"SKIP","floor":31.0},{"not_picked":["Burst","Doppelganger"],"picked":"Die Die Die+1","floor":33.0},{"not_picked":["PiercingWail","Dagger Throw+1"],"picked":"Poisoned Stab+1","floor":35.0},{"not_picked":["Quick Slash+1","Prepared+1"],"picked":"Venomology","floor":36},{"not_picked":["Reflex","Tactician+1"],"picked":"Blade Dance+1","floor":39},{"not_picked":["Eviscerate+1","Dagger Throw+1"],"picked":"Finisher+1","floor":40},{"not_picked":["Deflect","Escape Plan"],"picked":"PiercingWail+1","floor":42},{"not_picked":["Endless Agony+1","Finisher+1"],"picked":"Backflip","floor":45},{"not_picked":["Thinking Ahead","Deep Breath"],"picked":"Finesse","floor":47},{"not_picked":["Panacea","Good Instincts"],"picked":"Flash of Steel+1","floor":47}],"player_experience":32764,"relics_obtained":[{"floor":7.0,"key":"Dream Catcher"},{"floor":12.0,"key":"CeramicFish"},{"floor":24.0,"key":"Ornamental Fan"},{"floor":26.0,"key":"Strawberry"},{"floor":36,"key":"WingedGreaves"},{"floor":39,"key":"Gambling Chip"},{"floor":43,"key":"The Courier"},{"floor":44,"key":"Frozen Egg 2"},{"floor":48,"key":"Pear"}],"event_choices":[{"damage_healed":0.0,"max_hp_gain":0.0,"max_hp_loss":0.0,"gold_gain":0.0,"cards_transformed":["Strike_G"],"event_name":"Living Wall","player_choice":"Change","floor":3.0,"gold_loss":0.0,"damage_taken":0.0,"cards_obtained":["Deadly Poison"]},{"damage_healed":0.0,"max_hp_gain":0.0,"max_hp_loss":0.0,"gold_gain":0.0,"event_name":"Dead Adventurer","player_choice":"Searched \u00273\u0027 times","floor":13.0,"gold_loss":0.0,"damage_taken":0.0,"relics_obtained":["Ninja Scroll"]},{"damage_healed":0.0,"max_hp_gain":0.0,"max_hp_loss":0.0,"gold_gain":200.0,"event_name":"Wheel of Change","player_choice":"Gold","floor":19.0,"gold_loss":0.0,"damage_taken":0.0},{"damage_healed":0,"gold_gain":0,"player_choice":"Fight","damage_taken":0,"max_hp_gain":0,"max_hp_loss":0,"event_name":"Mysterious Sphere","floor":36,"gold_loss":0},{"cards_removed":["Defend_G"],"damage_healed":0,"gold_gain":0,"player_choice":"Removed Skill","damage_taken":0,"max_hp_gain":0,"max_hp_loss":0,"event_name":"Falling","floor":37,"gold_loss":0},{"damage_healed":0,"gold_gain":0,"player_choice":"Fight","damage_taken":0,"max_hp_gain":0,"max_hp_loss":0,"event_name":"MindBloom","floor":39,"gold_loss":0},{"damage_healed":0,"gold_gain":0,"player_choice":"Memory 2","damage_taken":5,"max_hp_gain":0,"max_hp_loss":0,"event_name":"SensoryStone","floor":47,"gold_loss":0}],"is_beta":false,"boss_relics":[{"not_picked":["Fusion Hammer","Pandora\u0027s Box"],"picked":"Philosopher\u0027s Stone"},{"not_picked":["Calling Bell","HoveringKite"],"picked":"Empty Cage"}],"items_purged_floors":[5,20,28,38],"is_endless":false,"potions_floor_spawned":[4,7,14,16,21,22,24,30,31,33,36,45],"ascension_level":0}}