{"host":"vc42n08di9czm3e7","time":1608756821,"event":{"mods":["AchievementEnabler","Act Like it!","BaseMod","Colored Powertips","Downfall","Friendly Minions","GifTheSpireLib","Jorbs\u0027s Wanderer Trilogy","Minty Spire (QoL Compilation)","Rare Cards Sparkle","StSLib","The Bug Knight"],"gold_per_floor":[99,109,209,223,240,62,142,174,174,188,213,226,30,43,56,161,161,161,174,84,84,98,113,113,130,130,130,145,95,111,144,155,260,260,260,53,65,50,64,80,80,80,80,80],"floor_reached":42,"playtime":3011,"items_purged":["hexamod:GhostOfSpireFuture","hexamod:GhostOfSpirePast"],"score":459,"play_id":"a6564ce0-d35e-4372-b2c0-b8a6ba2fe779","local_time":"20201223155341","is_ascension_mode":false,"campfire_choices":[{"data":"hexamod:Sear","floor":1,"key":"SMITH"},{"data":"hexamod:FlamesFromBeyond","floor":9,"key":"SMITH"},{"data":"hexamod:TimeOfNeed","floor":18,"key":"SMITH"},{"data":"hexamod:CatchUp","floor":26,"key":"SMITH"},{"data":"hexamod:FastForward","floor":35,"key":"SMITH"}],"circlet_count":0,"master_deck":["hexamod:Strike+1","hexamod:Strike+1","hexamod:Strike+1","hexamod:Strike+1","hexamod:Defend+1","hexamod:Defend+1","hexamod:Defend+1","hexamod:Defend+1","hexamod:Sear+1","hexamod:Float","hexamod:GhostflameBarrier","hexamod:StepThrough","hexamod:FastForward","Master of Strategy","hexamod:FlamesFromBeyond+1","hexamod:Hexaguard","hexamod:CatchUp","hexamod:Incineration+1","hexamod:SkipABeat","hexamod:SpectersWail+1","hexamod:TimeOfNeed+1","hexamod:NightmareGuise+1","hexamod:EtherealExpedition+1","hexamod:RecurringNightmare","hexamod:ExtraCrispy+1","hexamod:CatchUp+1","hexamod:FastForward+1","hexamod:SpectersWail+1","hexamod:WildfireWeapon","CurseOfTheBell","hexamod:BurningTouch","expansioncontent:AwakenDeath","hexamod:BurningTouch+1","hexamod:ChargedBarrage"],"relics":["hexamod:SpiritBrand","Letter Opener","Bottled Flame","Blood Vial","Strange Spoon","Coffee Dripper","Ginger","Whetstone","Calling Bell","Tiny Chest","Kunai","Gambling Chip","The Courier"],"acts_visited":["Exordium","TheCity","TheBeyond"],"potions_floor_usage":[8,8,16],"damage_taken":[{"damage":0,"enemies":"2 Louse","floor":2,"turns":3},{"damage":1,"enemies":"Jaw Worm","floor":4,"turns":4},{"damage":0,"enemies":"Cultist","floor":5,"turns":3},{"damage":0,"enemies":"downfall:FleeingMerchant","floor":6,"turns":4},{"damage":0,"enemies":"Lagavulin","floor":8,"turns":5},{"damage":3,"enemies":"2 Fungi Beasts","floor":10,"turns":4},{"damage":14,"enemies":"Gremlin Nob","floor":11,"turns":4},{"damage":0,"enemies":"3 Louse","floor":12,"turns":4},{"damage":7,"enemies":"downfall:FleeingMerchant","floor":13,"turns":4},{"damage":0,"enemies":"2 Fungi Beasts","floor":14,"turns":3},{"damage":12,"enemies":"Gremlin Gang","floor":15,"turns":6},{"damage":31,"enemies":"downfall:Silent","floor":16,"turns":11},{"damage":0,"enemies":"Chosen","floor":19,"turns":4},{"damage":0,"enemies":"downfall:FleeingMerchant","floor":20,"turns":4},{"damage":0,"enemies":"Centurion and Healer","floor":22,"turns":5},{"damage":1,"enemies":"Chosen and Byrds","floor":23,"turns":5},{"damage":1,"enemies":"Snecko","floor":25,"turns":4},{"damage":22,"enemies":"Snake Plant","floor":28,"turns":3},{"damage":6,"enemies":"Cultist and Chosen","floor":30,"turns":5},{"damage":18,"enemies":"Slavers","floor":31,"turns":5},{"damage":10,"enemies":"Sentry and Sphere","floor":32,"turns":6},{"damage":12,"enemies":"downfall:Ironclad","floor":33,"turns":9},{"damage":0,"enemies":"downfall:FleeingMerchant","floor":36,"turns":4},{"damage":0,"enemies":"Orb Walker","floor":37,"turns":3},{"damage":8,"enemies":"downfall:FleeingMerchant","floor":38,"turns":4},{"damage":20,"enemies":"3 Darklings","floor":39,"turns":4},{"damage":40,"enemies":"4 Shapes","floor":40,"turns":5},{"damage":36,"enemies":"2 Orb Walkers","floor":42,"turns":3}],"seed_played":"6727122012822108696","potions_obtained":[{"floor":2,"key":"Strength Potion"},{"floor":5,"key":"hexamod:DoubleChargePotion"},{"floor":8,"key":"SpeedPotion"},{"floor":14,"key":"SneckoOil"},{"floor":19,"key":"Strength Potion"},{"floor":23,"key":"Dexterity Potion"}],"is_trial":false,"path_per_floor":["R","M","?","M","M","$","T","E","R","M","E","M","$","M","M","B",null,"R","M","$","?","M","M","T","M","R","?","M","?","M","E","M","B",null,"R","$","M","$","M","M","T","?"],"character_chosen":"THE_SPIRIT","items_purchased":["Master of Strategy","Strange Spoon","hexamod:Incineration","expansioncontent:AwakenDeath"],"campfire_rested":0,"item_purchase_floors":[6,13,13,36],"current_hp_per_floor":[77,77,77,76,76,76,76,76,76,73,59,61,56,58,48,19,77,77,77,77,77,77,76,76,76,76,76,55,77,71,55,47,37,77,77,77,77,69,51,13,13,0,0,0],"gold":80,"neow_bonus":"TEN_PERCENT_HP_BONUS","is_daily":false,"chose_seed":false,"campfire_upgraded":5,"win_rate":0.0,"timestamp":1608756821,"path_taken":["R","M","?","M","M","$","T","E","R","M","E","M","$","M","M","BOSS","R","M","$","?","M","M","T","M","R","?","?","?","M","E","M","BOSS","R","$","M","$","M","M","T","?"],"items_purchased_type":["Card","Relic","Card","Card"],"build_version":"2020-12-13","purchased_purges":2,"victory":false,"max_hp_per_floor":[77,77,77,77,77,77,77,77,77,77,77,77,77,77,77,77,77,77,77,77,77,77,77,77,77,77,77,77,77,77,77,77,77,77,77,77,77,77,77,77,77,77,77,77],"card_choices":[{"not_picked":["hexamod:BurningTouch","hexamod:ThirdSeal"],"picked":"hexamod:GhostflameBarrier","floor":2},{"not_picked":["hexamod:AdvancingGuard","hexamod:ThirdSeal"],"picked":"hexamod:StepThrough","floor":4},{"not_picked":["hexamod:HeatMetal","hexamod:GhostLash"],"picked":"hexamod:FastForward","floor":5},{"not_picked":["hexamod:NightmareGuise","hexamod:HauntingEcho"],"picked":"hexamod:GhostOfSpireFuture","floor":6},{"not_picked":["hexamod:CrushingStance","hexamod:Hexaguard"],"picked":"hexamod:FlamesFromBeyond","floor":8},{"not_picked":["hexamod:ShieldOfDarkness","hexamod:HauntingEcho","hexamod:NightmareStrike"],"picked":"SKIP","floor":10},{"not_picked":["hexamod:PowerFromBeyond","hexamod:UnleashSpirits"],"picked":"hexamod:Hexaguard","floor":11},{"not_picked":["hexamod:BurningTouch","hexamod:SpectersWail"],"picked":"hexamod:CatchUp","floor":12},{"not_picked":["hexamod:ThermalTransfer","hexamod:InspiringFlames","hexamod:AdvancingGuard"],"picked":"SKIP","floor":13},{"not_picked":["hexamod:SecondSeal","hexamod:SpectralSpark"],"picked":"hexamod:SkipABeat","floor":14},{"not_picked":["hexamod:ThermalTransfer","hexamod:FastForward"],"picked":"hexamod:SpectersWail","floor":15},{"not_picked":["hexamod:TurnItUp","hexamod:FifthSeal"],"picked":"hexamod:TimeOfNeed","floor":16},{"not_picked":["hexamod:BurningTouch","hexamod:ThermalTransfer"],"picked":"hexamod:NightmareGuise+1","floor":19},{"not_picked":["hexamod:RainOfEmbers","hexamod:GhostLash"],"picked":"hexamod:EtherealExpedition+1","floor":20},{"not_picked":["hexamod:ShieldOfDarkness+1","hexamod:BacktrackSmack"],"picked":"hexamod:RecurringNightmare","floor":22},{"not_picked":["hexamod:InspiringFlames","hexamod:GhostLash"],"picked":"hexamod:ExtraCrispy+1","floor":23},{"not_picked":["hexamod:TimeWarp","hexamod:BacktrackSmack"],"picked":"hexamod:CatchUp","floor":25},{"not_picked":["hexamod:GhostLash+1","hexamod:Firestarter"],"picked":"hexamod:GhostOfSpirePast","floor":28},{"not_picked":["hexamod:NecessarySacrifice+1","hexamod:SpectralAdrenaline+1"],"picked":"hexamod:FastForward","floor":30},{"not_picked":["hexamod:RainOfEmbers","hexamod:NightmareGuise+1","hexamod:InspiringFlames"],"picked":"SKIP","floor":31},{"not_picked":["hexamod:SwordOfDarkness","hexamod:Hexaguard"],"picked":"hexamod:SpectersWail+1","floor":32},{"not_picked":["hexamod:UnleashSpirits","hexamod:GiftsFromTheDead"],"picked":"hexamod:WildfireWeapon","floor":33},{"not_picked":["hexamod:NightmareGuise+1","hexamod:SpectralAdrenaline"],"picked":"hexamod:BurningTouch","floor":36},{"not_picked":["hexamod:GhostLash+1","hexamod:NightmareStrike+1","hexamod:Hexaguard"],"picked":"SKIP","floor":37},{"not_picked":["hexamod:NightmareGuise","hexamod:AdvancingGuard","hexamod:RecurringNightmare"],"picked":"SKIP","floor":38},{"not_picked":["hexamod:CrushingStance","hexamod:NightmareStrike+1"],"picked":"hexamod:BurningTouch+1","floor":39},{"not_picked":["hexamod:RainOfEmbers+1","hexamod:Incineration"],"picked":"hexamod:ChargedBarrage","floor":40}],"player_experience":176055,"relics_obtained":[{"floor":7,"key":"Letter Opener"},{"floor":8,"key":"Bottled Flame"},{"floor":11,"key":"Blood Vial"},{"floor":24,"key":"Ginger"},{"floor":31,"key":"Whetstone"},{"floor":34,"key":"Tiny Chest"},{"floor":34,"key":"Kunai"},{"floor":34,"key":"Gambling Chip"},{"floor":41,"key":"The Courier"}],"event_choices":[{"damage_healed":0,"gold_gain":0,"player_choice":"Simplicity","damage_taken":0,"max_hp_gain":0,"max_hp_loss":0,"event_name":"Back to Basics","floor":21,"gold_loss":0,"cards_upgraded":["hexamod:Strike","hexamod:Strike","hexamod:Strike","hexamod:Strike","hexamod:Defend","hexamod:Defend","hexamod:Defend","hexamod:Defend"]},{"damage_healed":0,"gold_gain":0,"player_choice":"Fight","damage_taken":0,"max_hp_gain":0,"max_hp_loss":0,"event_name":"Mysterious Sphere","floor":42,"gold_loss":0}],"is_beta":false,"boss_relics":[{"not_picked":["downfall:Hecktoplasm","Cursed Key"],"picked":"Coffee Dripper"},{"not_picked":["Pandora\u0027s Box","hexamod:IceCube"],"picked":"Calling Bell"}],"items_purged_floors":[20,36],"is_endless":false,"potions_floor_spawned":[2,5,8,14,19,23,28,30,39],"killed_by":"2 Orb Walkers","ascension_level":0}}