{"host":"9kuc8qxv67wkis18","time":1608746595,"event":{"mods":["2.2 Compatiblity","AchievementEnabler","Aspiration","Astrologer","Bard","BaseMod","Beaked The Cultist","Bestiary","Better Note","Better Third Choice","Block Reminder","Challenge The Spire","Conspire","Curses Come First","GifTheSpireLib","Glutton Mod","Halation","Hermit","Highlight Path","Hubris","Infinite Spire","Jorbs\u0027s Wanderer Trilogy","Marked Mod","Melee Mod","Minty Spire (QoL Compilation)","Permanent Neow","Potionbrewer","Random Character Button","Rare Cards Sparkle","Replay The Spire","Shade Mod","Somnambulant","Spikes Relics","StSLib","Stuff the Spire","The Accelerator","The Blue Laboratory","The Construct","The Cursed","The Florist","The Forsaken","The Hierophant","The Judge","The Juggle","The Jungle","The Necromancer","The Showman","The Wild Card","TheArtist","Thieving Mod","everything is the same but u backflip on backflip","thorton","vexMod"],"gold_per_floor":[110,120,136,136,136,136,168,168,193,213,213,225,253,273,273,370,370,381,381,398,417,479,540,540,558,607,607,607,626,726,726,726,821,921,941,456,470,520,420,420,431,446,446,460,470,523,550,563,563,563],"floor_reached":51,"playtime":5354,"items_purged":["ReplayTheSpireMod:Splinters"],"score":686,"play_id":"28b89a36-debc-4216-8779-ac3157c337fe","local_time":"20201223130315","is_ascension_mode":false,"campfire_choices":[{"data":"hermit:Strike_Hermit","floor":6,"key":"SMITH"},{"data":"hermit:Strike_Hermit","floor":8,"key":"SMITH"},{"floor":15,"key":"REST"},{"floor":24,"key":"REST"},{"data":"hermit:WideOpen","floor":27,"key":"SMITH"},{"floor":32,"key":"REST"},{"floor":49,"key":"REST"}],"circlet_count":0,"master_deck":["hermit:Strike_Hermit+1","hermit:Strike_Hermit+1","hermit:Strike_Hermit+1","hermit:Strike_Hermit+1","hermit:Defend_Hermit+1","hermit:Defend_Hermit+1","hermit:Defend_Hermit+1","hermit:Defend_Hermit+1","hermit:Snapshot","hermit:Covet","hermit:Shortfuse+1","hermit:BlackWind+1","hermit:HighCaliber+1","hermit:Showdown+1","hermit:HighNoon+1"],"relics":["hermit:Momento","Molten Egg 2","Boot","hubris:OldNail","Sandwich","vexMod:ImprovementManual","hubris:Metronome","beaked:ShinyBauble","Toy Ornithopter","Replay:Multitool","Replay:Bottled Snecko","Replay:Wanted Poster","Blood Vial","aspiration:StickyExplosives_weak","Unceasing Top","hubris:Reverence","SuspiciousGoo","infinitespire:ShieldingShard"],"acts_visited":["Exordium","TheCity","TheBeyond"],"potions_floor_usage":[33,46,48,50,50],"damage_taken":[{"damage":0,"enemies":"Small Slimes","floor":1,"turns":3},{"damage":0,"enemies":"Cultist","floor":2,"turns":4},{"damage":1,"enemies":"Jaw Worm","floor":3,"turns":2},{"damage":14,"enemies":"Replay:BlueRogue","floor":7,"turns":7},{"damage":9,"enemies":"Blue Slaver","floor":10,"turns":3},{"damage":5,"enemies":"Looter","floor":12,"turns":2},{"damage":21,"enemies":"Lagavulin","floor":13,"turns":5},{"damage":7,"enemies":"3 Louse","floor":14,"turns":2},{"damage":27,"enemies":"The Guardian","floor":16,"turns":12},{"damage":25,"enemies":"conspire:FuzzyDice","floor":18,"turns":5},{"damage":10,"enemies":"Spheric Guardian","floor":20,"turns":4},{"damage":5,"enemies":"Snake Plant","floor":21,"turns":2},{"damage":0,"enemies":"conspire:SneckoGhost","floor":23,"turns":4},{"damage":1,"enemies":"Centurion and Healer","floor":25,"turns":2},{"damage":18,"enemies":"Sentry and Sphere","floor":29,"turns":4},{"damage":5,"enemies":"Colosseum Slavers","floor":30,"turns":3},{"damage":8,"enemies":"Colosseum Nobs","floor":30,"turns":3},{"damage":50,"enemies":"conspire:MysteriousRune","floor":33,"turns":7},{"damage":0,"enemies":"Orb Walker","floor":35,"turns":2},{"damage":4,"enemies":"3 Darklings","floor":37,"turns":3},{"damage":39,"enemies":"Mind Bloom Boss Battle","floor":38,"turns":5},{"damage":0,"enemies":"Jaw Worm Horde","floor":41,"turns":2},{"damage":0,"enemies":"Writhing Mass","floor":42,"turns":1},{"damage":0,"enemies":"3 Darklings","floor":44,"turns":2},{"damage":7,"enemies":"Sphere and 2 Shapes","floor":45,"turns":3},{"damage":0,"enemies":"2 Orb Walkers","floor":46,"turns":2},{"damage":32,"enemies":"Nightmare","floor":47,"turns":4},{"damage":0,"enemies":"Transient","floor":48,"turns":5},{"damage":17,"enemies":"Replay:Hell Engine","floor":50,"turns":3}],"seed_played":"-1052091117329442577","potions_obtained":[{"floor":1,"key":"DuplicationPotion"},{"floor":2,"key":"blueLaboratory:EnragingPotion"},{"floor":7,"key":"hermit:Tonic"},{"floor":35,"key":"AttackPotion"},{"floor":46,"key":"PowerPotion"}],"is_trial":false,"path_per_floor":["M","M","M","?","$","R","E","R","T","M","?","M","E","M","R","B",null,"M","AVR","M","M","?","E","R","M","T","R","?","M","?","?","R","B",null,"M","$","M","?","NS","R","M","M","T","M","M","?","NM","M","R","B",null],"character_chosen":"HERMIT","items_purchased":["Blood Vial","aspiration:StickyExplosives_weak"],"campfire_rested":4,"item_purchase_floors":[36,36],"current_hp_per_floor":[75,75,74,74,74,74,60,60,60,51,51,46,25,18,40,13,75,50,50,40,35,35,35,57,56,56,56,56,38,25,25,47,2,75,75,75,71,34,34,56,58,60,60,62,57,64,34,41,63,58],"gold":563,"neow_bonus":"THREE_CARDS","is_daily":false,"chose_seed":false,"campfire_upgraded":3,"win_rate":0.0,"timestamp":1608746595,"path_taken":["M","M","M","?","$","R","E","R","T","?","?","M","E","?","R","BOSS","M","AVR","M","M","?","E","R","M","T","R","?","M","?","?","R","BOSS","M","$","M","?","NS","R","M","M","T","M","M","?","NM","M","R","BOSS"],"items_purchased_type":["Relic","Relic"],"build_version":"2020-12-22","purchased_purges":1,"victory":true,"max_hp_per_floor":[75,75,75,75,75,75,75,75,75,75,75,75,75,75,75,75,75,75,75,75,75,75,75,75,75,75,75,75,75,75,75,75,75,75,75,75,75,75,75,75,75,75,75,75,75,75,75,75,75,75],"card_choices":[{"not_picked":["hermit:Scavenge","hermit:TrackingShot"],"picked":"hermit:WideOpen","floor":0},{"not_picked":["hermit:Deadeye","hermit:WideOpen","hermit:Virtue"],"picked":"SKIP","floor":1},{"not_picked":["hermit:NoHoldsBarred","hermit:CalledShot","hermit:Snipe"],"picked":"SKIP","floor":2},{"not_picked":["hermit:Midnight","hermit:BodyArmor","hermit:LowProfile"],"picked":"SKIP","floor":3},{"not_picked":["hermit:Reprieve","hermit:CalledShot+1","hermit:LowProfile"],"picked":"SKIP","floor":7},{"not_picked":["hermit:Combo","hermit:Ricochet+1"],"picked":"hermit:Shortfuse+1","floor":10},{"not_picked":["hermit:WideOpen+1","hermit:Coalescence","hermit:Glare"],"picked":"SKIP","floor":12},{"not_picked":["hermit:Desperado+1","hermit:Deadeye+1","hermit:Spite+1"],"picked":"SKIP","floor":13},{"not_picked":["hermit:LoneWolf","hermit:FatalDesire","hermit:Gestalt"],"picked":"SKIP","floor":14},{"not_picked":["hermit:Roughhouse+1","hermit:RoundhouseKick+1"],"picked":"hermit:BlackWind+1","floor":16},{"not_picked":["hermit:Desperado+1","hermit:WideOpen+1","hermit:Manifest"],"picked":"SKIP","floor":18},{"not_picked":["hermit:Spite+1","hermit:Virtue"],"picked":"hermit:HighCaliber+1","floor":20},{"not_picked":["hermit:Glare+1","hermit:Enervate+1","hermit:Grudge+1"],"picked":"SKIP","floor":21},{"not_picked":["hermit:Feint","hermit:Glare+1"],"picked":"hermit:Quickdraw+1","floor":22},{"not_picked":["hermit:Misfire+1","hermit:DeadOrAlive+1","hermit:Roulette+1"],"picked":"SKIP","floor":23},{"not_picked":["hermit:LowProfile","hermit:Desperado+1","hermit:Vantage"],"picked":"SKIP","floor":25},{"not_picked":["hermit:Grudge+1","hermit:Misfire+1","hermit:DeadMansHand"],"picked":"SKIP","floor":29},{"not_picked":["hermit:Horror","hermit:Grudge+1"],"picked":"hermit:Showdown+1","floor":30},{"not_picked":["hermit:Dissolve","hermit:Reprieve"],"picked":"hermit:HighNoon","floor":33},{"not_picked":["hermit:Glare+1","hermit:BigShot","hermit:Grudge+1"],"picked":"SKIP","floor":35},{"not_picked":["hermit:WideOpen+1","hermit:Misfire+1","hermit:Gestalt+1"],"picked":"SKIP","floor":37},{"not_picked":["hermit:Quickdraw+1","hermit:DeadMansHand+1","hermit:WideOpen+1"],"picked":"SKIP","floor":41},{"not_picked":["hermit:NoHoldsBarred+1","hermit:ShadowCloak","hermit:Deadeye+1"],"picked":"SKIP","floor":42},{"not_picked":["hermit:NoHoldsBarred+1","hermit:Dive+1","hermit:Desperado+1"],"picked":"SKIP","floor":44},{"not_picked":["hermit:FlashPowder","hermit:Gambit","hermit:ItchyTrigger+1"],"picked":"SKIP","floor":45},{"not_picked":["hermit:Combo+1","hermit:LuckOfTheDraw","hermit:Deadeye+1"],"picked":"SKIP","floor":47},{"not_picked":["hermit:Glare+1","hermit:Dive+1","hermit:Cheat"],"picked":"SKIP","floor":48}],"player_experience":120646,"relics_obtained":[{"floor":7,"key":"Molten Egg 2"},{"floor":9,"key":"Boot"},{"floor":13,"key":"hubris:OldNail"},{"floor":22,"key":"hubris:Metronome"},{"floor":23,"key":"beaked:ShinyBauble"},{"floor":26,"key":"Toy Ornithopter"},{"floor":30,"key":"Replay:Multitool"},{"floor":30,"key":"Replay:Bottled Snecko"},{"floor":38,"key":"Unceasing Top"},{"floor":43,"key":"hubris:Reverence"},{"floor":46,"key":"SuspiciousGoo"},{"floor":47,"key":"infinitespire:ShieldingShard"}],"event_choices":[{"damage_healed":0,"gold_gain":0,"player_choice":"Upgraded","damage_taken":0,"max_hp_gain":0,"max_hp_loss":0,"event_name":"Upgrade Shrine","floor":4,"gold_loss":0,"cards_upgraded":["hermit:Strike_Hermit"]},{"damage_healed":0,"gold_gain":0,"player_choice":"Ignored","damage_taken":0,"max_hp_gain":0,"max_hp_loss":0,"event_name":"betterNote:BetterNote","floor":11,"gold_loss":0,"cards_obtained":["hermit:FromBeyond"]},{"damage_healed":0,"gold_gain":0,"player_choice":"Ignored","damage_taken":0,"max_hp_gain":0,"max_hp_loss":0,"event_name":"Vampires","floor":28,"gold_loss":0},{"damage_healed":0,"gold_gain":0,"player_choice":"Fight","damage_taken":0,"max_hp_gain":0,"max_hp_loss":0,"event_name":"Colosseum","floor":30,"gold_loss":0},{"damage_healed":0,"gold_gain":0,"player_choice":"Fought Nobs","damage_taken":0,"max_hp_gain":0,"max_hp_loss":0,"event_name":"Colosseum","floor":30,"gold_loss":0},{"damage_healed":0,"gold_gain":0,"player_choice":"Ignored","damage_taken":0,"max_hp_gain":0,"max_hp_loss":0,"event_name":"Cursed Tome","floor":31,"gold_loss":0},{"damage_healed":0,"gold_gain":0,"player_choice":"Fight","damage_taken":0,"max_hp_gain":0,"max_hp_loss":0,"event_name":"MindBloom","floor":38,"gold_loss":0},{"damage_healed":0,"gold_gain":0,"player_choice":"Fight","damage_taken":0,"max_hp_gain":0,"max_hp_loss":0,"event_name":"Mysterious Sphere","floor":46,"gold_loss":0}],"is_beta":false,"boss_relics":[{"not_picked":["Replay:Drink Me","hubris:RunicObelisk"],"picked":"Sandwich"},{"not_picked":["aspiration:RunicSpoon","Replay:Grab Bag"],"picked":"Replay:Wanted Poster"}],"items_purged_floors":[36],"is_endless":false,"potions_floor_spawned":[1,2,7,16,18,20,25,30,35,38,45,46,47],"ascension_level":0}}