{"host":"3y2rtlgteqp2nuo3","time":1608721312,"event":{"mods":["2.2 Compatiblity","AchievementEnabler","BaseMod","Colored Map","DeckTracker","Highlight Path","Keyboard Shortcuts","Minty Spire (QoL Compilation)","Permanent Neow","Quick Restart","StSLib","SuperFastMode","everything is the same but u backflip on backflip"],"gold_per_floor":[109,109,125,12,187,187,187,187],"floor_reached":7,"playtime":83,"items_purged":["Strike_B"],"score":41,"play_id":"729dbf33-c08a-456c-89ec-a3593f1f5c94","local_time":"20201223200152","is_ascension_mode":true,"campfire_choices":[{"data":"Zap","floor":6.0,"key":"SMITH"}],"circlet_count":0,"master_deck":["Strike_B","Strike_B","Strike_B","Defend_B","Defend_B","Defend_B","Defend_B","Zap+1","Dualcast","Core Surge","Coolheaded","Genetic Algorithm","Doubt"],"relics":["Cracked Core","Golden Idol"],"acts_visited":["Exordium"],"potions_floor_usage":[],"damage_taken":[{"damage":0.0,"enemies":"Small Slimes","floor":1.0,"turns":2.0},{"damage":1.0,"enemies":"Jaw Worm","floor":3.0,"turns":3.0},{"damage":0,"enemies":"Lagavulin","floor":7,"turns":1}],"seed_played":"-1841804092714555791","potions_obtained":[{"floor":3.0,"key":"SneckoOil"}],"is_trial":false,"path_per_floor":["M","?","M","$","?","R","E"],"character_chosen":"DEFECT","items_purchased":["Genetic Algorithm"],"campfire_rested":0,"item_purchase_floors":[4],"current_hp_per_floor":[54,36,35,35,35,35,35,35],"gold":187,"neow_bonus":"THREE_RARE_CARDS","is_daily":false,"chose_seed":false,"campfire_upgraded":1,"win_rate":0.0,"timestamp":1608721312,"path_taken":["M","?","M","$","?","R","E"],"items_purchased_type":["Card"],"build_version":"2020-12-22","purchased_purges":1,"victory":false,"max_hp_per_floor":[75,75,75,75,75,75,75,75],"card_choices":[{"not_picked":["Meteor Strike","Amplify"],"picked":"Core Surge","floor":0.0},{"not_picked":["Steam","Gash","Capacitor"],"picked":"SKIP","floor":1.0},{"not_picked":["Rebound","Scrape"],"picked":"Coolheaded","floor":3.0}],"player_experience":642846,"relics_obtained":[],"event_choices":[{"damage_healed":0.0,"max_hp_gain":0.0,"max_hp_loss":0.0,"gold_gain":0.0,"event_name":"Golden Idol","player_choice":"Take Damage","floor":2.0,"gold_loss":0.0,"damage_taken":18.0,"relics_obtained":["Golden Idol"]},{"damage_healed":0.0,"max_hp_gain":0.0,"max_hp_loss":0.0,"gold_gain":175.0,"event_name":"Liars Game","player_choice":"AGREE","floor":5.0,"gold_loss":0.0,"damage_taken":0.0,"cards_obtained":["Doubt"]}],"is_beta":false,"boss_relics":[],"items_purged_floors":[4],"is_endless":false,"potions_floor_spawned":[3],"killed_by":"Lagavulin","ascension_level":1}}