{"host":"btj53a7qlsawl9sy","time":1608744747,"event":{"mods":["Act Like it!","BaseMod","Better Vampires","Colored Powertips","Gensokyo","Luminous","Marisa（F雨　魔理沙）","Marked Mod","Minty Spire (QoL Compilation)","Quick Restart","Reimu（博丽灵梦）","Relic Stats","Remilia（蕾米莉亚）","Replay The Spire","Spicy Shops","StSLib","The Administrix","The Hierophant","The Servant 0.9.4","Waifu the Spire","WarShipGirlsR/战舰少女R mod","Youmu（魂魄妖梦）","Yuyuko","vexMod","【东方二次创作】八云紫mod","【遗物卡牌】REMEMod"],"gold_per_floor":[130,157,344,374,406,449,476,488,523,553,565,595,621,663,675,815,827,854,831,861,51,51,51,51,86,86,86,102,122,136,148,148,253,253,273,327,327,327,337,337,355,355,382,396,413,438,37,54,54,54],"floor_reached":51,"playtime":3290,"items_purged":[],"score":917,"play_id":"7430f373-ec55-4ff6-8a9c-f4716dae9f12","local_time":"20201224013227","is_ascension_mode":false,"campfire_choices":[{"floor":8,"key":"REST"},{"floor":11,"key":"REST"},{"floor":15,"key":"REST"},{"floor":23,"key":"REST"},{"floor":27,"key":"REST"},{"floor":40,"key":"REST"},{"data":"CleanRite:ReiMu","floor":42,"key":"SMITH"},{"floor":49,"key":"REST"}],"circlet_count":0,"master_deck":["Strike_Lin:ReiMu+1","Strike_Lin:ReiMu","Strike_Lin:ReiMu","Strike_Lin:ReiMu","Defend_Lin:ReiMu","Defend_Lin:ReiMu","Defend_Lin:ReiMu","Defend_Lin:ReiMu","NB:ReiMu","Stagnation:ReiMu","Berserk+1","LovePray:ReiMu","AlertArray:ReiMu","Doubt","WonderfulDomain:ReiMu","Amulet:ReiMu","ForcedLanding:ReiMu","SpreadBorder2:ReiMu","CareerPray:ReiMu","SpreadBorder2:ReiMu","BlastKick2:ReiMu","SafetyPray:ReiMu","CleanRite:ReiMu+1","RainPray2:ReiMu","SafetyPray:ReiMu","SubAcupoint:ReiMu+1","BlastKick2:ReiMu+1","EmergencyTakeOff:ReiMu","Pot Of Greed+1","Pot Of Greed","Pot Of Greed","SpreadBorder2:ReiMu+1","RainPray2:ReiMu","EmergencyTakeOff:ReiMu+1","SpreadBorder2:ReiMu+1","AirStrike:ReiMu+1","SafetyPray:ReiMu","UpKicking:ReiMu","Blind+1","WonderfulDomain:ReiMu+1","SafetyPray:ReiMu+1","Amulet:ReiMu","Mountainwind:ReiMu+1","RainPray2:ReiMu+1","RainPray2:ReiMu","Parasite","REME_WheelOfFate","Determination:ReiMu","DoubleButterfly:ReiMu+1","Amulet:ReiMu","Gathering:ReiMu","Gathering:ReiMu","Pot Of Greed","Magnetism","SubAcupoint:ReiMu+1"],"relics":["REME_ComplimentaryCards","REME_LowDesire","MawBank","Oddly Smooth Stone","REME_HourglassOfDeath","Anchor","Bag of Marbles","DonationBox:ReiMu","Sundial","Medical Kit","Regal Pillow","Grinning Jar","Dream Catcher","Replay:Ringing Soul","Runic Pyramid","vexMod:HeadHunter","Whetstone","Nunchaku","Calipers"],"acts_visited":["Exordium","TheCity","TheBeyond"],"potions_floor_usage":[14,16,16,16,16,16,16,36,50],"damage_taken":[{"damage":0,"enemies":"2 Louse","floor":1,"turns":3},{"damage":0,"enemies":"Small Slimes","floor":2,"turns":4},{"damage":2,"enemies":"Jaw Worm","floor":4,"turns":9},{"damage":3,"enemies":"3 Louse","floor":5,"turns":6},{"damage":29,"enemies":"3 Sentries","floor":6,"turns":18},{"damage":1,"enemies":"Exordium Wildlife","floor":7,"turns":7},{"damage":11,"enemies":"Large Slime","floor":10,"turns":10},{"damage":1,"enemies":"Red Slaver","floor":12,"turns":5},{"damage":4,"enemies":"Exordium Thugs","floor":13,"turns":5},{"damage":26,"enemies":"Gremlin Nob","floor":14,"turns":5},{"damage":31,"enemies":"Slime Boss","floor":16,"turns":16},{"damage":16,"enemies":"3 Byrds","floor":18,"turns":6},{"damage":13,"enemies":"2 Thieves","floor":19,"turns":5},{"damage":25,"enemies":"Sentry and Sphere","floor":20,"turns":11},{"damage":28,"enemies":"Book of Stabbing","floor":25,"turns":9},{"damage":0,"enemies":"Shelled Parasite and Fungi","floor":28,"turns":7},{"damage":15,"enemies":"Snake Plant","floor":29,"turns":4},{"damage":4,"enemies":"Snecko","floor":30,"turns":9},{"damage":23,"enemies":"Centurion and Healer","floor":31,"turns":11},{"damage":28,"enemies":"Collector","floor":33,"turns":13},{"damage":6,"enemies":"3 Darklings","floor":35,"turns":8},{"damage":30,"enemies":"2 Orb Walkers","floor":36,"turns":7},{"damage":1,"enemies":"3 Shapes","floor":39,"turns":7},{"damage":6,"enemies":"Maw","floor":41,"turns":13},{"damage":8,"enemies":"Jaw Worm Horde","floor":44,"turns":5},{"damage":11,"enemies":"Writhing Mass","floor":45,"turns":8},{"damage":53,"enemies":"Reptomancer","floor":46,"turns":10},{"damage":26,"enemies":"4 Shapes","floor":48,"turns":5},{"damage":14,"enemies":"Donu and Deca","floor":50,"turns":15}],"seed_played":"-674754859317070636","potions_obtained":[{"floor":2,"key":"SteroidPotion"},{"floor":6,"key":"PowerPotion"},{"floor":12,"key":"Dexterity Potion"},{"floor":14,"key":"EntropicBrew"},{"floor":25,"key":"Elixir"},{"floor":28,"key":"AttackPotion"},{"floor":29,"key":"Elixir"},{"floor":36,"key":"Toxic Potion"},{"floor":39,"key":"SpeedPotion"}],"is_trial":false,"path_per_floor":["M","M","?","M","M","E","M","R","T","M","R","M","M","E","R","B",null,"M","M","M","$","?","R","?","E","T","R","M","M","M","M","R","B",null,"M","?","?","?","M","R","M","R","T","M","M","E","$","M","R","B",null],"character_chosen":"REIMU","items_purchased":["BlastKick2:ReiMu","EmergencyTakeOff:ReiMu","Sundial","Medical Kit","Regal Pillow","Grinning Jar","Amulet:ReiMu","Gathering:ReiMu","Calipers"],"campfire_rested":7,"item_purchase_floors":[21,21,21,21,21,21,47,47,47],"current_hp_per_floor":[65,65,65,63,60,31,30,49,49,38,57,56,52,26,45,14,65,49,36,11,11,32,65,54,26,26,65,68,56,55,35,78,53,91,88,61,61,61,63,103,100,100,100,95,87,57,60,37,91,77],"gold":54,"neow_bonus":"BOSS_RELIC","is_daily":false,"chose_seed":false,"campfire_upgraded":1,"win_rate":0.0,"timestamp":1608744747,"path_taken":["M","M","?","M","M","E","M","R","T","M","R","M","M","E","R","BOSS","M","M","M","$","?","R","?","E","T","R","?","M","M","M","R","BOSS","M","?","?","?","M","R","M","R","T","M","?","E","$","M","R","BOSS"],"items_purchased_type":["Card","Card","Relic","Relic","Relic","Relic","Card","Card","Relic"],"build_version":"2020-12-22","purchased_purges":0,"victory":true,"max_hp_per_floor":[65,65,65,65,65,65,65,65,65,65,65,65,65,65,65,65,65,65,65,65,65,65,65,70,70,70,73,76,79,82,85,88,91,91,94,97,97,97,100,103,106,106,106,109,112,115,118,121,124,124],"relic_stats":{"Regal Pillow":66,"Dream Catcher":4,"Nunchaku":[3],"counters":[29,237],"Sundial":[8],"Whetstone":["BlastKick2:ReiMu","Strike_Lin:ReiMu"],"MawBank":252,"Medical Kit":[10],"obtain_stats":[{"Regal Pillow":21,"Calipers":47,"Oddly Smooth Stone":0,"Whetstone":43,"MawBank":0,"Medical Kit":21,"Replay:Ringing Soul":26,"Anchor":9,"Dream Catcher":25,"Nunchaku":46,"REME_HourglassOfDeath":6,"Sundial":21,"vexMod:HeadHunter":36,"Bag of Marbles":14,"REME_LowDesire":0,"Grinning Jar":21,"FlyPower:ReiMu":0,"REME_ComplimentaryCards":0,"DonationBox:ReiMu":17,"Runic Pyramid":34},{"Regal Pillow":14,"Calipers":27,"Oddly Smooth Stone":0,"Whetstone":24,"MawBank":0,"Medical Kit":14,"Replay:Ringing Soul":15,"Anchor":6,"Dream Catcher":15,"Nunchaku":27,"REME_HourglassOfDeath":5,"Sundial":14,"vexMod:HeadHunter":22,"Bag of Marbles":10,"REME_LowDesire":0,"Grinning Jar":14,"FlyPower:ReiMu":0,"REME_ComplimentaryCards":0,"DonationBox:ReiMu":11,"Runic Pyramid":20},{"Regal Pillow":109,"Calipers":217,"Oddly Smooth Stone":0,"Whetstone":195,"MawBank":0,"Medical Kit":109,"Replay:Ringing Soul":118,"Anchor":47,"Dream Catcher":118,"Nunchaku":217,"REME_HourglassOfDeath":40,"Sundial":109,"vexMod:HeadHunter":176,"Bag of Marbles":72,"REME_LowDesire":0,"Grinning Jar":109,"FlyPower:ReiMu":0,"REME_ComplimentaryCards":0,"DonationBox:ReiMu":87,"Runic Pyramid":162}]},"card_choices":[{"not_picked":["CollectionFlower2:ReiMu","Conquer:ReiMu","Finesse"],"picked":"LovePray:ReiMu","floor":1},{"not_picked":["LearningPray:ReiMu","TakeOff:ReiMu","Specialist"],"picked":"AlertArray:ReiMu","floor":2},{"not_picked":["Intuition:ReiMu","EmergencyTakeOff:ReiMu","HandOfGreed"],"picked":"WonderfulDomain:ReiMu","floor":4},{"not_picked":["ManaGlint:ReiMu","PrepareRite:ReiMu","Magnetism"],"picked":"Amulet:ReiMu","floor":5},{"not_picked":["LearningPray:ReiMu","SubcavityInstant:ReiMu","Replay:Bootleg Shield Generator"],"picked":"ForcedLanding:ReiMu","floor":6},{"not_picked":["ForcedLanding:ReiMu","PayForSelf:ReiMu","Replay:Sssssssssshield"],"picked":"SpreadBorder2:ReiMu","floor":7},{"not_picked":["MikOfLucky:ReiMu","PassingAway:ReiMu","REME_MagicPocketWatch"],"picked":"CareerPray:ReiMu","floor":10},{"not_picked":["SpringWay:ReiMu","SubAcupoint:ReiMu","Madness"],"picked":"SpreadBorder2:ReiMu","floor":12},{"not_picked":["EmergencyTakeOff:ReiMu","LearningPray:ReiMu","Secret Technique"],"picked":"BlastKick2:ReiMu","floor":13},{"not_picked":["KyokaiOfKami:ReiMu","RainPray2:ReiMu","Thinking Ahead"],"picked":"SafetyPray:ReiMu","floor":14},{"not_picked":["OctopathSalyBorderN:ReiMu","SubcavityFantasy:ReiMu","REME_MawOfCthun"],"picked":"CleanRite:ReiMu","floor":16},{"not_picked":["CollectionFlower2:ReiMu","Conquer:ReiMu+1","REME_Flogging"],"picked":"RainPray2:ReiMu","floor":18},{"not_picked":["ForcedLanding:ReiMu+1","AirStrike:ReiMu+1","REME_Flogging"],"picked":"SafetyPray:ReiMu","floor":19},{"not_picked":["SubcavityInstant:ReiMu","SpringWay:ReiMu","Thinking Ahead"],"picked":"SubAcupoint:ReiMu+1","floor":20},{"not_picked":["SpiritualOutbreak2:ReiMu","PassingAway:ReiMu+1","HandOfGreed"],"picked":"SpreadBorder2:ReiMu+1","floor":25},{"not_picked":["OrbThrow:ReiMu","LovePray:ReiMu","HandOfGreed"],"picked":"RainPray2:ReiMu","floor":27},{"not_picked":["Conquer:ReiMu","FoulBorder2:ReiMu","Chrysalis"],"picked":"EmergencyTakeOff:ReiMu+1","floor":28},{"not_picked":["BarrageOfMoneybags:ReiMu","OrbThrow:ReiMu","Good Instincts+1"],"picked":"SpreadBorder2:ReiMu+1","floor":29},{"not_picked":["SubcavityFantasy:ReiMu","FantasyMoon:ReiMu+1","Crow Ritual"],"picked":"AirStrike:ReiMu+1","floor":30},{"not_picked":["SpringWay:ReiMu","RainPray2:ReiMu","REME_MagicPocketWatch+1"],"picked":"SafetyPray:ReiMu","floor":31},{"not_picked":["YinYangSign:ReiMu","AirManeuver:ReiMu","REME_MagicPocketWatch"],"picked":"UpKicking:ReiMu","floor":32},{"not_picked":["Determination:ReiMu","Authority:ReiMu","Free:ReiMu"],"picked":"Blind+1","floor":33},{"not_picked":["Conquer:ReiMu+1","PassingAway:ReiMu","REME_BuildACard"],"picked":"WonderfulDomain:ReiMu+1","floor":35},{"not_picked":["Conquer:ReiMu+1","EmergencyTakeOff:ReiMu+1","Deep Breath"],"picked":"SafetyPray:ReiMu+1","floor":36},{"not_picked":["AirStrike:ReiMu","OrbThrow:ReiMu+1","Bandage Up"],"picked":"Amulet:ReiMu","floor":39},{"not_picked":["Meditation:ReiMu","Intuition:ReiMu+1","Purity+1"],"picked":"Mountainwind:ReiMu+1","floor":40},{"not_picked":["Conquer:ReiMu+1","OrbThrow:ReiMu+1","Swift Strike"],"picked":"RainPray2:ReiMu+1","floor":41},{"not_picked":["PassingAway:ReiMu+1","CollectionFlower2:ReiMu","Poisoned Strike"],"picked":"RainPray2:ReiMu","floor":44},{"not_picked":["OctopathSalyBorderN:ReiMu","Enchanting:ReiMu","SafetyPray:ReiMu"],"picked":"REME_WheelOfFate","floor":45},{"not_picked":["CardOfSanctity:ReiMu","Free:ReiMu"],"picked":"Determination:ReiMu","floor":46},{"not_picked":["ShadowOfCrow2:ReiMu+1","AirStrike:ReiMu+1","Bandage Up+1"],"picked":"DoubleButterfly:ReiMu+1","floor":46},{"not_picked":["Intuition:ReiMu+1","PrepareRite:ReiMu","FoulBorder2:ReiMu+1"],"picked":"Magnetism","floor":48},{"not_picked":["ManaGlint:ReiMu","SubcavityInstant:ReiMu","Discovery"],"picked":"SubAcupoint:ReiMu+1","floor":49}],"player_experience":118566,"relics_obtained":[{"floor":0,"key":"MawBank"},{"floor":0,"key":"Oddly Smooth Stone"},{"floor":6,"key":"REME_HourglassOfDeath"},{"floor":9,"key":"Anchor"},{"floor":14,"key":"Bag of Marbles"},{"floor":25,"key":"Dream Catcher"},{"floor":26,"key":"Replay:Ringing Soul"},{"floor":36,"key":"vexMod:HeadHunter"},{"floor":43,"key":"Whetstone"},{"floor":46,"key":"Nunchaku"}],"event_choices":[{"damage_healed":0,"gold_gain":175,"player_choice":"AGREE","damage_taken":0,"max_hp_gain":0,"max_hp_loss":0,"event_name":"Liars Game","floor":3,"gold_loss":0,"cards_obtained":["Doubt"]},{"damage_healed":21,"gold_gain":0,"player_choice":"Heal","damage_taken":0,"max_hp_gain":0,"max_hp_loss":0,"event_name":"The Library","floor":22,"gold_loss":0},{"damage_healed":0,"gold_gain":0,"player_choice":"Shed Blood","damage_taken":16,"max_hp_gain":5,"max_hp_loss":0,"event_name":"Forgotten Altar","floor":24,"gold_loss":0},{"damage_healed":0,"gold_gain":0,"player_choice":"Fight","damage_taken":0,"max_hp_gain":0,"max_hp_loss":0,"event_name":"Mysterious Sphere","floor":36,"gold_loss":0},{"damage_healed":0,"gold_gain":0,"player_choice":"Forge","damage_taken":0,"max_hp_gain":0,"max_hp_loss":0,"event_name":"Accursed Blacksmith","floor":38,"gold_loss":0,"cards_upgraded":["Berserk"]}],"is_beta":false,"boss_relics":[{"not_picked":["Snecko Eye","Cursed Key"],"picked":"DonationBox:ReiMu"},{"not_picked":["Replay:Drink Me","REME_DuelDisc"],"picked":"Runic Pyramid"}],"items_purged_floors":[],"is_endless":false,"potions_floor_spawned":[2,6,12,13,14,25,28,29,30,36,39,48],"ascension_level":0}}