{"host":"69rply1jf2d1wbmp","time":1608725404,"event":{"mods":["BaseMod","Minty Spire (QoL Compilation)","Quick Restart"],"gold_per_floor":[118,118,118,14,86,117,146,146,171,201,274,47,47,47,47,149,149,168,194,194,194,15,15,54,95,95,95,20,20,52,72,72,177,227,243,89,148,162,19,48,95,120,167,195,195,47,32,65,65,65],"floor_reached":51,"playtime":1248,"items_purged":["Masterful Stab+1"],"score":1150,"play_id":"91f2b1cd-54a7-43c0-8a1a-a0b187885841","local_time":"20201223071004","daily_mods":["SealedDeck","Heirloom","Flight"],"is_ascension_mode":false,"campfire_choices":[{"data":"Cloak And Dagger","floor":8,"key":"SMITH"},{"data":"Accuracy","floor":13,"key":"SMITH"},{"data":"Backflip","floor":15,"key":"SMITH"},{"data":"Backflip","floor":23,"key":"SMITH"},{"data":"Cloak And Dagger","floor":27,"key":"SMITH"},{"data":"Footwork","floor":29,"key":"SMITH"},{"floor":32,"key":"REST"},{"data":"Envenom","floor":45,"key":"SMITH"},{"data":"Terror","floor":49,"key":"SMITH"}],"circlet_count":0,"master_deck":["Backflip+1","Backflip+1","Backstab+1","Blade Dance+1","Blade Dance+1","Cloak And Dagger+1","Accuracy+1","Accuracy+1","After Image","Calculated Gamble+1","Backstab+1","Infinite Blades","Cloak And Dagger+1","Footwork+1","Envenom+1","Terror+1","Deflect"],"relics":["Ring of the Snake","Pocketwatch","Meat on the Bone","Strawberry","Art of War","Juzu Bracelet","War Paint","Pen Nib","Astrolabe","CeramicFish","ClockworkSouvenir","Oddly Smooth Stone","Blue Candle","FossilizedHelix","Lizard Tail","Tiny House","Vajra","Du-Vu Doll","PreservedInsect","MealTicket","Tough Bandages","Omamori","Potion Belt","Bag of Preparation","HandDrill","White Beast Statue"],"acts_visited":["Exordium","TheCity","TheBeyond"],"potions_floor_usage":[33,37,41,41,44,48,50,50,50],"damage_taken":[{"damage":0,"enemies":"2 Louse","floor":1,"turns":1},{"damage":0,"enemies":"Lagavulin","floor":6,"turns":3},{"damage":7,"enemies":"3 Sentries","floor":7,"turns":3},{"damage":0,"enemies":"Lagavulin","floor":10,"turns":2},{"damage":0,"enemies":"Slime Boss","floor":16,"turns":3},{"damage":0,"enemies":"Shell Parasite","floor":18,"turns":1},{"damage":12,"enemies":"Book of Stabbing","floor":24,"turns":2},{"damage":12,"enemies":"Slavers","floor":25,"turns":3},{"damage":0,"enemies":"Gremlin Leader","floor":30,"turns":4},{"damage":0,"enemies":"3 Byrds","floor":31,"turns":3},{"damage":0,"enemies":"Automaton","floor":33,"turns":4},{"damage":8,"enemies":"3 Darklings","floor":35,"turns":4},{"damage":7,"enemies":"Mind Bloom Boss Battle","floor":37,"turns":4},{"damage":0,"enemies":"3 Shapes","floor":38,"turns":3},{"damage":2,"enemies":"Giant Head","floor":40,"turns":4},{"damage":0,"enemies":"2 Orb Walkers","floor":41,"turns":2},{"damage":12,"enemies":"Nemesis","floor":42,"turns":3},{"damage":0,"enemies":"Reptomancer","floor":44,"turns":3},{"damage":0,"enemies":"Giant Head","floor":48,"turns":4},{"damage":32,"enemies":"Awakened One","floor":50,"turns":7}],"seed_played":"7177543537579024054","potions_obtained":[{"floor":1,"key":"LiquidMemories"},{"floor":14,"key":"Fire Potion"},{"floor":33,"key":"ColorlessPotion"},{"floor":38,"key":"GhostInAJar"},{"floor":41,"key":"SpeedPotion"},{"floor":44,"key":"PowerPotion"},{"floor":48,"key":"EntropicBrew"}],"is_trial":true,"path_per_floor":["M","$","?","$","T","E","E","R","T","E","?","$","R","?","R","B",null,"M","T","?","?","$","R","E","E","T","R","$","R","E","M","R","B",null,"M","$","?","M","$","E","?","E","T","E","R","$","$","E","R","B",null],"character_chosen":"THE_SILENT","items_purchased":["PowerPotion","Poison Potion","Accuracy","Pen Nib","Infinite Blades","ClockworkSouvenir","Vajra","PreservedInsect","HandDrill","Deflect"],"campfire_rested":1,"item_purchase_floors":[4,4,12,12,22,22,36,39,46,47],"current_hp_per_floor":[70,70,70,70,70,77,70,70,70,70,70,70,70,70,70,70,77,77,77,63,63,63,63,51,51,51,51,51,51,51,51,75,75,87,79,79,72,72,72,70,70,58,58,58,58,73,87,87,87,55],"gold":65,"neow_bonus":"","is_daily":false,"chose_seed":false,"campfire_upgraded":8,"win_rate":0.0,"timestamp":1608725404,"path_taken":["M","$","?","?","?","E","E","R","T","E","?","$","R","?","R","BOSS","M","?","?","?","$","R","E","E","T","R","?","R","E","M","R","BOSS","M","$","?","M","$","E","?","E","T","E","R","?","$","E","R","BOSS"],"items_purchased_type":["Potion","Potion","Card","Relic","Card","Relic","Relic","Relic","Relic","Card"],"build_version":"2020-12-22","purchased_purges":1,"victory":true,"max_hp_per_floor":[70,70,70,70,70,77,77,77,77,77,77,77,77,77,77,77,77,77,77,82,82,82,82,82,82,82,82,82,82,82,82,82,82,87,87,87,87,87,87,87,87,87,87,87,87,87,87,87,87,87],"card_choices":[{"not_picked":["Crippling Poison","Blade Dance","Dagger Spray"],"picked":"SKIP","floor":1},{"not_picked":["Well Laid Plans","Grand Finale","Underhanded Strike"],"picked":"SKIP","floor":6},{"not_picked":["Choke","Dagger Spray","Deadly Poison"],"picked":"SKIP","floor":7},{"not_picked":["Deadly Poison","Leg Sweep","Acrobatics"],"picked":"SKIP","floor":10},{"not_picked":["Die Die Die","Unload"],"picked":"After Image","floor":16},{"not_picked":["Backflip","Sucker Punch+1","Dagger Spray+1"],"picked":"SKIP","floor":18},{"not_picked":["Bullet Time","Backflip"],"picked":"Cloak And Dagger","floor":24},{"not_picked":["Sucker Punch+1","Flying Knee"],"picked":"Footwork","floor":25},{"not_picked":["Prepared","Dodge and Roll","Caltrops"],"picked":"SKIP","floor":30},{"not_picked":["Eviscerate","Flying Knee+1","Acrobatics"],"picked":"SKIP","floor":31},{"not_picked":["A Thousand Cuts","Die Die Die"],"picked":"Envenom","floor":33},{"not_picked":["Well Laid Plans","Choke+1","Caltrops"],"picked":"SKIP","floor":35},{"not_picked":["Poisoned Stab+1","Deflect+1"],"picked":"Terror","floor":37},{"not_picked":["Blade Dance","Bouncing Flask","Bane"],"picked":"SKIP","floor":38},{"not_picked":["Caltrops+1","Finisher+1","Masterful Stab+1"],"picked":"SKIP","floor":40},{"not_picked":["Calculated Gamble","Slice","Setup+1"],"picked":"SKIP","floor":42},{"not_picked":["Backflip+1","Bullet Time","Poisoned Stab"],"picked":"SKIP","floor":44},{"not_picked":["Expertise+1","Outmaneuver+1","Underhanded Strike+1"],"picked":"SKIP","floor":48}],"player_experience":400531,"relics_obtained":[{"floor":5,"key":"Meat on the Bone"},{"floor":6,"key":"Strawberry"},{"floor":7,"key":"Art of War"},{"floor":9,"key":"Juzu Bracelet"},{"floor":10,"key":"War Paint"},{"floor":19,"key":"CeramicFish"},{"floor":24,"key":"Oddly Smooth Stone"},{"floor":25,"key":"Blue Candle"},{"floor":26,"key":"FossilizedHelix"},{"floor":30,"key":"Lizard Tail"},{"floor":37,"key":"Du-Vu Doll"},{"floor":40,"key":"MealTicket"},{"floor":41,"key":"Tough Bandages"},{"floor":42,"key":"Omamori"},{"floor":43,"key":"Potion Belt"},{"floor":44,"key":"Bag of Preparation"},{"floor":48,"key":"White Beast Statue"}],"event_choices":[{"damage_healed":0,"gold_gain":0,"player_choice":"Forge","damage_taken":0,"max_hp_gain":0,"max_hp_loss":0,"event_name":"Accursed Blacksmith","floor":3,"gold_loss":0,"cards_upgraded":["Accuracy"]},{"damage_healed":0,"gold_gain":73,"player_choice":"Gained Gold","damage_taken":0,"max_hp_gain":0,"max_hp_loss":0,"event_name":"Golden Wing","floor":11,"gold_loss":0},{"damage_healed":0,"gold_gain":0,"player_choice":"Got Potions","damage_taken":0,"max_hp_gain":0,"max_hp_loss":0,"event_name":"Lab","floor":14,"gold_loss":0},{"damage_healed":0,"gold_gain":0,"player_choice":"Shed Blood","damage_taken":19,"max_hp_gain":5,"max_hp_loss":0,"event_name":"Forgotten Altar","floor":20,"gold_loss":0},{"damage_healed":0,"gold_gain":0,"player_choice":"Ignored","damage_taken":0,"max_hp_gain":0,"max_hp_loss":0,"event_name":"Ghosts","floor":21,"gold_loss":0},{"damage_healed":0,"gold_gain":0,"player_choice":"Fight","damage_taken":0,"max_hp_gain":0,"max_hp_loss":0,"event_name":"MindBloom","floor":37,"gold_loss":0},{"damage_healed":0,"gold_gain":0,"player_choice":"Fight","damage_taken":0,"max_hp_gain":0,"max_hp_loss":0,"event_name":"Mysterious Sphere","floor":41,"gold_loss":0}],"is_beta":false,"boss_relics":[{"not_picked":["Runic Dome","Coffee Dripper"],"picked":"Astrolabe"},{"not_picked":["Runic Pyramid","Empty Cage"],"picked":"Tiny House"}],"items_purged_floors":[28],"is_endless":false,"potions_floor_spawned":[1,6,30,33,35,38,41,44,48],"ascension_level":0}}