{"host":"q8tqju4nyh10krg5","time":1608743915,"event":{"mods":["Act Like it!","BaseMod","Gensokyo","Minty Spire (QoL Compilation)","Pale of the Ancients","Slay the Relics Exporter","StSLib","The Vixen","thorton"],"gold_per_floor":[145,145,165,54,54,87,87,87,87,17,17,55,80,109,109,119,119,119],"floor_reached":16,"playtime":681,"items_purged":["Normality"],"score":156,"play_id":"1eef3143-00da-469c-9648-1cc3c5bc5c3e","local_time":"20201223181835","is_ascension_mode":true,"campfire_choices":[{"data":"thethorton:Heckle","floor":11,"key":"SMITH"},{"data":"thethorton:BookBash","floor":15,"key":"SMITH"}],"circlet_count":0,"master_deck":["thethorton:Strike","thethorton:Strike","thethorton:Strike","thethorton:Strike","thethorton:Defend","thethorton:Defend","thethorton:Defend","thethorton:Defend","thethorton:Heckle+1","thethorton:CreditCard","thethorton:BookBash+1","thethorton:OddChange","thethorton:PowerUp","Injury","thethorton:CashBash","thethorton:Distance"],"relics":["thethorton:CouragePotion","NeowsBlessing","Mango","Happy Flower","Incense Burner","Ornamental Fan","Vajra","Smiling Mask","Matryoshka"],"acts_visited":["Gensokyo:Gensokyo"],"potions_floor_usage":[16,16],"damage_taken":[{"damage":0,"enemies":"Gensokyo:2_Kodama","floor":1,"turns":1},{"damage":0,"enemies":"Gensokyo:Python","floor":3,"turns":1},{"damage":0,"enemies":"Gensokyo:Mamizou","floor":6,"turns":2},{"damage":2,"enemies":"Gensokyo:Aya","floor":12,"turns":3},{"damage":8,"enemies":"Gensokyo:Gryphon","floor":13,"turns":3},{"damage":5,"enemies":"Gensokyo:Kitsune","floor":14,"turns":3},{"damage":54,"enemies":"Gensokyo:Yukari","floor":16,"turns":14}],"seed_played":"4702732315620855979","potions_obtained":[{"floor":13,"key":"LiquidBronze"},{"floor":14,"key":"Energy Potion"}],"is_trial":false,"path_per_floor":["M","?","M","$","?","E","?","$","T","?","R","E","M","M","R","B"],"character_chosen":"THE_THORT","items_purchased":["thethorton:OddChange"],"campfire_rested":0,"item_purchase_floors":[4],"current_hp_per_floor":[68,61,61,61,61,61,61,61,61,61,61,59,51,46,46,0,0,0],"gold":119,"neow_bonus":"THREE_ENEMY_KILL","is_daily":false,"chose_seed":false,"campfire_upgraded":2,"win_rate":0.0,"timestamp":1608743915,"path_taken":["M","?","?","$","?","E","?","?","T","?","R","E","?","M","R","BOSS"],"items_purchased_type":["Card"],"build_version":"2020-12-22","purchased_purges":1,"victory":false,"max_hp_per_floor":[68,82,82,82,82,82,82,82,82,82,82,82,82,82,82,82,82,82],"card_choices":[{"not_picked":["thethorton:HitAhead","thethorton:StumblingSlap"],"picked":"thethorton:WhirlingBriefcase","floor":1},{"not_picked":["thethorton:ElbowSmash","thethorton:AngerMoment"],"picked":"thethorton:BookBash","floor":3},{"not_picked":["thethorton:ShoutAndRun","thethorton:BattleTrash"],"picked":"thethorton:PowerUp","floor":6},{"not_picked":["thethorton:BusinessBoom","thethorton:DockPay"],"picked":"thethorton:CashBash","floor":12},{"not_picked":["thethorton:ToxicGreed","thethorton:CashBash","thethorton:ShoutAndRun"],"picked":"SKIP","floor":13},{"not_picked":["thethorton:FearfulRun","thethorton:Portfolio"],"picked":"thethorton:Distance","floor":14}],"player_experience":548091,"relics_obtained":[{"floor":6,"key":"Incense Burner"},{"floor":9,"key":"Vajra"},{"floor":12,"key":"Matryoshka"}],"event_choices":[],"is_beta":false,"boss_relics":[],"items_purged_floors":[4],"is_endless":false,"potions_floor_spawned":[13,14],"killed_by":"Gensokyo:Yukari","ascension_level":4}}