{"host":"x4x6fw95e6eqd4n0","time":1608764316,"event":{"mods":["AchievementEnabler","BaseMod","Colored Map","Colored Powertips","DeckTracker","Minty Spire (QoL Compilation)"],"gold_per_floor":[12,30,49,49,65,65,84,117,129,174,186,216,228,256,268,280,280],"floor_reached":16,"playtime":909,"items_purged":[],"score":114,"play_id":"db218e1a-e01a-4c52-bcf3-78d58b31db95","local_time":"20201224005836","is_ascension_mode":false,"campfire_choices":[{"data":"Genetic Algorithm","floor":6,"key":"SMITH"},{"floor":11,"key":"REST"},{"data":"Storm","floor":13,"key":"SMITH"},{"data":"Fusion","floor":15,"key":"SMITH"}],"circlet_count":0,"master_deck":["Strike_B","Strike_B","Defend_B","Defend_B","Defend_B","Defend_B","Zap","Dualcast","Rebound","Double Energy","Coolheaded","Genetic Algorithm+1","Reinforced Body","Capacitor","Storm+1","Coolheaded","Fusion+1"],"relics":["Cracked Core","MawBank","Meat on the Bone","Strawberry"],"acts_visited":["Exordium"],"potions_floor_usage":[2,16,16],"damage_taken":[{"damage":1,"enemies":"Cultist","floor":1,"turns":3},{"damage":1,"enemies":"2 Louse","floor":2,"turns":2},{"damage":1,"enemies":"Jaw Worm","floor":3,"turns":4},{"damage":0,"enemies":"Large Slime","floor":5,"turns":6},{"damage":5,"enemies":"2 Fungi Beasts","floor":7,"turns":5},{"damage":36,"enemies":"Lagavulin","floor":8,"turns":10},{"damage":28,"enemies":"3 Sentries","floor":10,"turns":9},{"damage":5,"enemies":"Exordium Wildlife","floor":12,"turns":7},{"damage":2,"enemies":"Large Slime","floor":14,"turns":6},{"damage":47,"enemies":"Hexaghost","floor":16,"turns":16}],"seed_played":"-6054145445141739708","potions_obtained":[{"floor":2,"key":"Fruit Juice"},{"floor":8,"key":"Weak Potion"},{"floor":10,"key":"PotionOfCapacity"}],"is_trial":false,"path_per_floor":["M","M","M","$","M","R","M","E","T","E","R","M","R","M","R","B"],"character_chosen":"DEFECT","items_purchased":[],"campfire_rested":1,"item_purchase_floors":[],"current_hp_per_floor":[74,78,77,77,77,77,72,36,36,27,53,48,48,46,46,0,0],"gold":280,"neow_bonus":"REMOVE_TWO","is_daily":false,"chose_seed":false,"campfire_upgraded":3,"win_rate":0.0,"timestamp":1608764316,"path_taken":["M","M","M","?","M","R","M","E","T","E","R","M","R","M","R","BOSS"],"items_purchased_type":[],"build_version":"2020-12-13","purchased_purges":0,"victory":false,"max_hp_per_floor":[75,80,80,80,80,80,80,80,80,87,87,87,87,87,87,87,87],"card_choices":[{"not_picked":["Hologram","Conserve Battery"],"picked":"Rebound","floor":1},{"not_picked":["Rip and Tear","Rebound"],"picked":"Double Energy","floor":2},{"not_picked":["Ball Lightning","Hologram"],"picked":"Coolheaded","floor":3},{"not_picked":["Sweeping Beam","Steam"],"picked":"Genetic Algorithm","floor":5},{"not_picked":["Ball Lightning","Coolheaded"],"picked":"Reinforced Body","floor":7},{"not_picked":["Go for the Eyes","Turbo"],"picked":"Capacitor","floor":8},{"not_picked":["Ball Lightning","Sweeping Beam"],"picked":"Storm","floor":10},{"not_picked":["Conserve Battery","Scrape"],"picked":"Coolheaded","floor":12},{"not_picked":["Rip and Tear","Turbo"],"picked":"Fusion","floor":14}],"player_experience":61967,"relics_obtained":[{"floor":8,"key":"MawBank"},{"floor":9,"key":"Meat on the Bone"},{"floor":10,"key":"Strawberry"}],"event_choices":[],"is_beta":false,"boss_relics":[],"items_purged_floors":[],"is_endless":false,"potions_floor_spawned":[2,8,10],"killed_by":"Hexaghost","ascension_level":0}}