{"host":"03a85bwj0a5skoit","time":1608711976,"event":{"mods":["BaseMod","Block Reminder","Minty Spire (QoL Compilation)","Relic Stats","StSLib"],"gold_per_floor":[114,39,39,39,52,88,100,150,236,248,281,334,346,393,405,507,519,555,567,567],"floor_reached":19,"playtime":673,"items_purged":[],"score":536,"play_id":"b1dd18e3-d1d9-48c0-8cc7-95139c1c0fc3","local_time":"20201223185616","is_ascension_mode":true,"campfire_choices":[{"data":"Heavy Blade","floor":7,"key":"SMITH"},{"data":"Feel No Pain","floor":10,"key":"SMITH"},{"data":"Barricade","floor":13,"key":"SMITH"},{"data":"Clothesline","floor":15,"key":"SMITH"}],"circlet_count":0,"master_deck":["AscendersBane","Strike_R","Strike_R","Defend_R","Defend_R","Defend_R","Bash","Impervious+1","Spot Weakness+1","Demon Form+1","Feel No Pain+1","Heavy Blade+1","Sentinel","Thunderclap","Barricade+1","Clothesline+1","Reaper","Sword Boomerang"],"relics":["Astrolabe","Golden Idol","MawBank","White Beast Statue","Question Card","Oddly Smooth Stone","Gremlin Horn","Black Star"],"acts_visited":["Exordium","TheCity"],"potions_floor_usage":[8,11,12,14,18],"damage_taken":[{"damage":11,"enemies":"2 Louse","floor":1,"turns":3},{"damage":4,"enemies":"Cultist","floor":5,"turns":5},{"damage":5,"enemies":"Lagavulin","floor":6,"turns":7},{"damage":0,"enemies":"Gremlin Nob","floor":8,"turns":3},{"damage":2,"enemies":"Jaw Worm","floor":11,"turns":3},{"damage":6,"enemies":"3 Sentries","floor":12,"turns":10},{"damage":0,"enemies":"Lagavulin","floor":14,"turns":5},{"damage":12,"enemies":"Hexaghost","floor":16,"turns":10},{"damage":30,"enemies":"Chosen","floor":18,"turns":6},{"damage":57,"enemies":"Shell Parasite","floor":19,"turns":8}],"seed_played":"-6100649656538797125","potions_obtained":[{"floor":4,"key":"FearPotion"},{"floor":4,"key":"Dexterity Potion"},{"floor":8,"key":"Fire Potion"},{"floor":11,"key":"HeartOfIron"},{"floor":12,"key":"GamblersBrew"},{"floor":14,"key":"BloodPotion"},{"floor":18,"key":"CultistPotion"}],"is_trial":false,"path_per_floor":["M","?","?","?","M","E","R","E","T","R","M","E","R","E","R","B",null,"M","M"],"character_chosen":"IRONCLAD","items_purchased":[],"campfire_rested":0,"item_purchase_floors":[],"current_hp_per_floor":[57,57,57,57,53,48,48,48,48,48,46,40,40,40,40,28,58,56,0,0],"gold":567,"neow_bonus":"BOSS_RELIC","is_daily":false,"chose_seed":false,"campfire_upgraded":4,"win_rate":0.0,"timestamp":1608711976,"path_taken":["M","?","?","?","?","E","R","E","T","R","M","E","R","E","R","BOSS","M","M"],"items_purchased_type":[],"build_version":"2020-12-22","purchased_purges":0,"victory":false,"max_hp_per_floor":[75,75,68,68,68,68,68,68,68,68,68,68,68,68,68,68,68,68,68,68],"relic_stats":{"Gremlin Horn":[0,0],"counters":[10,60],"Golden Idol":60,"Astrolabe":["Impervious","Spot Weakness","Demon Form"],"Black Star":0,"MawBank":156,"Question Card":5,"obtain_stats":[{"Gremlin Horn":14,"Golden Idol":3,"Astrolabe":0,"Oddly Smooth Stone":12,"Black Star":17,"MawBank":6,"Question Card":9,"Burning Blood":0,"White Beast Statue":8},{"Gremlin Horn":7,"Golden Idol":1,"Astrolabe":0,"Oddly Smooth Stone":6,"Black Star":8,"MawBank":3,"Question Card":4,"Burning Blood":0,"White Beast Statue":4},{"Gremlin Horn":36,"Golden Idol":3,"Astrolabe":0,"Oddly Smooth Stone":31,"Black Star":46,"MawBank":15,"Question Card":18,"Burning Blood":0,"White Beast Statue":18}]},"card_choices":[{"not_picked":["Heavy Blade","Clash"],"picked":"Feel No Pain","floor":1},{"not_picked":["Perfected Strike","Anger","Wild Strike"],"picked":"SKIP","floor":5},{"not_picked":["Flame Barrier","Iron Wave"],"picked":"Heavy Blade","floor":6},{"not_picked":["Clash","Body Slam"],"picked":"Sentinel","floor":8},{"not_picked":["Burning Pact","Wild Strike","Havoc"],"picked":"Thunderclap","floor":11},{"not_picked":["Combust","Power Through","Iron Wave"],"picked":"Barricade","floor":12},{"not_picked":["Thunderclap","Flex","Intimidate"],"picked":"Clothesline","floor":14},{"not_picked":["Corruption","Brutality","Berserk"],"picked":"Reaper","floor":16},{"not_picked":["Perfected Strike","Armaments","Pommel Strike+1"],"picked":"Sword Boomerang","floor":18}],"player_experience":2305225,"relics_obtained":[{"floor":6,"key":"MawBank"},{"floor":8,"key":"White Beast Statue"},{"floor":9,"key":"Question Card"},{"floor":12,"key":"Oddly Smooth Stone"},{"floor":14,"key":"Gremlin Horn"}],"event_choices":[{"cards_removed":["Strike_R"],"damage_healed":0,"gold_gain":0,"player_choice":"Card Removal","damage_taken":0,"max_hp_gain":0,"max_hp_loss":0,"event_name":"The Cleric","floor":2,"gold_loss":75},{"damage_healed":0,"gold_gain":0,"player_choice":"Lose Max HP","damage_taken":0,"relics_obtained":["Golden Idol"],"max_hp_gain":0,"max_hp_loss":7,"event_name":"Golden Idol","floor":3,"gold_loss":0},{"damage_healed":0,"gold_gain":0,"player_choice":"Got Potions","damage_taken":0,"max_hp_gain":0,"max_hp_loss":0,"event_name":"Lab","floor":4,"gold_loss":0}],"is_beta":false,"boss_relics":[{"not_picked":["Runic Dome","Runic Cube"],"picked":"Black Star"}],"items_purged_floors":[],"is_endless":false,"potions_floor_spawned":[5,8,11,12,14,16,18],"killed_by":"Shell Parasite","ascension_level":20}}