{"host":"i0avyit1s6jb1siw","time":1608714744,"event":{"mods":["BaseMod","DeckTracker","Dota2Spire","Highlight Path","Minty Spire (QoL Compilation)","Quick Restart","Replay The Spire","StSLib","SuperFastMode"],"gold_per_floor":[116,116,41,41,61,61,81,116,116,116,41,70,70,83,83,158,158,170,184,201,101,119,152,152,182,182,182,123,136,136,155,155,233,233,247,247,259,259,279,279,308,308,308,308,322,352,370,397,397,397,397,397,397,5,5,5],"floor_reached":55,"playtime":2309,"items_purged":["Strike_G","Strike_G","Strike_G"],"score":2385,"play_id":"2f4a0de6-f3ed-4c78-b961-7ff617f5d6a4","local_time":"20201223101224","is_ascension_mode":true,"campfire_choices":[{"data":"Blade Dance","floor":6.0,"key":"SMITH"},{"data":"Blade Dance","floor":10.0,"key":"SMITH"},{"data":"Accuracy","floor":15.0,"key":"SMITH"},{"data":"Venomology","floor":24.0,"key":"SMITH"},{"floor":32,"key":"REST"},{"data":"Footwork","floor":40,"key":"SMITH"},{"floor":42,"key":"RECALL"},{"data":"Footwork","floor":44,"key":"SMITH"},{"floor":49,"key":"DIG"},{"data":"ReplayTheSpireMod:Scrap Shanks","floor":53,"key":"SMITH"}],"circlet_count":0,"master_deck":["AscendersBane","Defend_G","Defend_G","Defend_G+1","Defend_G","Defend_G","Survivor","Neutralize+1","Blade Dance+1","Flying Knee","Accuracy+1","Footwork+1","Blade Dance+1","Leg Sweep","Footwork+1","Venomology+1","Deflect","Flechettes","Bane+1","Acrobatics+1","ReplayTheSpireMod:Shiv Toss+1","Dash","Accuracy+1","Replay:Poison Smokescreen+1","Tactician","Burst","Calculated Gamble","Thinking Ahead","Masterful Stab+1","ReplayTheSpireMod:Speed Training","ReplayTheSpireMod:Scrap Shanks+1","Well Laid Plans+1","Backflip+1","ReplayTheSpireMod:Necrosis","Reflex+1","Purity"],"relics":["Ring of the Snake","Regal Pillow","Basket Of Snakes","Dota2Spire:BlackKingBar","Eternal Feather","Honey Jar","FossilizedHelix","Dota2Spire:DrumOfEndurance","War Paint","Dota2Spire:Bloodstone","Whetstone","Dota2Spire:UrnOfShadows","Dota2Spire:ArcaneBoots","Onion Ring","Lantern"],"acts_visited":["Exordium","TheCity","TheBeyond","TheEnding"],"potions_floor_usage":[29,31,33,33,39,41,45,45,46,47,48,50,51,51,55],"damage_taken":[{"damage":1.0,"enemies":"Small Slimes","floor":1.0,"turns":4.0},{"damage":6.0,"enemies":"Jaw Worm","floor":5.0,"turns":4.0},{"damage":0.0,"enemies":"Cultist","floor":7.0,"turns":2.0},{"damage":25.0,"enemies":"Lagavulin","floor":8.0,"turns":8.0},{"damage":3.0,"enemies":"Gremlin Nob","floor":12.0,"turns":3.0},{"damage":0.0,"enemies":"Red Slaver","floor":14.0,"turns":3.0},{"damage":0.0,"enemies":"Hexaghost","floor":16.0,"turns":8.0},{"damage":6.0,"enemies":"3 Byrds","floor":18.0,"turns":3.0},{"damage":0.0,"enemies":"Spheric Guardian","floor":19.0,"turns":3.0},{"damage":1.0,"enemies":"Snecko","floor":20.0,"turns":6.0},{"damage":23.0,"enemies":"Shelled Parasite and Fungi","floor":22.0,"turns":6.0},{"damage":4.0,"enemies":"Replay:Snechameleon","floor":23.0,"turns":6.0},{"damage":38.0,"enemies":"Book of Stabbing","floor":25.0,"turns":6.0},{"damage":0,"enemies":"3 Cultists","floor":29,"turns":3},{"damage":0,"enemies":"Snecko","floor":31,"turns":5},{"damage":0,"enemies":"Pondfish","floor":33,"turns":9},{"damage":0,"enemies":"Orb Walker","floor":35,"turns":3},{"damage":8,"enemies":"3 Darklings","floor":37,"turns":5},{"damage":15,"enemies":"4 Shapes","floor":39,"turns":5},{"damage":23,"enemies":"Nemesis","floor":41,"turns":11},{"damage":0,"enemies":"Maw","floor":45,"turns":4},{"damage":23,"enemies":"Reptomancer","floor":46,"turns":5},{"damage":0,"enemies":"Transient","floor":47,"turns":6},{"damage":0,"enemies":"Giant Head","floor":48,"turns":4},{"damage":13,"enemies":"Donu and Deca","floor":50,"turns":9},{"damage":42,"enemies":"Replay:Hell Engine","floor":51,"turns":10},{"damage":69,"enemies":"Shield and Spear","floor":55,"turns":3}],"seed_played":"-1978267605847957594","potions_obtained":[{"floor":7.0,"key":"Dota2Spire:HealingSalve"},{"floor":8.0,"key":"PowerPotion"},{"floor":20.0,"key":"Poison Potion"},{"floor":22.0,"key":"Fire Potion"},{"floor":25.0,"key":"FearPotion"},{"floor":27.0,"key":"Strength Potion"},{"floor":27.0,"key":"SneckoOil"},{"floor":29,"key":"SkillPotion"},{"floor":31,"key":"Weak Potion"},{"floor":37,"key":"Block Potion"},{"floor":41,"key":"LiquidMemories"},{"floor":46,"key":"Doom Potion"},{"floor":47,"key":"CunningPotion"},{"floor":48,"key":"AttackPotion"}],"is_trial":false,"path_per_floor":["M","?","$","?","M","R","M","E","T","R","$","E","?","M","R","B",null,"M","M","M","$","M","E","R","E","T","?","$","M","?","M","R","B",null,"M","?","M","?","M","R","E","R","T","R","M","E","M","E","R","B","B",null,"R","$","E"],"character_chosen":"THE_SILENT","items_purchased":["Accuracy","Accuracy+1","Lantern","Purity"],"campfire_rested":1,"item_purchase_floors":[3,28,54,54],"current_hp_per_floor":[58,58,58,58,52,52,52,27,27,27,27,24,24,24,33,33,58,52,52,51,51,37,33,45,7,7,7,7,7,7,7,56,56,64,64,64,56,56,41,59,36,54,54,66,66,43,43,43,64,51,9,52,66,66,0,0],"gold":5,"neow_bonus":"RANDOM_COMMON_RELIC","is_daily":false,"chose_seed":false,"campfire_upgraded":7,"win_rate":0.0,"timestamp":1608714744,"path_taken":["M","?","$","?","M","R","M","E","T","R","?","E","?","M","R","BOSS","M","M","?","?","M","E","R","E","T","?","$","?","?","M","R","BOSS","M","?","M","?","M","R","E","R","T","R","M","E","M","E","R","BOSS","BOSS","R","$","E"],"items_purchased_type":["Card","Card","Relic","Card"],"build_version":"2020-12-22","purchased_purges":3,"victory":false,"max_hp_per_floor":[66,66,66,66,66,66,66,66,66,66,66,66,66,66,66,66,66,66,66,66,66,66,66,66,66,66,66,66,66,66,66,66,66,66,66,66,66,66,66,66,66,66,66,66,66,66,66,66,66,66,66,66,66,66,66,66],"card_choices":[{"not_picked":["Dagger Spray","Dagger Throw"],"picked":"Blade Dance","floor":1.0},{"not_picked":["Underhanded Strike","Deflect","Backflip"],"picked":"SKIP","floor":5.0},{"not_picked":["ReplayTheSpireMod:The Works","Underhanded Strike"],"picked":"Footwork","floor":7.0},{"not_picked":["Calculated Gamble","Noxious Fumes"],"picked":"Blade Dance","floor":8.0},{"not_picked":["Prepared","Quick Slash"],"picked":"Leg Sweep","floor":12.0},{"not_picked":["Deadly Poison","Underhanded Strike","Noxious Fumes"],"picked":"SKIP","floor":14.0},{"not_picked":["Poison Darts","Die Die Die"],"picked":"Venomology","floor":16.0},{"not_picked":["Sucker Punch","Caltrops","Blade Dance"],"picked":"Deflect","floor":18.0},{"not_picked":["Hidden Blade","Slice","Backflip"],"picked":"Flechettes","floor":19.0},{"not_picked":["Venomology","Quick Slash","Flying Knee"],"picked":"Bane","floor":20.0},{"not_picked":["Backflip","Terror","Hidden Blade"],"picked":"Acrobatics+1","floor":22.0},{"not_picked":["Atom Bomb","Unload","Outmaneuver+1"],"picked":"ReplayTheSpireMod:Shiv Toss","floor":23.0},{"not_picked":["Blade Dance","Quick Slash","Flying Knee"],"picked":"Dash","floor":25.0},{"not_picked":["Slice","Deflect","Escape Plan"],"picked":"Replay:Poison Smokescreen+1","floor":29},{"not_picked":["Predator+1","ReplayTheSpireMod:The Works","Eviscerate"],"picked":"Tactician","floor":31},{"not_picked":["Glass Knife","ReplayTheSpireMod:Necrosis","Replay:Bag of Tricks"],"picked":"Burst","floor":33},{"not_picked":["Backflip","Dagger Spray","Poisoned Stab"],"picked":"Calculated Gamble","floor":35},{"not_picked":["Enlightenment","Metamorphosis","Replay:Parry"],"picked":"Thinking Ahead","floor":36},{"not_picked":["Quick Slash","Bane","Prepared"],"picked":"Masterful Stab+1","floor":37},{"not_picked":["Deadly Poison","Sneak Up","Poisoned Stab"],"picked":"ReplayTheSpireMod:Speed Training","floor":39},{"not_picked":["Dagger Spray+1","ReplayTheSpireMod:Exploit Weakness","Deadly Poison+1"],"picked":"ReplayTheSpireMod:Scrap Shanks","floor":41},{"not_picked":["Crippling Poison","Prepared","Hidden Blade"],"picked":"Well Laid Plans+1","floor":45},{"not_picked":["Slice","Bane","ReplayTheSpireMod:The Works"],"picked":"Backflip+1","floor":46},{"not_picked":["Noxious Fumes","Accuracy","Bane"],"picked":"ReplayTheSpireMod:Necrosis","floor":47},{"not_picked":["Flying Knee+1","Prepared+1","Fluid Movement+1"],"picked":"Reflex+1","floor":48}],"player_experience":2104968,"relics_obtained":[{"floor":8.0,"key":"Basket Of Snakes"},{"floor":9.0,"key":"Dota2Spire:BlackKingBar"},{"floor":12.0,"key":"Eternal Feather"},{"floor":23.0,"key":"FossilizedHelix"},{"floor":25.0,"key":"Dota2Spire:DrumOfEndurance"},{"floor":26.0,"key":"War Paint"},{"floor":41,"key":"Whetstone"},{"floor":46,"key":"Dota2Spire:UrnOfShadows"},{"floor":48,"key":"Dota2Spire:ArcaneBoots"},{"floor":49,"key":"Onion Ring"}],"event_choices":[{"damage_healed":0.0,"max_hp_gain":0.0,"max_hp_loss":0.0,"gold_gain":0.0,"cards_transformed":["Strike_G"],"event_name":"Living Wall","player_choice":"Change","floor":2.0,"gold_loss":0.0,"damage_taken":0.0,"cards_obtained":["Flying Knee"]},{"damage_healed":0.0,"max_hp_gain":0.0,"max_hp_loss":0.0,"gold_gain":0.0,"cards_transformed":["Strike_G"],"event_name":"Transmorgrifier","player_choice":"Transformed","floor":13.0,"gold_loss":0.0,"damage_taken":0.0,"cards_obtained":["Footwork"]},{"damage_healed":0.0,"max_hp_gain":0.0,"max_hp_loss":0.0,"gold_gain":0.0,"event_name":"Lab","player_choice":"Got Potions","floor":27.0,"gold_loss":0.0,"damage_taken":0.0},{"damage_healed":0,"gold_gain":0,"player_choice":"Memory 1","damage_taken":0,"max_hp_gain":0,"max_hp_loss":0,"event_name":"SensoryStone","floor":36,"gold_loss":0},{"damage_healed":0,"gold_gain":0,"player_choice":"Ignored","damage_taken":0,"max_hp_gain":0,"max_hp_loss":0,"event_name":"Tomb of Lord Red Mask","floor":38,"gold_loss":0}],"is_beta":false,"boss_relics":[{"not_picked":["Kintsugi","Snecko Scales"],"picked":"Honey Jar"},{"not_picked":["Replay:Wanted Poster","Replay:Drink Me"],"picked":"Dota2Spire:Bloodstone"}],"items_purged_floors":[11,21,54],"is_endless":false,"potions_floor_spawned":[7,8,12,20,22,25,29,31,37,41,46,47,48],"killed_by":"Shield and Spear","ascension_level":20}}