{"host":"7o30bgpqouqblh42","time":1608695111,"event":{"mods":["AchievementEnabler","Aspiration","BaseMod","Colored Map","Downfall","Highlight Path","Minty Spire (QoL Compilation)","StSLib","SuperFastMode"],"gold_per_floor":[118,129,54,54,68,68,82,97,97,97,123,137,147,165,165,261,311,328,328,328,231,254,254,269,269,293,310,338,338,338,31,31,31,31],"floor_reached":33,"playtime":1649,"items_purged":["Defend_R"],"score":270,"play_id":"32d39baf-c763-4482-b09f-bcfa28ad5ac7","local_time":"20201222224511","is_ascension_mode":true,"campfire_choices":[{"data":"Perfected Strike","floor":6,"key":"SMITH"},{"data":"Wild Strike","floor":15,"key":"SMITH"},{"data":"RitualDagger","floor":23,"key":"SMITH"},{"data":"Finesse","floor":25,"key":"SMITH"},{"floor":29,"key":"REST"},{"floor":32,"key":"REST"}],"circlet_count":0,"master_deck":["Strike_R","Strike_R","Strike_R","Strike_R","Strike_R","Defend_R","Defend_R","Bash","Perfected Strike+1","Wild Strike+1","Bloodletting","Dual Wield","Battle Trance","Thunderclap","Offering+1","Seeing Red","RitualDagger+1","Finesse+1","expansioncontent:DecasProtection"],"relics":["Burning Blood","NeowsBlessing","CultistMask","Sundial","Odd Mushroom","Tiny House","PrismaticShard","Vajra","Bottled Flame","Lizard Tail"],"acts_visited":["Exordium","TheCity"],"potions_floor_usage":[8,16,16,16,18,28],"damage_taken":[{"damage":0,"enemies":"Cultist","floor":1,"turns":1},{"damage":0,"enemies":"2 Louse","floor":2,"turns":1},{"damage":0,"enemies":"Small Slimes","floor":5,"turns":1},{"damage":11,"enemies":"3 Louse","floor":7,"turns":4},{"damage":1,"enemies":"Exordium Wildlife","floor":8,"turns":2},{"damage":30,"enemies":"The Mushroom Lair","floor":11,"turns":4},{"damage":8,"enemies":"Looter","floor":12,"turns":2},{"damage":7,"enemies":"3 Louse","floor":13,"turns":2},{"damage":6,"enemies":"Lots of Slimes","floor":14,"turns":4},{"damage":45,"enemies":"The Guardian","floor":16,"turns":7},{"damage":9,"enemies":"Shell Parasite","floor":18,"turns":2},{"damage":19,"enemies":"3 Byrds","floor":24,"turns":4},{"damage":15,"enemies":"Sentry and Sphere","floor":27,"turns":3},{"damage":42,"enemies":"Book of Stabbing","floor":28,"turns":4},{"damage":116,"enemies":"Automaton","floor":33,"turns":6}],"seed_played":"2694782476739055052","potions_obtained":[{"floor":5,"key":"FearPotion"},{"floor":7,"key":"Fire Potion"},{"floor":12,"key":"FearPotion"},{"floor":13,"key":"Fire Potion"},{"floor":14,"key":"Block Potion"},{"floor":17,"key":"SkillPotion"},{"floor":18,"key":"SpeedPotion"},{"floor":27,"key":"Weak Potion"},{"floor":28,"key":"ElixirPotion"}],"is_trial":false,"path_per_floor":["M","M","$","?","M","R","M","M","T","?","?","M","M","M","R","B",null,"M","?","?","$","T","R","M","R","T","M","E","R","?","$","R","B"],"character_chosen":"IRONCLAD","items_purchased":["Finesse","Lizard Tail"],"campfire_rested":2,"item_purchase_floors":[21,31],"current_hp_per_floor":[80,80,80,80,80,80,75,80,80,80,56,54,53,53,53,14,85,82,74,68,68,68,68,55,55,55,46,10,35,35,35,60,0,0],"gold":31,"neow_bonus":"THREE_ENEMY_KILL","is_daily":false,"chose_seed":false,"campfire_upgraded":4,"win_rate":0.0,"timestamp":1608695111,"path_taken":["M","?","$","?","?","R","M","M","T","?","?","M","M","?","R","BOSS","M","?","?","$","?","R","M","R","T","M","E","R","?","$","R","BOSS"],"items_purchased_type":["Card","Relic"],"build_version":"2020-12-13","purchased_purges":1,"victory":false,"max_hp_per_floor":[80,80,80,80,80,80,80,80,80,80,80,80,80,80,80,80,85,85,85,85,85,85,85,85,85,85,85,85,85,85,85,85,85,85],"card_choices":[{"not_picked":["Cleave","Warcry"],"picked":"Perfected Strike","floor":1},{"not_picked":["Flame Barrier","Anger"],"picked":"Wild Strike","floor":2},{"not_picked":["Dropkick","Twin Strike","Pummel"],"picked":"SKIP","floor":5},{"not_picked":["Evolve","Dark Embrace"],"picked":"Bloodletting","floor":7},{"not_picked":["Dark Embrace","Disarm"],"picked":"Dual Wield","floor":8},{"not_picked":["Sword Boomerang","Inflame"],"picked":"Battle Trance","floor":11},{"not_picked":["Berserk","Intimidate"],"picked":"Thunderclap","floor":12},{"not_picked":["Disarm","Pummel","Evolve"],"picked":"SKIP","floor":13},{"not_picked":["Pommel Strike","Warcry","Clash"],"picked":"SKIP","floor":14},{"not_picked":["Impervious","Barricade"],"picked":"Offering","floor":16},{"not_picked":["Clash","Second Wind","Cleave+1"],"picked":"SKIP","floor":18},{"not_picked":["Twin Strike","Fire Breathing"],"picked":"Seeing Red","floor":19},{"not_picked":["Corruption","Bane","hexamod:SkipABeat"],"picked":"SKIP","floor":24},{"not_picked":["sneckomod:UnknownExhaust","EmptyFist","Clothesline"],"picked":"SKIP","floor":27},{"not_picked":["Clothesline","Chaos","sneckomod:DiceBlock+1"],"picked":"SKIP","floor":28}],"player_experience":97159,"relics_obtained":[{"floor":9,"key":"Sundial"},{"floor":11,"key":"Odd Mushroom"},{"floor":19,"key":"PrismaticShard"},{"floor":26,"key":"Vajra"},{"floor":28,"key":"Bottled Flame"}],"event_choices":[{"damage_healed":0,"gold_gain":0,"player_choice":"Trade","damage_taken":0,"relics_obtained":["CultistMask"],"max_hp_gain":0,"max_hp_loss":0,"event_name":"FaceTrader","floor":4,"gold_loss":0},{"cards_removed":["Defend_R"],"damage_healed":0,"gold_gain":0,"player_choice":"Forget","damage_taken":0,"max_hp_gain":0,"max_hp_loss":0,"event_name":"Living Wall","floor":10,"gold_loss":0},{"damage_healed":0,"gold_gain":0,"player_choice":"Fought Mushrooms","damage_taken":0,"max_hp_gain":0,"max_hp_loss":0,"event_name":"Mushrooms","floor":11,"gold_loss":0},{"damage_healed":0,"gold_gain":0,"player_choice":"Joined the Cult","damage_taken":6,"max_hp_gain":0,"max_hp_loss":0,"event_name":"Nest","floor":20,"gold_loss":0,"cards_obtained":["RitualDagger"]},{"damage_healed":0,"gold_gain":0,"player_choice":"1 cards matched","damage_taken":0,"max_hp_gain":0,"max_hp_loss":0,"event_name":"Match and Keep!","floor":30,"gold_loss":0,"cards_obtained":["expansioncontent:DecasProtection"]}],"is_beta":false,"boss_relics":[{"not_picked":["SacredBark","Runic Dome"],"picked":"Tiny House"}],"items_purged_floors":[3],"is_endless":false,"potions_floor_spawned":[5,7,12,13,14,18,27,28],"killed_by":"Automaton","ascension_level":1}}