{"host":"mqhvlr3kpxebko0t","time":1608730500,"event":{"mods":["AchievementEnabler","BaseMod","Colored Map","Keyboard Shortcuts","Minty Spire (QoL Compilation)","StSLib","SuperFastMode"],"gold_per_floor":[118,193,203,203,219,219,252,252,252,263,188,207,218,232,232,310,310,325,250,250,61,73,73,73],"floor_reached":23,"playtime":299,"items_purged":["Strike_G","Strike_G"],"score":437,"play_id":"76a2ce43-db49-41ab-a8a2-9dc9899203fb","local_time":"20201223223500","is_ascension_mode":true,"campfire_choices":[{"data":"Deadly Poison","floor":6.0,"key":"SMITH"},{"data":"Catalyst","floor":8.0,"key":"SMITH"},{"data":"Deadly Poison","floor":15.0,"key":"SMITH"}],"circlet_count":0,"master_deck":["AscendersBane","Strike_G","Defend_G","Defend_G","Defend_G","Defend_G","Defend_G","Survivor","Neutralize","Deadly Poison+1","Masterful Stab","Catalyst+1","Backflip","Deadly Poison+1","PiercingWail","Burst","Backflip","Crippling Poison"],"relics":["Ring of the Serpent","StrikeDummy"],"acts_visited":["Exordium","TheCity"],"potions_floor_usage":[22],"damage_taken":[{"damage":0.0,"enemies":"Jaw Worm","floor":1.0,"turns":4.0},{"damage":0.0,"enemies":"2 Louse","floor":3.0,"turns":3.0},{"damage":0.0,"enemies":"Small Slimes","floor":5.0,"turns":2.0},{"damage":19.0,"enemies":"Gremlin Nob","floor":7.0,"turns":4.0},{"damage":0.0,"enemies":"Blue Slaver","floor":10.0,"turns":3.0},{"damage":12.0,"enemies":"Exordium Thugs","floor":12.0,"turns":6.0},{"damage":0.0,"enemies":"Exordium Wildlife","floor":13.0,"turns":2.0},{"damage":0.0,"enemies":"Looter","floor":14.0,"turns":2.0},{"damage":0.0,"enemies":"Slime Boss","floor":16.0,"turns":3.0},{"damage":45,"enemies":"3 Byrds","floor":18,"turns":7},{"damage":0,"enemies":"Chosen","floor":22,"turns":3},{"damage":0,"enemies":"Slavers","floor":23,"turns":1}],"seed_played":"6792875164771313553","potions_obtained":[{"floor":5.0,"key":"SpeedPotion"},{"floor":10.0,"key":"SkillPotion"},{"floor":18,"key":"Swift Potion"},{"floor":20,"key":"EntropicBrew"}],"is_trial":false,"path_per_floor":["M","?","M","?","M","R","E","R","T","M","$","M","M","M","R","B",null,"M","?","?","$","M","E"],"character_chosen":"THE_SILENT","items_purchased":["Crippling Poison"],"campfire_rested":0,"item_purchase_floors":[21],"current_hp_per_floor":[59,48,48,41,41,41,22,22,22,22,22,10,10,10,10,10,52,7,7,7,7,7,7,7],"gold":73,"neow_bonus":"THREE_CARDS","is_daily":false,"chose_seed":false,"campfire_upgraded":3,"win_rate":0.0,"timestamp":1608730500,"path_taken":["M","?","M","?","M","R","E","R","T","M","$","M","M","M","R","BOSS","M","?","?","$","?","E"],"items_purchased_type":["Card"],"build_version":"2020-12-22","purchased_purges":2,"victory":false,"max_hp_per_floor":[66,66,66,66,66,66,66,66,66,66,66,66,66,66,66,66,66,66,66,66,66,66,66,66],"card_choices":[{"not_picked":["Flying Knee","Bane"],"picked":"Deadly Poison","floor":0.0},{"not_picked":["PiercingWail","Infinite Blades"],"picked":"Masterful Stab","floor":1.0},{"not_picked":["Bane","Quick Slash"],"picked":"Catalyst","floor":3.0},{"not_picked":["Slice","Deflect","Blade Dance"],"picked":"SKIP","floor":5.0},{"not_picked":["Unload","Blade Dance"],"picked":"Backflip","floor":7.0},{"not_picked":["Prepared","Slice","Flying Knee"],"picked":"SKIP","floor":10.0},{"not_picked":["Quick Slash","Deflect"],"picked":"Deadly Poison","floor":12.0},{"not_picked":["Flechettes","Deflect","Envenom"],"picked":"SKIP","floor":13.0},{"not_picked":["Prepared","Leg Sweep"],"picked":"PiercingWail","floor":14.0},{"not_picked":["Die Die Die","Corpse Explosion"],"picked":"Burst","floor":16.0},{"not_picked":["Underhanded Strike","Riddle With Holes"],"picked":"Backflip","floor":18},{"not_picked":["Setup+1","Distraction","Prepared"],"picked":"SKIP","floor":22}],"player_experience":679093,"relics_obtained":[{"floor":9.0,"key":"StrikeDummy"}],"event_choices":[{"damage_healed":0.0,"max_hp_gain":0.0,"max_hp_loss":0.0,"gold_gain":75.0,"event_name":"World of Goop","player_choice":"Gather Gold","floor":2.0,"gold_loss":0.0,"damage_taken":11.0},{"cards_removed":["Strike_G"],"damage_healed":0.0,"max_hp_gain":0.0,"max_hp_loss":0.0,"gold_gain":0.0,"event_name":"Golden Wing","player_choice":"Card Removal","floor":4.0,"gold_loss":0.0,"damage_taken":7.0},{"cards_removed":["Strike_G"],"damage_healed":0,"gold_gain":0,"player_choice":"Gave Gold","damage_taken":0,"max_hp_gain":0,"max_hp_loss":0,"event_name":"Beggar","floor":19,"gold_loss":75},{"damage_healed":0,"gold_gain":0,"player_choice":"Got Potions","damage_taken":0,"max_hp_gain":0,"max_hp_loss":0,"event_name":"Lab","floor":20,"gold_loss":0}],"is_beta":false,"boss_relics":[{"not_picked":["Cursed Key","SacredBark"],"picked":"Ring of the Serpent"}],"items_purged_floors":[11,21],"is_endless":false,"potions_floor_spawned":[5,10,13,14,18],"killed_by":"Slavers","ascension_level":16}}