{"host":"h8k9dndf1ns7wsjc","time":1608765970,"event":{"mods":["2.2 Compatiblity","AchievementEnabler","Act Like it!","BaseMod","Better Altar","Better Skull","Better Vampires","BetterRewards","Communication Mod","Minty Spire (QoL Compilation)","Permanent Neow","Remove Card Discount Mod","Spicy Shops","StSLib"],"gold_per_floor":[369,381,210,222,222,222,254,254,254,284,459,120,120,132,132,229,229,241,256,98,98,111,111,138,138,165,177,202,214,257,281,293,408,420,450,209,222,17,0,0,13,13,92,92,107,107,107,107,107,107],"floor_reached":51,"playtime":2873,"items_purged":["Doubt","Strike_G","Defend_G","Strike_G","Defend_G","Strike_G","Strike_G","Strike_G","Prepared","Sucker Punch","Defend_G+1","Finisher","Dash","Setup+1"],"score":916,"play_id":"984e1cb2-a85f-48d9-9af4-0ef9de5fea41","local_time":"20201224002610","is_ascension_mode":true,"campfire_choices":[{"floor":6,"key":"REST"},{"data":"Neutralize","floor":8,"key":"SMITH"},{"floor":15,"key":"REST"},{"floor":23,"key":"REST"},{"data":"Infinite Blades","floor":27,"key":"SMITH"},{"data":"Setup","floor":29,"key":"SMITH"},{"data":"Noxious Fumes","floor":32,"key":"SMITH"},{"floor":40,"key":"REST"},{"data":"Infinite Blades","floor":42,"key":"SMITH"},{"data":"Infinite Blades","floor":44,"key":"SMITH"},{"data":"Burst","floor":46,"key":"SMITH"},{"data":"Accuracy","floor":49,"key":"SMITH"}],"circlet_count":0,"master_deck":["Defend_G+1","Defend_G+1","Survivor","Neutralize+1","Blade Dance","Infinite Blades+1","Cloak And Dagger","Crippling Poison","Backflip","Accuracy+1","Infinite Blades+1","Burst+1","Cloak And Dagger","Blade Dance","Footwork","PiercingWail+1","Noxious Fumes+1","After Image","Acrobatics+1","Backflip","Infinite Blades+1","Secret Technique","Metamorphosis","Trip"],"relics":["Ring of the Snake","Orrery","Meat on the Bone","Ice Cream","HornCleat","Lizard Tail","Torii","ClockworkSouvenir","Ornamental Fan","WristBlade","Chemical X","Eternal Feather","Enchiridion","MawBank","FossilizedHelix","Philosopher\u0027s Stone","Membership Card","TwistedFunnel","Shuriken","Dream Catcher","Red Mask","Letter Opener"],"acts_visited":["Exordium","TheCity","TheBeyond"],"potions_floor_usage":[10,14,22,33,50],"damage_taken":[{"damage":2,"enemies":"Cultist","floor":1,"turns":4},{"damage":7,"enemies":"2 Louse","floor":2,"turns":2},{"damage":2,"enemies":"Jaw Worm","floor":4,"turns":4},{"damage":6,"enemies":"Lagavulin","floor":7,"turns":7},{"damage":5,"enemies":"Gremlin Nob","floor":10,"turns":4},{"damage":1,"enemies":"Large Slime","floor":14,"turns":3},{"damage":31,"enemies":"The Guardian","floor":16,"turns":13},{"damage":6,"enemies":"3 Byrds","floor":18,"turns":5},{"damage":1,"enemies":"Spheric Guardian","floor":19,"turns":5},{"damage":20,"enemies":"Centurion and Healer","floor":22,"turns":4},{"damage":5,"enemies":"Book of Stabbing","floor":24,"turns":6},{"damage":1,"enemies":"Snake Plant","floor":28,"turns":4},{"damage":0,"enemies":"Gremlin Leader","floor":30,"turns":6},{"damage":0,"enemies":"Snecko","floor":31,"turns":4},{"damage":18,"enemies":"Automaton","floor":33,"turns":7},{"damage":11,"enemies":"3 Shapes","floor":35,"turns":4},{"damage":12,"enemies":"3 Darklings","floor":37,"turns":3},{"damage":0,"enemies":"Sphere and 2 Shapes","floor":41,"turns":4},{"damage":0,"enemies":"Transient","floor":45,"turns":5},{"damage":1,"enemies":"Awakened One","floor":50,"turns":6}],"seed_played":"-6245405861046617271","potions_obtained":[{"floor":2,"key":"Fire Potion"},{"floor":7,"key":"Energy Potion"},{"floor":14,"key":"FairyPotion"},{"floor":16,"key":"CultistPotion"},{"floor":18,"key":"PowerPotion"},{"floor":28,"key":"CunningPotion"},{"floor":35,"key":"CunningPotion"}],"is_trial":false,"path_per_floor":["M","M","$","M","?","R","E","R","T","E","?","$","T","M","R","B",null,"M","M","$","?","M","R","E","?","T","R","M","R","E","M","R","B",null,"M","$","M","$","?","R","M","R","T","R","M","R","?","?","R","B",null],"character_chosen":"THE_SILENT","items_purchased":["Infinite Blades","Orrery","Infinite Blades","Torii","ClockworkSouvenir","Footwork","Chemical X","Membership Card","Backflip","TwistedFunnel","Shuriken","Dream Catcher"],"campfire_rested":4,"item_purchase_floors":[3,3,12,12,12,20,20,36,36,36,38,38],"current_hp_per_floor":[43,36,36,34,31,52,46,46,46,41,41,41,41,40,61,42,63,57,56,56,56,36,57,52,36,36,48,47,59,59,59,70,52,66,55,55,43,43,43,70,70,70,70,70,70,70,60,60,70,69],"gold":107,"neow_bonus":"TWO_FIFTY_GOLD","is_daily":false,"chose_seed":false,"campfire_upgraded":8,"win_rate":0.0,"timestamp":1608765970,"path_taken":["M","?","$","M","?","R","E","R","T","E","?","$","?","M","R","BOSS","M","M","$","?","M","R","E","?","T","R","M","R","E","M","R","BOSS","M","$","M","$","?","R","M","R","T","R","M","R","?","?","R","BOSS"],"items_purchased_type":["Card","Relic","Card","Relic","Relic","Card","Relic","Relic","Card","Relic","Relic","Relic"],"build_version":"2020-12-22","purchased_purges":14,"victory":true,"max_hp_per_floor":[70,70,70,70,70,70,70,70,70,70,70,70,70,70,70,70,70,70,70,70,70,70,70,70,70,70,70,70,70,70,70,70,70,70,70,70,70,70,70,70,70,70,70,70,70,70,70,70,70,70],"card_choices":[{"not_picked":["Deflect","Blur"],"picked":"Blade Dance","floor":1},{"not_picked":["Dagger Spray","Flying Knee"],"picked":"Sucker Punch","floor":2},{"not_picked":["Skewer","Catalyst"],"picked":"Dash","floor":3},{"not_picked":["Quick Slash","Dash"],"picked":"Cloak And Dagger","floor":3},{"not_picked":["Choke","Quick Slash"],"picked":"Crippling Poison","floor":3},{"not_picked":["Quick Slash","Storm of Steel"],"picked":"Backflip","floor":3},{"not_picked":["Deflect","Underhanded Strike"],"picked":"Setup","floor":3},{"not_picked":["Dodge and Roll","Bane"],"picked":"Prepared","floor":4},{"not_picked":["Backflip","Bullet Time"],"picked":"Finisher","floor":7},{"not_picked":["Cloak And Dagger","Acrobatics"],"picked":"Accuracy","floor":10},{"not_picked":["Escape Plan","Crippling Poison"],"picked":"PiercingWail","floor":14},{"not_picked":["Die Die Die","Night Terror"],"picked":"Burst","floor":16},{"not_picked":["Masterful Stab","Slice+1"],"picked":"Cloak And Dagger","floor":18},{"not_picked":["Escape Plan+1","PiercingWail+1"],"picked":"Blade Dance","floor":19},{"not_picked":["Outmaneuver+1","Deflect+1","Backstab"],"picked":"SKIP","floor":22},{"not_picked":["Wraith Form v2","Escape Plan+1"],"picked":"PiercingWail+1","floor":24},{"not_picked":["Poisoned Stab","Tactician","Quick Slash+1"],"picked":"SKIP","floor":28},{"not_picked":["Bullet Time","PiercingWail","Tactician+1"],"picked":"SKIP","floor":30},{"not_picked":["Choke+1","Dagger Spray"],"picked":"Noxious Fumes","floor":31},{"not_picked":["Tools of the Trade","Unload"],"picked":"After Image","floor":33},{"not_picked":["Tactician","Dagger Throw"],"picked":"Acrobatics+1","floor":35},{"not_picked":["Setup","Quick Slash+1","Deflect+1"],"picked":"SKIP","floor":37},{"not_picked":["Backflip+1","Slice+1"],"picked":"Infinite Blades","floor":40},{"not_picked":["Dodge and Roll","Deadly Poison+1","Quick Slash+1"],"picked":"SKIP","floor":41},{"not_picked":["Leg Sweep+1","Blur+1","Sucker Punch+1"],"picked":"SKIP","floor":45},{"not_picked":["Finesse","Secret Weapon"],"picked":"Secret Technique","floor":47},{"not_picked":["Magnetism","Deep Breath"],"picked":"Metamorphosis","floor":47},{"not_picked":["Dark Shackles","Panacea"],"picked":"Trip","floor":47}],"player_experience":427116,"relics_obtained":[{"floor":7,"key":"Ice Cream"},{"floor":9,"key":"HornCleat"},{"floor":10,"key":"Lizard Tail"},{"floor":13,"key":"Ornamental Fan"},{"floor":24,"key":"Eternal Feather"},{"floor":25,"key":"Enchiridion"},{"floor":26,"key":"MawBank"},{"floor":30,"key":"FossilizedHelix"},{"floor":43,"key":"Letter Opener"}],"event_choices":[{"damage_healed":0,"gold_gain":0,"player_choice":"Success","damage_taken":3,"relics_obtained":["Meat on the Bone"],"max_hp_gain":0,"max_hp_loss":0,"event_name":"Scrap Ooze","floor":5,"gold_loss":0},{"damage_healed":0,"gold_gain":175,"player_choice":"AGREE","damage_taken":0,"max_hp_gain":0,"max_hp_loss":0,"event_name":"Liars Game","floor":11,"gold_loss":0,"cards_obtained":["Doubt"]},{"damage_healed":0,"gold_gain":0,"player_choice":"Simplicity","damage_taken":0,"max_hp_gain":0,"max_hp_loss":0,"event_name":"Back to Basics","floor":21,"gold_loss":0,"cards_upgraded":["Defend_G","Defend_G","Defend_G"]},{"damage_healed":0,"gold_gain":0,"player_choice":"Obtained Book","damage_taken":16,"max_hp_gain":0,"max_hp_loss":0,"event_name":"Cursed Tome","floor":25,"gold_loss":0},{"damage_healed":0,"gold_gain":0,"player_choice":"Paid","damage_taken":0,"relics_obtained":["Red Mask"],"max_hp_gain":0,"max_hp_loss":0,"event_name":"Tomb of Lord Red Mask","floor":39,"gold_loss":17},{"damage_healed":0,"gold_gain":0,"player_choice":"Memory 3","damage_taken":10,"max_hp_gain":0,"max_hp_loss":0,"event_name":"SensoryStone","floor":47,"gold_loss":0},{"cards_removed":["PiercingWail"],"damage_healed":0,"gold_gain":0,"player_choice":"Removed Skill","damage_taken":0,"max_hp_gain":0,"max_hp_loss":0,"event_name":"Falling","floor":48,"gold_loss":0}],"is_beta":false,"boss_relics":[{"not_picked":["HoveringKite","SacredBark"],"picked":"WristBlade"},{"not_picked":["Runic Pyramid","Ring of the Serpent"],"picked":"Philosopher\u0027s Stone"}],"items_purged_floors":[12,12,12,12,12,20,20,20,20,20,36,36,36,36],"is_endless":false,"potions_floor_spawned":[2,7,14,16,18,28,30,35,45],"ascension_level":6}}