{"host":"8e68pzgs4bln6t6e","time":1608687104,"event":{"mods":["AchievementEnabler","Act Like it!","BaseMod","Better Note","BetterRewards","Colored Powertips","Googly Eyes","Hallownest","Hubris","Jorbs\u0027s Wanderer Trilogy","Marisa????????","Minty Spire (QoL Compilation)","Quick Restart","Rare Cards Sparkle","Replay The Spire","Shop Mod","StSLib","The Animator","The Bug Knight","The Cursed","The Disciple","The Hierophant","The Servant 0.9.4"],"gold_per_floor":[367,128,139,139,82,82,114,114,114,114,133,133,133,58,58,178,178,197,197,211,211,136,196,210,236,236,236,236,236,9,9,9,25,25,126,126,143,163,181,181,191,218,218,236,236,267,267,267],"floor_reached":47,"playtime":12385,"items_purged":["Injury"],"score":619,"play_id":"29930eac-0a0e-4fa5-8ee5-4162963ff4ef","local_time":"20201223023144","is_ascension_mode":false,"campfire_choices":[{"data":"Recycle","floor":6.0,"key":"SMITH"},{"floor":8.0,"key":"REST"},{"floor":15.0,"key":"REST"},{"data":"ReplayRNGCard","floor":27.0,"key":"SMITH"},{"floor":34.0,"key":"REST"},{"floor":43,"key":"RECALL"}],"circlet_count":0,"master_deck":["Strike_B","Strike_B","Strike_B","Strike_B","Defend_B","Defend_B+1","Defend_B","Defend_B","Zap","Dualcast+1","Midas Touch+1","Conserve Battery","Reinforced Body","Buffer+1","ReplayRNGCard+1","Cold Snap+1","Panic Button","Redo","Skim","Chaos","Loop","Rainbow","Rebound+1","Turbo","ReplayRNGCard","Loop+1"],"relics":["Cracked Core","hubris:DisguiseKit","Pondfish Scales","Bloody Idol","hubris:SoftwareUpdate","Nuclear Battery","ReplayTheSpireMod:Lightbulb","ReplayTheSpireMod:Ninjato","War Paint","Happy Flower","Nilry\u0027s Codex","Iron Hammer","Sozu","Bronze Scales","Potion Belt"],"acts_visited":["Exordium","TheCity","TheBeyond"],"potions_floor_usage":[42],"damage_taken":[{"damage":1.0,"enemies":"Cultist","floor":1.0,"turns":3.0},{"damage":8.0,"enemies":"Small Slimes","floor":3.0,"turns":3.0},{"damage":51.0,"enemies":"Gremlin Nob","floor":7.0,"turns":6.0},{"damage":0.0,"enemies":"2 Louse","floor":11.0,"turns":2.0},{"damage":25.0,"enemies":"Slime Boss","floor":16.0,"turns":13.0},{"damage":0.0,"enemies":"3 Byrds","floor":18.0,"turns":5.0},{"damage":7.0,"enemies":"Spheric Guardian","floor":20.0,"turns":10.0},{"damage":2.0,"enemies":"Replay:Snechameleon","floor":23.0,"turns":8.0},{"damage":27.0,"enemies":"Cultist and Chosen","floor":24.0,"turns":11.0},{"damage":4.0,"enemies":"Slavers","floor":25.0,"turns":7.0},{"damage":0.0,"enemies":"Snecko","floor":33.0,"turns":3.0},{"damage":0.0,"enemies":"Champ","floor":35.0,"turns":7.0},{"damage":0.0,"enemies":"Orb Walker","floor":37.0,"turns":3.0},{"damage":6.0,"enemies":"3 Shapes","floor":38.0,"turns":4.0},{"damage":0.0,"enemies":"Transient","floor":39.0,"turns":5.0},{"damage":0,"enemies":"Maw","floor":41,"turns":4},{"damage":0,"enemies":"HollowMod:StalkingDevout","floor":42,"turns":9},{"damage":21,"enemies":"Writhing Mass","floor":44,"turns":5},{"damage":51,"enemies":"Reptomancer","floor":46,"turns":8},{"damage":30,"enemies":"Spire Growth","floor":47,"turns":4}],"seed_played":"-4757834588211055678","potions_obtained":[{"floor":3.0,"key":"SteroidPotion"},{"floor":7.0,"key":"Dexterity Potion"},{"floor":23.0,"key":"SkillPotion"},{"floor":33.0,"key":"Elixir"}],"is_trial":false,"path_per_floor":["M","$","M","?","$","R","E","R","T","?","M","?","T","$","R","B",null,"M","?","M","?","?","E","M","E","T","R","PTL","PTL","$","?","?","M","R","B",null,"M","M","M","?","M","E","R","M","T","E","M"],"character_chosen":"DEFECT","items_purchased":["Midas Touch","Conserve Battery","Reinforced Body","Happy Flower","Chaos"],"campfire_rested":3,"item_purchase_floors":[2,2,5,30,30],"current_hp_per_floor":[74,74,66,66,66,66,15,37,37,37,37,37,37,37,59,34,75,75,75,68,68,68,75,53,54,54,54,54,54,54,38,38,43,65,70,75,75,74,75,75,75,75,75,59,59,13,0,0],"gold":267,"neow_bonus":"TWO_FIFTY_GOLD","is_daily":false,"chose_seed":false,"campfire_upgraded":2,"win_rate":0.0,"timestamp":1608687104,"path_taken":["M","$","M","?","$","R","E","R","T","?","M","?","?","?","R","BOSS","M","?","M","?","?","E","?","E","T","R","PTL","PTL","$","?","?","M","R","BOSS","M","M","?","?","M","E","R","M","T","E","?"],"items_purchased_type":["Card","Card","Card","Relic","Card"],"build_version":"2020-12-13","purchased_purges":1,"victory":false,"max_hp_per_floor":[75,75,75,75,75,75,75,75,75,75,75,75,75,75,75,75,75,75,75,75,75,75,75,75,75,75,75,75,75,75,75,75,75,75,75,75,75,75,75,75,75,75,75,75,75,75,75,75],"card_choices":[{"not_picked":["Consume","Stack","Go for the Eyes"],"picked":"SKIP","floor":1.0},{"not_picked":["Barrage","Hologram"],"picked":"Recycle","floor":3.0},{"not_picked":["Loop","Panic Button"],"picked":"Buffer","floor":7.0},{"not_picked":["Blizzard","Gash","ReplayTheSpireMod:Repulse","Blade Dance"],"picked":"SKIP","floor":11.0},{"not_picked":["Core Surge","hubris:Prefetch","Corpse Explosion"],"picked":"ReplayRNGCard","floor":16.0},{"not_picked":["Compile Driver","White Noise","Draining Mist"],"picked":"Cold Snap+1","floor":18.0},{"not_picked":["Sweeping Beam","Beam Cell","Quick Slash"],"picked":"Panic Button","floor":20.0},{"not_picked":["ReplaySolidLightProjector","Gash+1","Stack+1","Flechettes"],"picked":"SKIP","floor":23.0},{"not_picked":["Gash","hubris:PowerSurge","Dagger Throw"],"picked":"Redo","floor":24.0},{"not_picked":["Beam Cell+1","Sweeping Beam+1","Tactician"],"picked":"Skim","floor":25.0},{"not_picked":["Sweeping Beam","Go for the Eyes","Caltrops"],"picked":"Loop","floor":33.0},{"not_picked":["hubris:SpecializedCircuitry","Electrodynamics","Envenom"],"picked":"Rainbow","floor":35.0},{"not_picked":["Coolheaded+1","Cold Snap+1","Backflip"],"picked":"Rebound+1","floor":37.0},{"not_picked":["Steam+1","Heatsinks+1","Genetic Algorithm+1","Riddle With Holes"],"picked":"SKIP","floor":38.0},{"not_picked":["Recycle+1","Steam+1","Rip and Tear","Predator"],"picked":"SKIP","floor":39.0},{"not_picked":["Stack+1","Go for the Eyes+1","Dodge and Roll"],"picked":"Turbo","floor":41},{"not_picked":["ReplayTheSpireMod:System Scan+1","ReplaySolidLightProjector+1","Go for the Eyes","ReplayTheSpireMod:From All Sides"],"picked":"SKIP","floor":42},{"not_picked":["Heatsinks+1","Ball Lightning","Hidden Blade"],"picked":"ReplayRNGCard","floor":44},{"not_picked":["Streamline+1","ReplayTheSpireMod:Calculation Training","Blur"],"picked":"Loop+1","floor":46}],"player_experience":214475,"relics_obtained":[{"floor":7.0,"key":"hubris:DisguiseKit"},{"floor":9.0,"key":"Pondfish Scales"},{"floor":13.0,"key":"hubris:SoftwareUpdate"},{"floor":23.0,"key":"ReplayTheSpireMod:Lightbulb"},{"floor":25.0,"key":"ReplayTheSpireMod:Ninjato"},{"floor":26.0,"key":"War Paint"},{"floor":31.0,"key":"Nilry\u0027s Codex"},{"floor":42,"key":"Bronze Scales"},{"floor":46,"key":"Potion Belt"}],"event_choices":[{"damage_healed":0.0,"max_hp_gain":0.0,"max_hp_loss":0.0,"gold_gain":0.0,"event_name":"Golden Idol","player_choice":"Take Wound","floor":10.0,"gold_loss":0.0,"damage_taken":0.0,"relics_obtained":["Golden Idol"],"cards_obtained":["Injury"]},{"damage_healed":0.0,"max_hp_gain":0.0,"max_hp_loss":0.0,"gold_gain":0.0,"event_name":"Living Wall","player_choice":"Grow","floor":12.0,"gold_loss":0.0,"damage_taken":0.0,"cards_upgraded":["Buffer"]},{"cards_removed":["Zap"],"damage_healed":0.0,"max_hp_gain":0.0,"max_hp_loss":0.0,"gold_gain":0.0,"event_name":"betterNote:BetterNote","player_choice":"Give","floor":19.0,"gold_loss":0.0,"damage_taken":0.0,"cards_obtained":["Defend_B"]},{"damage_healed":0.0,"max_hp_gain":0.0,"max_hp_loss":0.0,"gold_gain":0.0,"event_name":"Forgotten Altar","player_choice":"Gave Idol","floor":21.0,"relics_lost":["Golden Idol"],"gold_loss":0.0,"damage_taken":0.0,"relics_obtained":["Bloody Idol"]},{"cards_removed":["Replay:Sluggish"],"damage_healed":0.0,"max_hp_gain":0.0,"max_hp_loss":0.0,"gold_gain":0.0,"event_name":"Beggar","player_choice":"Gave Gold","floor":22.0,"gold_loss":75.0,"damage_taken":0.0},{"damage_healed":0.0,"max_hp_gain":0.0,"max_hp_loss":0.0,"gold_gain":0.0,"event_name":"Cursed Tome","player_choice":"Obtained Book","floor":31.0,"gold_loss":0.0,"damage_taken":16.0},{"cards_removed":["Recycle"],"damage_healed":0.0,"max_hp_gain":0.0,"max_hp_loss":0.0,"gold_gain":0.0,"event_name":"WeMeetAgain","player_choice":"Gave Card","floor":32.0,"gold_loss":0.0,"damage_taken":0.0,"relics_obtained":["Iron Hammer"]},{"damage_healed":0.0,"max_hp_gain":0.0,"max_hp_loss":0.0,"gold_gain":0.0,"event_name":"SecretPortal","player_choice":"Ignored","floor":40.0,"gold_loss":0.0,"damage_taken":0.0}],"is_beta":false,"boss_relics":[{"not_picked":["Calling Bell","Replay:Bronze Core"],"picked":"Nuclear Battery"},{"not_picked":["ReplayTheSpireMod:DimensionalGlitch","Snecko Eye"],"picked":"Sozu"}],"items_purged_floors":[14],"is_endless":false,"potions_floor_spawned":[3,7,23,33,38,39,41],"killed_by":"Spire Growth","ascension_level":0}}