{"host":"lpze9ywvzk5bsxql","time":1608707472,"event":{"mods":["2.2 Compatiblity","BaseMod","Bestiary","Better Third Choice","Colored Map","Downfall","Hermit","Ironclad Rager","Minty Spire (QoL Compilation)","Replay The Spire","StSLib"],"gold_per_floor":[118,142,153,167,187,222,222,222,297,297,315,315,332,361,361,361,361],"floor_reached":16,"playtime":1736,"items_purged":[],"score":129,"play_id":"aee2616d-5e4e-4e81-b28d-86fa14f1e64f","local_time":"20201223081112","is_ascension_mode":true,"campfire_choices":[{"floor":7,"key":"REST"},{"floor":12,"key":"REST"},{"floor":15,"key":"REST"}],"circlet_count":0,"master_deck":["Strike_R","Strike_R","Strike_R","Strike_R","Defend_R","Defend_R","Defend_R","Defend_R","Bash","Entrench","Dual Wield","Disarm","True Grit","Flex","Body Slam","Feel No Pain","Burn","ReplayTheSpireMod:Strike From Hell","Iron Wave","Abandon+1"],"relics":["Burning Blood","Incense Burner","FossilizedHelix","Toxic Egg 2","Omamori"],"acts_visited":["Exordium"],"potions_floor_usage":[3,5,14,14,16],"damage_taken":[{"damage":10,"enemies":"Jaw Worm","floor":1,"turns":5},{"damage":2,"enemies":"Small Slimes","floor":3,"turns":4},{"damage":1,"enemies":"2 Louse","floor":4,"turns":3},{"damage":16,"enemies":"Exordium Thugs","floor":5,"turns":7},{"damage":42,"enemies":"Gremlin Nob","floor":6,"turns":6},{"damage":9,"enemies":"Red Slaver","floor":11,"turns":3},{"damage":15,"enemies":"Blue Slaver","floor":13,"turns":6},{"damage":32,"enemies":"3 Sentries","floor":14,"turns":14},{"damage":68,"enemies":"Hexaghost","floor":16,"turns":18}],"seed_played":"3777540890406348437","potions_obtained":[{"floor":1,"key":"Weak Potion"},{"floor":4,"key":"Toxic Potion"},{"floor":6,"key":"ElixirPotion"},{"floor":11,"key":"EssenceOfSteel"},{"floor":14,"key":"Elixir"}],"is_trial":false,"path_per_floor":["M","?","M","M","M","E","R","$","T","?","M","R","M","E","R","B"],"character_chosen":"IRONCLAD","items_purchased":[],"campfire_rested":3,"item_purchase_floors":[],"current_hp_per_floor":[76,76,80,80,70,34,58,58,58,58,55,79,70,44,68,0,0],"gold":361,"neow_bonus":"TRANSFORM_CARD","is_daily":false,"chose_seed":false,"campfire_upgraded":0,"win_rate":0.0,"timestamp":1608707472,"path_taken":["M","?","M","M","M","E","R","$","T","?","?","R","M","E","R","BOSS"],"items_purchased_type":[],"build_version":"2020-12-22","purchased_purges":0,"victory":false,"max_hp_per_floor":[80,80,80,80,80,80,80,80,80,80,80,80,80,80,80,80,80],"card_choices":[{"not_picked":["ReplayTheSpireMod:Limb From Limb","Twin Strike"],"picked":"Dual Wield","floor":1},{"not_picked":["Warcry","Entrench"],"picked":"Disarm","floor":2},{"not_picked":["Twin Strike","Dual Wield"],"picked":"True Grit","floor":3},{"not_picked":["Reaper","ReplayTheSpireMod:Stacked"],"picked":"Flex","floor":4},{"not_picked":["Whirlwind","ReplayTheSpireMod:LeadingStrike"],"picked":"Body Slam","floor":5},{"not_picked":["Heavy Blade","ReplayTheSpireMod:Stacked"],"picked":"Feel No Pain","floor":6},{"not_picked":["Body Slam","Sword Boomerang"],"picked":"ReplayTheSpireMod:Strike From Hell","floor":11},{"not_picked":["Perfected Strike","Anger"],"picked":"Iron Wave","floor":13},{"not_picked":["Body Slam","Clothesline"],"picked":"Abandon+1","floor":14}],"player_experience":275554,"relics_obtained":[{"floor":2,"key":"Incense Burner"},{"floor":6,"key":"FossilizedHelix"},{"floor":9,"key":"Toxic Egg 2"},{"floor":14,"key":"Omamori"}],"event_choices":[{"damage_healed":58,"gold_gain":0,"player_choice":"Embrace Burn","damage_taken":0,"max_hp_gain":0,"max_hp_loss":80,"event_name":"betterThird:BetterShining","floor":10,"gold_loss":0}],"is_beta":false,"boss_relics":[],"items_purged_floors":[],"is_endless":false,"potions_floor_spawned":[1,4,6,11,14],"killed_by":"Hexaghost","ascension_level":3}}