{"host":"Melcetto","time":1608765463,"event":{"mods":["AlwaysNeverKeys","BaseMod","Better Vampires","Colored Map","Colored Powertips","DeckTracker","Emptier Cage","Minty Spire (QoL Compilation)","Permanent Neow","Quick Restart","Random Character Button","Rare Cards Sparkle","Relic Sorter","Relic Stats","StSLib","Transform Curses"],"gold_per_floor":[116,41,41,55,2,2,33,33,33,46,64,74,93,108,108,108,108],"floor_reached":16,"playtime":1118,"items_purged":["Strike_R"],"score":208,"play_id":"e32850f3-885f-4b07-817a-92b80a040aca","local_time":"20201223181743","is_ascension_mode":true,"campfire_choices":[{"data":"Anger","floor":6,"key":"SMITH"},{"data":"Thunderclap","floor":8,"key":"SMITH"},{"data":"Demon Form","floor":15,"key":"SMITH"}],"circlet_count":0,"master_deck":["AscendersBane","Strike_R","Strike_R","Strike_R","Strike_R","Defend_R","Defend_R","Defend_R","Defend_R","Bash","Anger+1","Corruption","Thunderclap+1","Fire Breathing","Shrug It Off+1","Demon Form+1"],"relics":["Burning Blood","Oddly Smooth Stone","Tiny Chest","Toxic Egg 2"],"acts_visited":["Exordium"],"potions_floor_usage":[7,16,16],"damage_taken":[{"damage":0,"enemies":"Cultist","floor":1,"turns":3},{"damage":7,"enemies":"2 Louse","floor":4,"turns":2},{"damage":44,"enemies":"3 Sentries","floor":7,"turns":12},{"damage":0,"enemies":"Small Slimes","floor":10,"turns":2},{"damage":10,"enemies":"Blue Slaver","floor":11,"turns":5},{"damage":26,"enemies":"Exordium Thugs","floor":12,"turns":5},{"damage":2,"enemies":"3 Louse","floor":13,"turns":3},{"damage":8,"enemies":"Exordium Wildlife","floor":14,"turns":5},{"damage":20,"enemies":"Slime Boss","floor":16,"turns":3}],"seed_played":"4438583942204508803","potions_obtained":[{"floor":11,"key":"ColorlessPotion"},{"floor":14,"key":"DuplicationPotion"}],"is_trial":false,"path_per_floor":["M","$","?","M","$","R","E","R","T","M","M","M","M","M","R","B"],"character_chosen":"IRONCLAD","items_purchased":["Energy Potion"],"campfire_rested":0,"item_purchase_floors":[5],"current_hp_per_floor":[74,74,74,73,73,73,35,35,35,41,37,17,21,19,19,0,0],"gold":108,"neow_bonus":"RANDOM_COMMON_RELIC","is_daily":false,"chose_seed":false,"campfire_upgraded":3,"win_rate":0.0,"timestamp":1608765463,"path_taken":["M","?","?","M","$","R","E","R","T","M","M","M","M","?","R","BOSS"],"items_purchased_type":["Potion"],"build_version":"2020-12-18","purchased_purges":1,"victory":false,"max_hp_per_floor":[75,75,75,75,75,75,75,75,75,75,75,75,75,75,75,75,75],"relic_stats":{"counters":[9,40],"Tiny Chest":0,"obtain_stats":[{"Oddly Smooth Stone":0,"Tiny Chest":7,"Toxic Egg 2":9,"Burning Blood":0},{"Oddly Smooth Stone":0,"Tiny Chest":3,"Toxic Egg 2":3,"Burning Blood":0},{"Oddly Smooth Stone":0,"Tiny Chest":17,"Toxic Egg 2":17,"Burning Blood":0}],"Burning Blood":48},"card_choices":[{"not_picked":["Cleave","Pommel Strike"],"picked":"Anger","floor":1},{"not_picked":["Heavy Blade","Clash"],"picked":"Thunderclap","floor":4},{"not_picked":["Flex","Combust","Infernal Blade"],"picked":"SKIP","floor":7},{"not_picked":["Armaments+1","Disarm+1"],"picked":"Fire Breathing","floor":10},{"not_picked":["Anger","Sword Boomerang","Flex+1"],"picked":"SKIP","floor":11},{"not_picked":["Havoc+1","Rampage"],"picked":"Shrug It Off+1","floor":12},{"not_picked":["Uppercut","Thunderclap","Sword Boomerang"],"picked":"SKIP","floor":13},{"not_picked":["Uppercut","Thunderclap","Sword Boomerang"],"picked":"SKIP","floor":13},{"not_picked":["Pommel Strike","Cleave"],"picked":"Demon Form","floor":14}],"player_experience":18773527,"relics_obtained":[{"floor":7,"key":"Tiny Chest"},{"floor":9,"key":"Toxic Egg 2"}],"event_choices":[{"damage_healed":0,"gold_gain":0,"player_choice":"1 cards matched","damage_taken":0,"max_hp_gain":0,"max_hp_loss":0,"event_name":"Match and Keep!","floor":3,"gold_loss":0,"cards_obtained":["Corruption"]}],"is_beta":true,"boss_relics":[],"items_purged_floors":[2],"is_endless":false,"potions_floor_spawned":[11,14],"killed_by":"Slime Boss","ascension_level":20}}