{"host":"15ff3ltgpietarej","time":1608765460,"event":{"mods":["BaseMod","Downfall","Highlight Path","Minty Spire (QoL Compilation)","StSLib"],"gold_per_floor":[110,130,130,145,165,196,196,229,229,229,77,107,107,142,154,267,279,307,319,351,373,93,113,148,248,248,248,258,11,11,26,26,26,26],"floor_reached":33,"playtime":1587,"items_purged":[],"score":397,"play_id":"c5434e5c-a8aa-4a72-8e52-f95d42e5e31a","local_time":"20201224001740","is_ascension_mode":true,"campfire_choices":[{"data":"ClearTheMind","floor":7,"key":"SMITH"},{"data":"BattleHymn","floor":10,"key":"SMITH"},{"floor":15,"key":"REST"},{"floor":27,"key":"REST"},{"floor":30,"key":"REST"},{"floor":32,"key":"REST"}],"circlet_count":0,"master_deck":["Strike_P","Strike_P","Defend_P","Defend_P","Defend_P","Eruption","Vigilance+1","FlurryOfBlows+1","FlyingSleeves+1","Nirvana+1","ReachHeaven","DeceiveReality+1","BattleHymn+1","ClearTheMind+1","WindmillStrike","TalkToTheHand","FlurryOfBlows+1","LessonLearned+1","Evaluate+1","Swivel","FlurryOfBlows+1","JustLucky+1"],"relics":["Astrolabe","Guardian:PocketSentry","Pantograph","Yang","Melange","Unceasing Top","MawBank","Fusion Hammer","FossilizedHelix","Gambling Chip","White Beast Statue","TeardropLocket"],"acts_visited":["Exordium","TheCity"],"potions_floor_usage":[6,12,14,18,23,33,33],"damage_taken":[{"damage":1,"enemies":"Cultist","floor":1,"turns":4},{"damage":2,"enemies":"Jaw Worm","floor":2,"turns":3},{"damage":4,"enemies":"2 Louse","floor":4,"turns":2},{"damage":17,"enemies":"Exordium Thugs","floor":5,"turns":4},{"damage":0,"enemies":"3 Sentries","floor":6,"turns":5},{"damage":8,"enemies":"Lagavulin","floor":8,"turns":5},{"damage":2,"enemies":"3 Sentries","floor":12,"turns":2},{"damage":0,"enemies":"Lagavulin","floor":14,"turns":3},{"damage":39,"enemies":"The Guardian","floor":16,"turns":5},{"damage":0,"enemies":"Chosen","floor":18,"turns":5},{"damage":21,"enemies":"2 Thieves","floor":20,"turns":4},{"damage":0,"enemies":"Chosen and Byrds","floor":21,"turns":4},{"damage":22,"enemies":"Shelled Parasite and Fungi","floor":23,"turns":4},{"damage":16,"enemies":"Slavers","floor":24,"turns":5},{"damage":0,"enemies":"3 Cultists","floor":28,"turns":5},{"damage":8,"enemies":"Snake Plant","floor":31,"turns":6},{"damage":80,"enemies":"Automaton","floor":33,"turns":8}],"seed_played":"6250967721871456332","potions_obtained":[{"floor":4,"key":"BlessingOfTheForge"},{"floor":5,"key":"Fire Potion"},{"floor":8,"key":"Ambrosia"},{"floor":16,"key":"Block Potion"},{"floor":21,"key":"Swift Potion"},{"floor":28,"key":"Weak Potion"},{"floor":31,"key":"Swift Potion"}],"is_trial":false,"path_per_floor":["M","M","?","M","M","E","R","E","T","R","$","E","$","E","R","B",null,"M","$","M","M","$","M","E","?","T","R","M","$","R","M","R","B"],"character_chosen":"WATCHER","items_purchased":["Melange","FossilizedHelix","TeardropLocket"],"campfire_rested":4,"item_purchase_floors":[11,22,29],"current_hp_per_floor":[71,69,69,65,48,48,48,40,40,40,40,38,38,38,59,33,72,72,72,51,51,51,29,13,13,13,34,34,34,55,47,68,0,0],"gold":26,"neow_bonus":"BOSS_RELIC","is_daily":false,"chose_seed":false,"campfire_upgraded":2,"win_rate":0.0,"timestamp":1608765460,"path_taken":["M","M","?","M","M","E","R","E","T","R","?","E","?","E","R","BOSS","M","$","M","M","$","M","E","?","T","R","M","?","R","M","R","BOSS"],"items_purchased_type":["Relic","Relic","Relic"],"build_version":"2020-12-22","purchased_purges":0,"victory":false,"max_hp_per_floor":[72,72,72,72,72,72,72,72,72,72,72,72,72,72,72,72,72,72,72,72,72,72,72,72,72,72,72,72,72,72,72,72,72,72],"card_choices":[{"not_picked":["SashWhip","FlyingSleeves"],"picked":"ReachHeaven","floor":1},{"not_picked":["Consecrate","Wallop"],"picked":"DeceiveReality","floor":2},{"not_picked":["Protect","Evaluate"],"picked":"BattleHymn","floor":4},{"not_picked":["Consecrate","Crescendo"],"picked":"ClearTheMind","floor":5},{"not_picked":["Prostrate","Consecrate","FollowUp"],"picked":"SKIP","floor":6},{"not_picked":["EmptyMind","Ragnarok"],"picked":"WindmillStrike","floor":8},{"not_picked":["PathToVictory","WheelKick"],"picked":"TalkToTheHand","floor":12},{"not_picked":["PathToVictory","Worship"],"picked":"FlurryOfBlows","floor":14},{"not_picked":["Blasphemy","DevaForm"],"picked":"LessonLearned","floor":16},{"not_picked":["FollowUp","SashWhip","EmptyFist"],"picked":"SKIP","floor":18},{"not_picked":["FlyingSleeves","EmptyBody"],"picked":"Evaluate+1","floor":20},{"not_picked":["PathToVictory","ConjureBlade"],"picked":"Swivel","floor":21},{"not_picked":["SashWhip","SignatureMove","FollowUp"],"picked":"SKIP","floor":23},{"not_picked":["Wish","ConjureBlade","CutThroughFate+1"],"picked":"SKIP","floor":24},{"not_picked":["SignatureMove","SashWhip+1"],"picked":"FlurryOfBlows+1","floor":28},{"not_picked":["FlyingSleeves","Consecrate"],"picked":"JustLucky+1","floor":31}],"player_experience":404639,"relics_obtained":[{"floor":6,"key":"Guardian:PocketSentry"},{"floor":8,"key":"Pantograph"},{"floor":9,"key":"Yang"},{"floor":12,"key":"Unceasing Top"},{"floor":14,"key":"MawBank"},{"floor":24,"key":"Gambling Chip"},{"floor":26,"key":"White Beast Statue"}],"event_choices":[{"damage_healed":0,"gold_gain":0,"player_choice":"Leave","damage_taken":0,"max_hp_gain":0,"max_hp_loss":0,"event_name":"FaceTrader","floor":3,"gold_loss":0},{"damage_healed":0,"gold_gain":100,"player_choice":"Pray","damage_taken":0,"max_hp_gain":0,"max_hp_loss":0,"event_name":"Golden Shrine","floor":25,"gold_loss":0}],"is_beta":false,"boss_relics":[{"not_picked":["Empty Cage","Busted Crown"],"picked":"Fusion Hammer"}],"items_purged_floors":[],"is_endless":false,"potions_floor_spawned":[4,5,8,16,21,28,31],"killed_by":"Automaton","ascension_level":3}}