{"host":"j06fkfseroga8i8e","time":1608760505,"event":{"mods":["BaseMod","Bestiary","Colored Map","Colored Powertips","Minty Spire (QoL Compilation)","Relic Stats","StSLib","everything is the same but u backflip on backflip"],"gold_per_floor":[112,112,112,131,147,147,175,175,248,266,266,277,277,309,309,309,309],"floor_reached":16,"playtime":304,"items_purged":[],"score":171,"play_id":"896eba83-ea52-4589-a7d9-2f46cc9bf579","local_time":"20201223165505","is_ascension_mode":true,"campfire_choices":[{"data":"Streamline","floor":6,"key":"SMITH"},{"floor":8,"key":"REST"},{"data":"Zap","floor":13,"key":"SMITH"},{"floor":15,"key":"REST"}],"circlet_count":0,"master_deck":["AscendersBane","Strike_B","Strike_B","Strike_B","Defend_B","Defend_B","Defend_B","Defend_B","Zap+1","Dualcast","White Noise+1","Streamline+1","Conserve Battery"],"relics":["Busted Crown","Bronze Scales","The Courier","Molten Egg 2"],"acts_visited":["Exordium"],"potions_floor_usage":[10,16,16],"damage_taken":[{"damage":8,"enemies":"2 Louse","floor":1,"turns":2},{"damage":2,"enemies":"Jaw Worm","floor":4,"turns":3},{"damage":1,"enemies":"Small Slimes","floor":5,"turns":4},{"damage":35,"enemies":"Lagavulin","floor":7,"turns":6},{"damage":0,"enemies":"Gremlin Gang","floor":10,"turns":1},{"damage":10,"enemies":"3 Louse","floor":12,"turns":2},{"damage":40,"enemies":"Gremlin Nob","floor":14,"turns":4},{"damage":38,"enemies":"The Guardian","floor":16,"turns":10}],"seed_played":"-2156114790148029059","potions_obtained":[{"floor":1,"key":"Explosive Potion"},{"floor":7,"key":"Strength Potion"},{"floor":12,"key":"Strength Potion"}],"is_trial":false,"path_per_floor":["M","?","?","M","M","R","E","R","T","M","?","M","R","E","R","B"],"character_chosen":"DEFECT","items_purchased":[],"campfire_rested":2,"item_purchase_floors":[],"current_hp_per_floor":[60,53,53,51,50,50,15,37,37,37,62,52,52,12,34,0,0],"gold":309,"neow_bonus":"BOSS_RELIC","is_daily":false,"chose_seed":false,"campfire_upgraded":2,"win_rate":0.0,"timestamp":1608760505,"path_taken":["M","?","?","M","M","R","E","R","T","M","?","M","R","E","R","BOSS"],"items_purchased_type":[],"build_version":"2020-12-22","purchased_purges":0,"victory":false,"max_hp_per_floor":[75,75,75,75,75,75,75,75,75,75,75,75,75,75,75,75,75],"relic_stats":{"Busted Crown":14,"counters":[8,32],"Bronze Scales":[51],"obtain_stats":[{"Busted Crown":0,"Bronze Scales":7,"Molten Egg 2":14,"The Courier":9,"Cracked Core":0},{"Busted Crown":0,"Bronze Scales":4,"Molten Egg 2":7,"The Courier":4,"Cracked Core":0},{"Busted Crown":0,"Bronze Scales":15,"Molten Egg 2":22,"The Courier":15,"Cracked Core":0}]},"card_choices":[{"not_picked":[],"picked":"White Noise","floor":1},{"not_picked":["Go for the Eyes"],"picked":"SKIP","floor":4},{"not_picked":[],"picked":"Streamline","floor":5},{"not_picked":["Aggregate"],"picked":"SKIP","floor":7},{"not_picked":["Go for the Eyes"],"picked":"SKIP","floor":10},{"not_picked":[],"picked":"Conserve Battery","floor":12},{"not_picked":["Amplify"],"picked":"SKIP","floor":14}],"player_experience":557324,"relics_obtained":[{"floor":7,"key":"Bronze Scales"},{"floor":9,"key":"The Courier"},{"floor":14,"key":"Molten Egg 2"}],"event_choices":[{"cards_removed":["Strike_B"],"damage_healed":0,"gold_gain":0,"player_choice":"Card Removal","damage_taken":7,"max_hp_gain":0,"max_hp_loss":0,"event_name":"Golden Wing","floor":2,"gold_loss":0},{"damage_healed":0,"gold_gain":0,"player_choice":"Grow","damage_taken":0,"max_hp_gain":0,"max_hp_loss":0,"event_name":"Living Wall","floor":3,"gold_loss":0,"cards_upgraded":["White Noise"]},{"damage_healed":25,"gold_gain":0,"player_choice":"Banana","damage_taken":0,"max_hp_gain":0,"max_hp_loss":0,"event_name":"Big Fish","floor":11,"gold_loss":0}],"is_beta":false,"boss_relics":[],"items_purged_floors":[],"is_endless":false,"potions_floor_spawned":[1,7,12],"killed_by":"The Guardian","ascension_level":11}}