{"host":"npubv26u89aif4fa","time":1608710939,"event":{"mods":["Astrologer","BaseMod","Better Vampires","Better-Laid Plans","Colored Powertips","GifTheSpireLib","GungeonMod","HornydragonMod","Hubris","Jedi Mod","KinomotoSakuraMod(木之本樱)","Minty Spire (QoL Compilation)","Quick Restart","Remilia（蕾米莉亚）","Replay The Spire","StSLib","Td1madao Mod","The Administrix","The Alterego","The Bug Knight","The Cursed","The Mystic","The Runesmith","TheWitcher","Yuri Mod","Yuyuko","【东方二次创作】八云紫mod"],"gold_per_floor":[113,123,138,313,313,344,344,360,360,383,383,408,408,378,378,498,498,511,529,529,529],"floor_reached":20,"playtime":1963,"items_purged":[],"score":176,"play_id":"bbfecafe-7f9e-4475-a45c-c0d856929f42","local_time":"20201223160859","is_ascension_mode":false,"campfire_choices":[{"floor":7.0,"key":"REST"},{"data":"astrologer:FrozenStar","floor":13.0,"key":"SMITH"},{"data":"astrologer:TheSun","floor":15.0,"key":"SMITH"}],"circlet_count":0,"master_deck":["astrologer:Strike","astrologer:Defend","astrologer:Defend","astrologer:Defend","astrologer:Defend","astrologer:NorthStar","astrologer:TheFool","astrologer:Prismatic","astrologer:StarOfCourage","Doubt","astrologer:TheSun+1","Pot Of Greed","Pot Of Greed","astrologer:Judgement","astrologer:TheStar+1","astrologer:FrozenStar+1","astrologer:SpaceDust","astrologer:Trine","astrologer:SpaceDust+1","astrologer:Stardust+1","astrologer:TheStar+1"],"relics":["astrologer:SkyMirror","NeowsBlessing","Golden Idol","Grinning Jar","Replay:Grab Bag","SlaversCollar","Philosopher\u0027s Stone","Astrolabe","Black Star"],"acts_visited":["Exordium","TheCity"],"potions_floor_usage":[20],"damage_taken":[{"damage":0.0,"enemies":"Small Slimes","floor":1.0,"turns":1.0},{"damage":0.0,"enemies":"Jaw Worm","floor":2.0,"turns":1.0},{"damage":0.0,"enemies":"2 Louse","floor":3.0,"turns":1.0},{"damage":35.0,"enemies":"Gremlin Nob","floor":6.0,"turns":5.0},{"damage":0.0,"enemies":"Large Slime","floor":8.0,"turns":4.0},{"damage":1.0,"enemies":"Blue Slaver","floor":10.0,"turns":5.0},{"damage":0.0,"enemies":"Exordium Wildlife","floor":12.0,"turns":3.0},{"damage":0.0,"enemies":"Looter","floor":14.0,"turns":4.0},{"damage":20.0,"enemies":"Slime Boss","floor":16.0,"turns":11.0},{"damage":13,"enemies":"3 Byrds","floor":18,"turns":5},{"damage":51,"enemies":"Spheric Guardian","floor":19,"turns":16},{"damage":22,"enemies":"Snecko","floor":20,"turns":5}],"seed_played":"756031593475607579","potions_obtained":[{"floor":2.0,"key":"Adrenaline Potion"},{"floor":3.0,"key":"SkillPotion"},{"floor":8.0,"key":"jedi:wingpotion"},{"floor":18,"key":"Explosive Potion"},{"floor":19,"key":"Regen Potion"}],"is_trial":false,"path_per_floor":["M","M","M","?","?","E","R","M","T","M","?","M","R","M","R","B",null,"M","M","M"],"character_chosen":"ASTROLOGER","items_purchased":[],"campfire_rested":1,"item_purchase_floors":[],"current_hp_per_floor":[70,70,70,70,53,18,39,39,39,38,38,38,38,38,38,18,70,57,6,0,0],"gold":529,"neow_bonus":"THREE_ENEMY_KILL","is_daily":false,"chose_seed":false,"campfire_upgraded":2,"win_rate":0.0,"timestamp":1608710939,"path_taken":["M","M","M","?","?","E","R","M","T","?","?","M","R","M","R","BOSS","M","?","M"],"items_purchased_type":[],"build_version":"2020-12-22","purchased_purges":0,"victory":false,"max_hp_per_floor":[70,70,70,70,70,70,70,70,70,70,70,70,70,70,70,70,70,70,70,70,70],"card_choices":[{"not_picked":["astrologer:Opposition","astrologer:Observe","astrologer:ReadTheStars"],"picked":"SKIP","floor":1.0},{"not_picked":["astrologer:Divination","astrologer:TheHermit"],"picked":"astrologer:Prismatic","floor":2.0},{"not_picked":["astrologer:Eclipse","astrologer:CometStrike"],"picked":"astrologer:StarOfCourage","floor":3.0},{"not_picked":["astrologer:Novile","astrologer:Moonlight"],"picked":"astrologer:TheSun","floor":6.0},{"not_picked":["astrologer:MeteorShower","astrologer:Opposition"],"picked":"astrologer:Judgement","floor":8.0},{"not_picked":["astrologer:NeutronStar","astrologer:Opposition"],"picked":"astrologer:TheStar","floor":10.0},{"not_picked":["astrologer:Conjunction","astrologer:SolarFlare"],"picked":"astrologer:FrozenStar","floor":12.0},{"not_picked":["astrologer:SolarFlare","astrologer:Still"],"picked":"astrologer:SpaceDust","floor":14.0},{"not_picked":["astrologer:Wish","astrologer:RejectReality"],"picked":"astrologer:Trine","floor":16.0},{"not_picked":["astrologer:FrozenStar","astrologer:SolarFlare+1","astrologer:MeteorShower"],"picked":"SKIP","floor":18},{"not_picked":["astrologer:SpaceDust","astrologer:Opposition","astrologer:MeteorShower"],"picked":"SKIP","floor":19},{"not_picked":["astrologer:SpaceDust","astrologer:Opposition","astrologer:MeteorShower"],"picked":"SKIP","floor":19}],"player_experience":126240,"relics_obtained":[{"floor":6.0,"key":"Grinning Jar"}],"event_choices":[{"damage_healed":0.0,"max_hp_gain":0.0,"max_hp_loss":0.0,"gold_gain":175.0,"event_name":"Liars Game","player_choice":"AGREE","floor":4.0,"gold_loss":0.0,"damage_taken":0.0,"cards_obtained":["Doubt"]},{"damage_healed":0.0,"max_hp_gain":0.0,"max_hp_loss":0.0,"gold_gain":0.0,"event_name":"Golden Idol","player_choice":"Take Damage","floor":5.0,"gold_loss":0.0,"damage_taken":17.0,"relics_obtained":["Golden Idol"]},{"damage_healed":0.0,"max_hp_gain":0.0,"max_hp_loss":0.0,"gold_gain":0.0,"event_name":"Upgrade Shrine","player_choice":"Upgraded","floor":11.0,"gold_loss":0.0,"damage_taken":0.0,"cards_upgraded":["astrologer:TheStar"]}],"is_beta":false,"boss_relics":[{"not_picked":["Snecko Eye","hubris:BlackHole"],"picked":"Replay:Grab Bag"},{"not_picked":["Velvet Choker","Coffee Dripper"],"picked":"SlaversCollar"},{"not_picked":["Fusion Hammer","hubris:CrackedHourglass"],"picked":"Philosopher\u0027s Stone"},{"not_picked":["hubris:ScarierMask","hubris:Backtick"],"picked":"Astrolabe"},{"not_picked":["Honey Jar","hubris:Stopwatch"],"picked":"Black Star"}],"items_purged_floors":[],"is_endless":false,"potions_floor_spawned":[2,3,8,18,19],"killed_by":"Snecko","ascension_level":0}}