{"host":"kiauivt48syq9iz6","time":1608760055,"event":{"mods":["BaseMod","Conspire","Downfall","Hermit","Minty Spire (QoL Compilation)","Replay The Spire","SIMod","StSLib","The Animator","The Construct","The Cursed","The Runesmith","The Servant 0.9.4"],"gold_per_floor":[18,18,18,32,32,32,60,60,87,100,126,136,149,149,149,251,251,270,270,283,283,283,315,240,240,240,252,287,306,306,306,370,465,465,477,25,36,86,86,86,96,96,96,112,112,127,144,163,163,163],"floor_reached":51,"playtime":3357,"items_purged":[],"score":672,"play_id":"7d3f11fb-e010-4e48-b8c8-edcf4f3973d6","local_time":"20201223144735","is_ascension_mode":false,"campfire_choices":[{"data":"TheCursedMod:CircleOfFlame","floor":6.0,"key":"SMITH"},{"data":"TheCursedMod:LuckyCharm","floor":8.0,"key":"SMITH"},{"floor":15.0,"key":"REST"},{"floor":30.0,"key":"REST"},{"data":"TheCursedMod:CursedWand","floor":40,"key":"SMITH"},{"data":"TheCursedMod:CursedRelics","floor":42,"key":"SMITH"},{"floor":45,"key":"REST"},{"floor":49,"key":"REST"}],"circlet_count":0,"master_deck":["TheCursedMod:Defend_TheCursed","TheCursedMod:Defend_TheCursed","TheCursedMod:Defend_TheCursed","TheCursedMod:Defend_TheCursed","TheCursedMod:CursedWand","TheCursedMod:CleanUpWorkshop","TheCursedMod:Dregs","TheCursedMod:LuckyCharm+1","CommonCold","TheCursedMod:CircleOfFlame+1","TheCursedMod:HellfireBreathing","TheCursedMod:AshesToAshes","TheCursedMod:Evocation","TheCursedMod:CircleOfCorruption","TheCursedMod:StunningStrike","TheCursedMod:CollectTribute","TheCursedMod:WearCloak","J.A.X.","TheCursedMod:CursedStaff","TheCursedMod:AntiAging","TheCursedMod:Hemoplague+1","TheCursedMod:RapidMovement","Bite","Bite","Bite","Bite","Bite","TheCursedMod:VoidForm","TheCursedMod:Mangle","Pot Of Greed","Pot Of Greed","Pot Of Greed","TheCursedMod:RavingStaff","TheCursedMod:ManaBullet+1","TheCursedMod:SaltUponWound","TheCursedMod:CursedWand+1","TheCursedMod:CursedRelics+1","TheCursedMod:CircleOfAmplification+1","TheCursedMod:CursedBlade+1","Pot Of Greed","TheCursedMod:SurpriseAttack","TheCursedMod:FleshFromBone+1"],"relics":["TheCursedMod:BlackMagic101","TheCursedMod:MagicCandle","Ring of Hypnosis","Ring of Fangs","Strawberry","Iron Hammer","ReplayFunnel","Juzu Bracelet","Replay:Ringing Soul","Sozu","Anchor","MarkOfWind","Replay:Bottled Steam","Happy Flower","construct:WeddingRing","Grinning Jar","Question Card","StoneCalendar","Onion Ring"],"acts_visited":["Exordium","TheCity","TheBeyond"],"potions_floor_usage":[],"damage_taken":[{"damage":4.0,"enemies":"2 Louse","floor":1.0,"turns":3.0},{"damage":0.0,"enemies":"Small Slimes","floor":4.0,"turns":5.0},{"damage":31.0,"enemies":"3 Sentries","floor":7.0,"turns":17.0},{"damage":0.0,"enemies":"Cultist","floor":10.0,"turns":5.0},{"damage":4.0,"enemies":"Gremlin Nob","floor":11.0,"turns":3.0},{"damage":0.0,"enemies":"3 Louse","floor":12.0,"turns":1.0},{"damage":1.0,"enemies":"conspire:2 RoseBushes","floor":13.0,"turns":5.0},{"damage":30.0,"enemies":"Slime Boss","floor":16.0,"turns":13.0},{"damage":0.0,"enemies":"conspire:FuzzyDice","floor":18.0,"turns":6.0},{"damage":0.0,"enemies":"3 Byrds","floor":20.0,"turns":4.0},{"damage":7.0,"enemies":"Book of Stabbing","floor":23.0,"turns":5.0},{"damage":2.0,"enemies":"Snecko","floor":27.0,"turns":4.0},{"damage":3.0,"enemies":"conspire:Head Lice","floor":28.0,"turns":6.0},{"damage":21.0,"enemies":"Cultist and Chosen","floor":29.0,"turns":9.0},{"damage":69.0,"enemies":"Automaton","floor":33.0,"turns":11.0},{"damage":19.0,"enemies":"3 Darklings","floor":35.0,"turns":5.0},{"damage":34.0,"enemies":"3 Shapes","floor":37.0,"turns":7.0},{"damage":3,"enemies":"Mind Bloom Boss Battle","floor":38,"turns":7},{"damage":18,"enemies":"Jaw Worm Horde","floor":41,"turns":7},{"damage":36,"enemies":"Sphere and 2 Shapes","floor":44,"turns":5},{"damage":11,"enemies":"3 Darklings","floor":46,"turns":5},{"damage":10,"enemies":"4 Shapes","floor":47,"turns":6},{"damage":19,"enemies":"Sphere and 2 Shapes","floor":48,"turns":5},{"damage":53,"enemies":"Replay:Hell Engine","floor":50,"turns":10}],"seed_played":"-7215373285470317445","potions_obtained":[{"floor":1.0,"key":"Slimebound:ThreeZeroPotion"},{"floor":10.0,"key":"Fire Potion"},{"floor":12.0,"key":"Dexterity Potion"},{"floor":13.0,"key":"FearPotion"}],"is_trial":false,"path_per_floor":["M","?","?","M","?","R","E","R","T","M","E","M","M","T","R","B",null,"M","?","M","?","?","E","?","?","T","M","E","M","R","?","R","B",null,"M","$","M","?","?","R","M","R","T","M","R","M","M","M","R","B",null],"character_chosen":"THE_CURSED","items_purchased":["Grinning Jar","TheCursedMod:RavingStaff","Question Card"],"campfire_rested":4,"item_purchase_floors":[36,36,36],"current_hp_per_floor":[71,71,78,78,78,78,47,47,47,47,43,43,42,42,66,39,85,88,88,88,91,73,69,69,69,69,70,70,54,87,80,80,47,85,75,78,59,90,93,93,99,99,99,80,114,115,115,108,130,94],"gold":163,"neow_bonus":"ONE_RARE_RELIC","is_daily":false,"chose_seed":false,"campfire_upgraded":4,"win_rate":0.0,"timestamp":1608760055,"path_taken":["M","?","?","?","?","R","E","R","T","M","E","M","M","?","R","BOSS","M","?","M","?","?","E","?","?","T","M","E","M","R","?","R","BOSS","M","$","M","?","?","R","M","R","T","M","R","M","M","M","R","BOSS"],"items_purchased_type":["Relic","Card","Relic"],"build_version":"2020-12-22","purchased_purges":0,"victory":true,"max_hp_per_floor":[75,75,82,82,82,82,82,82,82,82,82,82,82,82,82,85,85,88,88,88,91,96,99,99,99,99,102,105,110,110,80,80,85,85,90,93,99,102,105,105,110,110,110,115,115,120,125,130,130,132],"card_choices":[{"not_picked":["TheCursedMod:RapidMovement","TheCursedMod:CursedSpellbook"],"picked":"TheCursedMod:LuckyCharm","floor":1.0},{"not_picked":["TheCursedMod:CursedMace","TheCursedMod:CircleOfCorruption"],"picked":"TheCursedMod:CircleOfFlame","floor":4.0},{"not_picked":["TheCursedMod:AbyssShockwave","TheCursedMod:SpitefulStrike"],"picked":"TheCursedMod:HellfireBreathing","floor":7.0},{"not_picked":["TheCursedMod:Torture","TheCursedMod:HellfireBreathing"],"picked":"TheCursedMod:AshesToAshes","floor":10.0},{"not_picked":["TheCursedMod:Stigma","TheCursedMod:CircleOfAmplification"],"picked":"TheCursedMod:Evocation","floor":11.0},{"not_picked":["TheCursedMod:Wield","TheCursedMod:CircleOfFlame"],"picked":"TheCursedMod:CircleOfCorruption","floor":12.0},{"not_picked":["TheCursedMod:SurpriseAttack","TheCursedMod:Wield"],"picked":"TheCursedMod:StunningStrike","floor":13.0},{"not_picked":["TheCursedMod:StunningStrike","TheCursedMod:AntiAging"],"picked":"TheCursedMod:CollectTribute","floor":16.0},{"not_picked":["TheCursedMod:SpitefulStrike","TheCursedMod:SurpriseAttack"],"picked":"TheCursedMod:WearCloak","floor":18.0},{"not_picked":["TheCursedMod:CircleOfCorruption","TheCursedMod:Torture","TheCursedMod:WearCloak"],"picked":"SKIP","floor":20.0},{"not_picked":["TheCursedMod:TacticalStrike","TheCursedMod:CircleOfFlame"],"picked":"TheCursedMod:CursedStaff","floor":23.0},{"not_picked":["TheCursedMod:Stretching","TheCursedMod:SmokeScreen+1"],"picked":"TheCursedMod:AntiAging","floor":27.0},{"not_picked":["TheCursedMod:CircleOfBlood","TheCursedMod:SmokeScreen"],"picked":"TheCursedMod:Hemoplague+1","floor":28.0},{"not_picked":["TheCursedMod:Wield","TheCursedMod:FuryStrike"],"picked":"TheCursedMod:RapidMovement","floor":29.0},{"not_picked":["TheCursedMod:UltimatePain","TheCursedMod:CursedRelics"],"picked":"TheCursedMod:VoidForm","floor":33.0},{"not_picked":["TheCursedMod:SmokeScreen+1","TheCursedMod:CircleOfFlame"],"picked":"TheCursedMod:Mangle","floor":35.0},{"not_picked":["TheCursedMod:CursedShiv","TheCursedMod:SaltUponWound","TheCursedMod:CircleOfFocus"],"picked":"TheCursedMod:ManaBullet+1","floor":37.0},{"not_picked":["TheCursedMod:Stretching","TheCursedMod:CircleOfCorruption+1","TheCursedMod:Stigma"],"picked":"TheCursedMod:SaltUponWound","floor":38},{"not_picked":["TheCursedMod:SurpriseAttack","TheCursedMod:WearCloak","TheCursedMod:Stigma"],"picked":"TheCursedMod:CursedRelics","floor":41},{"not_picked":["TheCursedMod:FuryStrike","TheCursedMod:SmokeScreen+1","TheCursedMod:ManaBullet"],"picked":"TheCursedMod:CircleOfAmplification+1","floor":44},{"not_picked":["TheCursedMod:BloodBarrier","TheCursedMod:CircleOfAmplification","TheCursedMod:TacticalStrike"],"picked":"TheCursedMod:CursedBlade+1","floor":46},{"not_picked":["TheCursedMod:Obscuration","TheCursedMod:VitalStrike","TheCursedMod:Stigma"],"picked":"TheCursedMod:SurpriseAttack","floor":47},{"not_picked":["TheCursedMod:BloodBarrier","TheCursedMod:CursedBoomerang+1","TheCursedMod:CursedRelics"],"picked":"TheCursedMod:FleshFromBone+1","floor":48}],"player_experience":29759,"relics_obtained":[{"floor":2.0,"key":"Ring of Hypnosis"},{"floor":2.0,"key":"Ring of Fangs"},{"floor":7.0,"key":"Iron Hammer"},{"floor":9.0,"key":"ReplayFunnel"},{"floor":11.0,"key":"Juzu Bracelet"},{"floor":14.0,"key":"Replay:Ringing Soul"},{"floor":23.0,"key":"Anchor"},{"floor":26.0,"key":"Replay:Bottled Steam"},{"floor":28.0,"key":"Happy Flower"},{"floor":38,"key":"StoneCalendar"},{"floor":43,"key":"Onion Ring"}],"event_choices":[{"damage_healed":0.0,"max_hp_gain":0.0,"max_hp_loss":0.0,"gold_gain":0.0,"event_name":"WeMeetAgain","player_choice":"Gave Potion","floor":3.0,"gold_loss":0.0,"damage_taken":0.0,"relics_obtained":["Strawberry"]},{"damage_healed":0.0,"max_hp_gain":0.0,"max_hp_loss":0.0,"gold_gain":0.0,"event_name":"conspire:LoneGhost","player_choice":"Disagree","floor":5.0,"gold_loss":0.0,"damage_taken":0.0},{"damage_healed":0.0,"max_hp_gain":0.0,"max_hp_loss":0.0,"gold_gain":0.0,"event_name":"NoteForYourself","player_choice":"Ignored","floor":19.0,"gold_loss":0.0,"damage_taken":0.0},{"damage_healed":0.0,"max_hp_gain":0.0,"max_hp_loss":0.0,"gold_gain":0.0,"event_name":"Drug Dealer","player_choice":"Obtain J.A.X.","floor":21.0,"gold_loss":0.0,"damage_taken":0.0,"cards_obtained":["J.A.X."]},{"damage_healed":0.0,"max_hp_gain":5.0,"max_hp_loss":0.0,"gold_gain":0.0,"event_name":"Forgotten Altar","player_choice":"Shed Blood","floor":22.0,"gold_loss":0.0,"damage_taken":23.0},{"cards_removed":["TheCursedMod:Strike_TheCursed"],"damage_healed":0.0,"max_hp_gain":0.0,"max_hp_loss":0.0,"gold_gain":0.0,"event_name":"Beggar","player_choice":"Gave Gold","floor":24.0,"gold_loss":75.0,"damage_taken":0.0},{"damage_healed":0.0,"max_hp_gain":0.0,"max_hp_loss":33.0,"gold_gain":0.0,"event_name":"Vampires","player_choice":"Became a vampire","floor":31.0,"gold_loss":0.0,"damage_taken":0.0,"cards_obtained":["Bite","Bite","Bite","Bite","Bite"]},{"damage_healed":0,"gold_gain":0,"player_choice":"Fight","damage_taken":0,"max_hp_gain":0,"max_hp_loss":0,"event_name":"MindBloom","floor":38,"gold_loss":0},{"damage_healed":0,"gold_gain":0,"player_choice":"1 cards matched","damage_taken":0,"max_hp_gain":0,"max_hp_loss":0,"event_name":"Match and Keep!","floor":39,"gold_loss":0,"cards_obtained":["TheCursedMod:CursedWand"]}],"is_beta":false,"boss_relics":[{"not_picked":["Kintsugi","Replay:Bronze Core"],"picked":"Sozu"},{"not_picked":["ChewingGum","Velvet Choker"],"picked":"construct:WeddingRing"}],"items_purged_floors":[],"is_endless":false,"potions_floor_spawned":[1,10,12,13,23,27,33,35,48],"ascension_level":0}}