{"host":"30jsp143e4v19aze","time":1608734848,"event":{"mods":["BaseMod","Colored Map","Colored Powertips","Curses Come First","DeckTracker","Highlight Path","Minty Spire (QoL Compilation)","Quick Restart","Relic Stats","StSLib"],"gold_per_floor":[119,119,119,134,147,147,161,191,241,241,270,101,119,137,137,137,137],"floor_reached":16,"playtime":911,"items_purged":["Strike_B"],"score":140,"play_id":"061b1268-cd66-4eaa-b9d0-f87dd69283ef","local_time":"20201223154728","is_ascension_mode":true,"campfire_choices":[{"data":"Streamline","floor":6,"key":"SMITH"},{"data":"Thunder Strike","floor":10,"key":"SMITH"},{"data":"Chaos","floor":15,"key":"SMITH"}],"circlet_count":0,"master_deck":["Strike_B","Strike_B","Defend_B","Defend_B","Defend_B","Defend_B","Zap","Dualcast","Compile Driver","Hologram","Sweeping Beam","Streamline+1","Auto Shields","Thunder Strike+1","Conserve Battery","Hologram","Chaos+1","Self Repair"],"relics":["Nuclear Battery","Mummified Hand","Bag of Preparation","Blood Vial","MealTicket"],"acts_visited":["Exordium"],"potions_floor_usage":[16,16,16],"damage_taken":[{"damage":11,"enemies":"Jaw Worm","floor":1,"turns":4},{"damage":1,"enemies":"Cultist","floor":4,"turns":3},{"damage":3,"enemies":"2 Louse","floor":5,"turns":2},{"damage":2,"enemies":"Large Slime","floor":7,"turns":5},{"damage":15,"enemies":"Lagavulin","floor":8,"turns":8},{"damage":35,"enemies":"Gremlin Nob","floor":11,"turns":4},{"damage":0,"enemies":"2 Fungi Beasts","floor":13,"turns":3},{"damage":0,"enemies":"Exordium Wildlife","floor":14,"turns":4},{"damage":34,"enemies":"The Guardian","floor":16,"turns":11}],"seed_played":"1244183026844915363","potions_obtained":[{"floor":4,"key":"SteroidPotion"},{"floor":7,"key":"Strength Potion"}],"is_trial":false,"path_per_floor":["M","?","?","M","M","R","M","E","T","R","E","$","M","M","R","B"],"character_chosen":"DEFECT","items_purchased":["AttackPotion","Hologram"],"campfire_rested":0,"item_purchase_floors":[12,12],"current_hp_per_floor":[64,64,64,63,60,60,58,43,43,43,10,25,27,29,29,0,0],"gold":137,"neow_bonus":"BOSS_RELIC","is_daily":false,"chose_seed":false,"campfire_upgraded":3,"win_rate":0.0,"timestamp":1608734848,"path_taken":["M","?","?","M","?","R","?","E","T","R","E","?","?","M","R","BOSS"],"items_purchased_type":["Potion","Card"],"build_version":"2020-12-22","purchased_purges":1,"victory":false,"max_hp_per_floor":[75,75,75,75,75,75,75,75,75,75,75,75,75,75,75,75,75],"relic_stats":{"Blood Vial":8,"counters":[9,44],"Mummified Hand":[1],"MealTicket":15,"Bag of Preparation":[8],"obtain_stats":[{"Blood Vial":9,"Mummified Hand":3,"MealTicket":11,"Bag of Preparation":8,"Cracked Core":0,"Nuclear Battery":0},{"Blood Vial":5,"Mummified Hand":1,"MealTicket":6,"Bag of Preparation":5,"Cracked Core":0,"Nuclear Battery":0},{"Blood Vial":22,"Mummified Hand":4,"MealTicket":26,"Bag of Preparation":22,"Cracked Core":0,"Nuclear Battery":0}]},"card_choices":[{"not_picked":["Rebound","Steam"],"picked":"Compile Driver","floor":1},{"not_picked":["Stack","Beam Cell"],"picked":"Sweeping Beam","floor":4},{"not_picked":["Rebound","Steam"],"picked":"Streamline","floor":5},{"not_picked":["Consume","Compile Driver"],"picked":"Auto Shields","floor":7},{"not_picked":["Aggregate","Genetic Algorithm"],"picked":"Thunder Strike","floor":8},{"not_picked":["Barrage","Hologram"],"picked":"Conserve Battery","floor":11},{"not_picked":["Streamline","Rip and Tear"],"picked":"Chaos","floor":13},{"not_picked":["Hello World","Turbo"],"picked":"Self Repair","floor":14}],"player_experience":3094947,"relics_obtained":[{"floor":3,"key":"Mummified Hand"},{"floor":8,"key":"Bag of Preparation"},{"floor":9,"key":"Blood Vial"},{"floor":11,"key":"MealTicket"}],"event_choices":[{"damage_healed":0,"gold_gain":0,"cards_transformed":["Strike_B"],"player_choice":"Change","damage_taken":0,"max_hp_gain":0,"max_hp_loss":0,"event_name":"Living Wall","floor":2,"gold_loss":0,"cards_obtained":["Hologram"]},{"damage_healed":0,"gold_gain":0,"player_choice":"Relic","damage_taken":0,"max_hp_gain":0,"max_hp_loss":0,"event_name":"Wheel of Change","floor":3,"gold_loss":0}],"is_beta":false,"boss_relics":[],"items_purged_floors":[12],"is_endless":false,"potions_floor_spawned":[4,7,14],"killed_by":"The Guardian","ascension_level":5}}