{"host":"1kq2ingo3j45gyyp","time":1608692804,"event":{"mods":["BaseMod","Better Note","Better Third Choice","Minty Spire (QoL Compilation)","StSLib","The Gatherer"],"gold_per_floor":[119,133,58,58,0,0,15,15,15,36,60,74,105,24,24,145,145,160,160,176,201,201,235,254,254,254,157,178,178,78,126,126,254,254,270,293,293,136,161,161,186,519,519,544,569,578,578,191,191,191],"floor_reached":51,"playtime":2189,"items_purged":["Gatherer:FruitForce","Gatherer:Snatch","Doubt"],"score":817,"play_id":"e8689bec-dad8-4900-abdd-4fe540392465","local_time":"20201222220643","daily_mods":["SealedDeck"],"is_ascension_mode":false,"metric_token":401,"campfire_choices":[{"data":"Gatherer:Enchant","floor":8,"key":"SMITH"},{"floor":15,"key":"REST"},{"data":"Gatherer:Herbalism","floor":25,"key":"SMITH"},{"floor":29,"key":"REST"},{"data":"Gatherer:Uplift","floor":32,"key":"SMITH"},{"floor":40,"key":"REST"},{"data":"Gatherer:TacticalStrike","floor":47,"key":"SMITH"},{"data":"Gatherer:FinishingStrike","floor":49,"key":"SMITH"}],"circlet_count":0,"master_deck":["Gatherer:AromaProtection","Gatherer:AromaProtection","Gatherer:Herbalism+1","Gatherer:Enchant+1","Gatherer:TacticalStrike+1","Gatherer:WitheringStrike","Enlightenment","Gatherer:ScherryThrow","Gatherer:Uplift+1","Gatherer:FinishingStrike+1","Gatherer:MiningStrike+1","Gatherer:WitheringStrike+1","Gatherer:QuickSynthesis+1","Gatherer:QuickSynthesis+1"],"relics":["Gatherer:AlchemyBag","betterThird:SlimedRelic","Bag of Preparation","Shuriken","SlaversCollar","Prayer Wheel","Ancient Tea Set","Bird Faced Urn","CeramicFish","Empty Cage","Medical Kit","Meat on the Bone","Akabeko","Pear"],"acts_visited":["Exordium","TheCity","TheBeyond"],"potions_floor_usage":[21,23,27,28,35,50,50,50],"damage_taken":[{"damage":0,"enemies":"Cultist","floor":1,"turns":2},{"damage":0,"enemies":"Small Slimes","floor":2,"turns":2},{"damage":0,"enemies":"Jaw Worm","floor":7,"turns":3},{"damage":8,"enemies":"3 Louse","floor":10,"turns":2},{"damage":0,"enemies":"Blue Slaver","floor":11,"turns":2},{"damage":0,"enemies":"Gremlin Gang","floor":12,"turns":4},{"damage":6,"enemies":"Lagavulin","floor":13,"turns":5},{"damage":32,"enemies":"Slime Boss","floor":16,"turns":8},{"damage":2,"enemies":"Chosen","floor":18,"turns":3},{"damage":15,"enemies":"2 Thieves","floor":20,"turns":3},{"damage":0,"enemies":"Centurion and Healer","floor":21,"turns":3},{"damage":19,"enemies":"Slavers","floor":23,"turns":5},{"damage":6,"enemies":"Snake Plant","floor":24,"turns":3},{"damage":21,"enemies":"Chosen and Byrds","floor":28,"turns":5},{"damage":11,"enemies":"Book of Stabbing","floor":31,"turns":4},{"damage":0,"enemies":"Automaton","floor":33,"turns":8},{"damage":41,"enemies":"3 Darklings","floor":35,"turns":6},{"damage":4,"enemies":"3 Shapes","floor":36,"turns":3},{"damage":20,"enemies":"Maw","floor":39,"turns":8},{"damage":0,"enemies":"Sphere and 2 Shapes","floor":41,"turns":4},{"damage":47,"enemies":"Nemesis","floor":44,"turns":9},{"damage":20,"enemies":"Jaw Worm Horde","floor":45,"turns":5},{"damage":57,"enemies":"Awakened One","floor":50,"turns":12}],"seed_played":"-4342905688590780273","potions_obtained":[{"floor":1,"key":"ColorlessPotion"},{"floor":2,"key":"Explosive Potion"},{"floor":10,"key":"EssenceOfSteel"},{"floor":20,"key":"Regen Potion"},{"floor":24,"key":"Regen Potion"},{"floor":31,"key":"EssenceOfSteel"},{"floor":39,"key":"PowerPotion"},{"floor":41,"key":"PowerPotion"}],"is_trial":true,"path_per_floor":["M","M","$","?","?","?","M","R","T","M","M","M","E","$","R","B",null,"M","?","M","M","T","E","M","R","T","$","M","R","$","E","R","B",null,"M","M","?","$","M","R","M","?","T","E","M","?","R","$","R","B",null],"character_chosen":"THE_GATHERER","items_purchased":["Gatherer:Uplift","Fruit Juice","Medical Kit","Pear"],"campfire_rested":3,"item_purchase_floors":[14,27,38,48],"current_hp_per_floor":[76,76,76,57,63,52,52,52,52,44,44,44,38,38,62,30,82,80,80,65,65,65,60,54,54,54,59,40,66,66,57,57,61,87,62,60,60,60,42,68,70,70,70,37,31,87,87,97,97,56],"gold":191,"neow_bonus":"","is_daily":false,"chose_seed":false,"campfire_upgraded":5,"win_rate":0.0,"timestamp":1608692803,"path_taken":["M","?","$","?","?","?","?","R","T","M","M","?","E","?","R","BOSS","M","?","M","?","?","E","M","R","T","?","M","R","$","E","R","BOSS","M","M","?","$","M","R","M","?","T","E","M","?","R","$","R","BOSS"],"items_purchased_type":["Card","Potion","Relic","Relic"],"build_version":"2020-12-13","purchased_purges":3,"victory":true,"max_hp_per_floor":[76,76,76,76,82,82,82,82,82,82,82,82,82,82,82,82,82,82,82,82,82,82,82,82,82,82,87,87,87,87,87,87,87,87,87,87,87,87,87,87,87,87,87,87,87,87,87,97,97,97],"card_choices":[{"not_picked":["Gatherer:PotentialSlash","Gatherer:Misfortune","Gatherer:DrugPower"],"picked":"SKIP","floor":1},{"not_picked":["Gatherer:SaveValuables","Gatherer:FragileHammer"],"picked":"Gatherer:WitheringStrike","floor":2},{"not_picked":["Gatherer:CollectorsShot","Gatherer:Convert","Gatherer:Frenzy"],"picked":"SKIP","floor":7},{"not_picked":["Gatherer:VenomBarrier","Gatherer:BambuSword","Gatherer:WoolGloves"],"picked":"SKIP","floor":10},{"not_picked":["Gatherer:Liquidism","Gatherer:PotentialSlash","Gatherer:FlowerBeam"],"picked":"SKIP","floor":11},{"not_picked":["Gatherer:StoneFence","Gatherer:AcidicSpray","Gatherer:SaveValuables"],"picked":"SKIP","floor":12},{"not_picked":["Gatherer:SealedBomb","Gatherer:Frenzy"],"picked":"Gatherer:ScherryThrow","floor":13},{"not_picked":["Gatherer:ScrollOfPurity","Gatherer:PoisonMastery"],"picked":"Gatherer:FinishingStrike","floor":16},{"not_picked":["Gatherer:PotentialSlash","Gatherer:BambuSword","Gatherer:CollectorsShot"],"picked":"SKIP","floor":18},{"not_picked":["Gatherer:AromaProtection","Gatherer:QuickSynthesis","Gatherer:HeartToFruit"],"picked":"SKIP","floor":20},{"not_picked":["Gatherer:CarefulStrike","Gatherer:Frenzy","Gatherer:EnergyBasket"],"picked":"SKIP","floor":21},{"not_picked":["Gatherer:CollectorsShot+1","Gatherer:GatherMaterial","Gatherer:BambuSword"],"picked":"SKIP","floor":23},{"not_picked":["Gatherer:BalancedGrowth","Gatherer:SaveValuables+1"],"picked":"Gatherer:MiningStrike+1","floor":24},{"not_picked":["Gatherer:EnergyBasket","Gatherer:Convert+1","Gatherer:FinishingStrike"],"picked":"SKIP","floor":24},{"not_picked":["Gatherer:CarefulStrike","Gatherer:CollectorsShot"],"picked":"Gatherer:WitheringStrike+1","floor":28},{"not_picked":["Gatherer:CarefulStrike+1","Gatherer:Convert","Gatherer:BambuSword"],"picked":"SKIP","floor":28},{"not_picked":["Gatherer:WoolGloves","Gatherer:CarefulStrike+1"],"picked":"Gatherer:QuickSynthesis+1","floor":31},{"not_picked":["Gatherer:QuickSynthesis","Gatherer:Snatch","Gatherer:RecipeChange"],"picked":"SKIP","floor":35},{"not_picked":["Gatherer:Nutrients","Gatherer:TacticalStrike","Gatherer:TreeGrowth+1"],"picked":"SKIP","floor":35},{"not_picked":["Gatherer:FlowerFalling+1","Gatherer:GatherMaterial+1","Gatherer:SaveValuables"],"picked":"SKIP","floor":36},{"not_picked":["Gatherer:GatherMaterial","Gatherer:UpgradeBag","Gatherer:Snatch"],"picked":"SKIP","floor":36},{"not_picked":["Gatherer:Solidify+1","Gatherer:QuickSynthesis","Gatherer:AromaProtection+1"],"picked":"SKIP","floor":39},{"not_picked":["Gatherer:CollectorsShot+1","Gatherer:BambuSword","Gatherer:FlowerFalling"],"picked":"SKIP","floor":39},{"not_picked":["Gatherer:WoolGloves","Gatherer:BambuSword","Gatherer:GlowingPlant"],"picked":"SKIP","floor":41},{"not_picked":["Gatherer:StoneFence","Gatherer:CollectorsShot+1","Gatherer:Solidify+1"],"picked":"SKIP","floor":41},{"not_picked":["Gatherer:BigPouch+1","Gatherer:DrugPower+1","Gatherer:Duality+1"],"picked":"SKIP","floor":44},{"not_picked":["Gatherer:Convert+1","Gatherer:FlowerPower+1"],"picked":"Gatherer:QuickSynthesis+1","floor":45},{"not_picked":["Gatherer:Snatch+1","Gatherer:SaveValuables+1","Gatherer:Frenzy"],"picked":"SKIP","floor":45}],"player_experience":813595,"relics_obtained":[{"floor":9,"key":"Bag of Preparation"},{"floor":13,"key":"Shuriken"},{"floor":22,"key":"Prayer Wheel"},{"floor":23,"key":"Ancient Tea Set"},{"floor":26,"key":"Bird Faced Urn"},{"floor":31,"key":"CeramicFish"},{"floor":43,"key":"Meat on the Bone"},{"floor":44,"key":"Akabeko"}],"event_choices":[{"damage_healed":0,"gold_gain":0,"player_choice":"Take Damage","damage_taken":19,"relics_obtained":["Golden Idol"],"max_hp_gain":0,"max_hp_loss":0,"event_name":"Golden Idol","floor":4,"gold_loss":0},{"damage_healed":0,"gold_gain":0,"player_choice":"RENOUNCE","damage_taken":58,"max_hp_gain":0,"max_hp_loss":0,"event_name":"betterThird:BetterSerpent","floor":5,"gold_loss":58,"cards_obtained":["Enlightenment"]},{"damage_healed":0,"gold_gain":0,"player_choice":"Slimed","damage_taken":11,"max_hp_gain":0,"max_hp_loss":0,"event_name":"betterThird:BetterGoop","floor":6,"gold_loss":0},{"cards_removed":["Gatherer:TacticalStrike"],"damage_healed":0,"gold_gain":0,"player_choice":"Purged","damage_taken":0,"max_hp_gain":0,"max_hp_loss":0,"event_name":"Purifier","floor":19,"gold_loss":0},{"damage_healed":0,"gold_gain":0,"player_choice":"Memory 1","damage_taken":0,"max_hp_gain":0,"max_hp_loss":0,"event_name":"SensoryStone","floor":37,"gold_loss":0},{"damage_healed":0,"gold_gain":333,"player_choice":"Gave Idol","damage_taken":0,"max_hp_gain":0,"max_hp_loss":0,"event_name":"The Moai Head","floor":42,"relics_lost":["Golden Idol"],"gold_loss":0},{"damage_healed":56,"gold_gain":0,"player_choice":"Heal","damage_taken":0,"max_hp_gain":0,"max_hp_loss":0,"event_name":"MindBloom","floor":46,"gold_loss":0,"cards_obtained":["Doubt"]}],"is_beta":false,"boss_relics":[{"not_picked":["Gatherer:MiracleBag","Cursed Key"],"picked":"SlaversCollar"},{"not_picked":["Fusion Hammer","Coffee Dripper"],"picked":"Empty Cage"}],"items_purged_floors":[3,30,48],"is_endless":false,"potions_floor_spawned":[1,2,10,16,20,24,31,39,41],"ascension_level":0}}