{"host":"zlprnsb5fznrfinh","time":1608751376,"event":{"mods":["Act Like it!","BaseMod","Block Reminder","Downfall","GifTheSpireLib","Minty Spire (QoL Compilation)","StSLib"],"gold_per_floor":[99,109,109,128,145,159,183,203,203,203,220,242,257,283,293,293,293,293],"floor_reached":16,"playtime":697,"items_purged":[],"score":106,"play_id":"cce01fbc-9154-4f0b-9d4c-a37803f1657c","local_time":"20201223112256","is_ascension_mode":false,"campfire_choices":[{"data":"hexamod:Sear","floor":1,"key":"SMITH"},{"data":"hexamod:Float","floor":10,"key":"SMITH"}],"circlet_count":0,"master_deck":["hexamod:Strike","hexamod:Strike","hexamod:Defend","hexamod:Defend","hexamod:Sear+1","hexamod:Float+1","hexamod:FirstSeal","hexamod:HeatMetal","hexamod:Incineration","hexamod:SoulSteal","hexamod:FirstSeal","hexamod:SoulSteal","hexamod:Hexaguard"],"relics":["Empty Cage","Juzu Bracelet","Odd Mushroom","Bronze Scales"],"acts_visited":["Exordium"],"potions_floor_usage":[6,11,13,15,15,15],"damage_taken":[{"damage":1,"enemies":"Cultist","floor":2,"turns":4},{"damage":3,"enemies":"Jaw Worm","floor":4,"turns":3},{"damage":1,"enemies":"2 Louse","floor":5,"turns":3},{"damage":16,"enemies":"Exordium Thugs","floor":6,"turns":3},{"damage":8,"enemies":"Red Slaver","floor":8,"turns":4},{"damage":22,"enemies":"Gremlin Gang","floor":11,"turns":3},{"damage":23,"enemies":"The Mushroom Lair","floor":12,"turns":4},{"damage":11,"enemies":"3 Louse","floor":13,"turns":4},{"damage":22,"enemies":"3 Sentries","floor":14,"turns":4},{"damage":7,"enemies":"2 Fungi Beasts","floor":15,"turns":2},{"damage":38,"enemies":"downfall:Defect","floor":16,"turns":4}],"seed_played":"8907701895420541970","potions_obtained":[{"floor":5,"key":"Fire Potion"},{"floor":6,"key":"DuplicationPotion"},{"floor":8,"key":"hexamod:EctoCoolerPotion"},{"floor":11,"key":"DuplicationPotion"},{"floor":13,"key":"sneckomod:MuddlingPotion"},{"floor":14,"key":"FearPotion"}],"is_trial":false,"path_per_floor":["R","M","?","M","M","M","T","M","?","R","M","?","M","E","M","B"],"character_chosen":"THE_SPIRIT","items_purchased":[],"campfire_rested":0,"item_purchase_floors":[],"current_hp_per_floor":[70,69,69,70,70,61,61,60,60,60,45,29,32,24,31,0,0,0],"gold":293,"neow_bonus":"BOSS_RELIC","is_daily":false,"chose_seed":false,"campfire_upgraded":2,"win_rate":0.0,"timestamp":1608751376,"path_taken":["R","M","?","?","M","?","T","M","?","R","M","?","M","E","M","BOSS"],"items_purchased_type":[],"build_version":"2020-12-22","purchased_purges":0,"victory":false,"max_hp_per_floor":[70,70,70,70,70,70,70,70,70,70,70,70,70,70,70,70,70,70],"card_choices":[{"not_picked":["hexamod:AdvancingGuard","hexamod:Again"],"picked":"hexamod:FirstSeal","floor":2},{"not_picked":["hexamod:SpectersWail","hexamod:GhostShield"],"picked":"hexamod:HeatMetal","floor":4},{"not_picked":["hexamod:SpectersWail","hexamod:AdvancingGuard","hexamod:HeatMetal"],"picked":"SKIP","floor":5},{"not_picked":["hexamod:GhostShield","hexamod:Hexaguard"],"picked":"hexamod:Incineration","floor":6},{"not_picked":["hexamod:SpectersWail","hexamod:Incineration","hexamod:SwordOfDarkness"],"picked":"SKIP","floor":8},{"not_picked":["hexamod:SpectersWail","hexamod:BurningTouch"],"picked":"hexamod:SoulSteal","floor":11},{"not_picked":["hexamod:AdvancingGuard","hexamod:NightmareGuise"],"picked":"hexamod:FirstSeal","floor":12},{"not_picked":["hexamod:Hexaguard","hexamod:SixthSeal"],"picked":"hexamod:SoulSteal","floor":13},{"not_picked":["hexamod:GhostOfSpirePast","hexamod:EmpoweredFlame","hexamod:HauntingEcho"],"picked":"SKIP","floor":14},{"not_picked":["hexamod:Firestarter","hexamod:GhostShield"],"picked":"hexamod:Hexaguard","floor":15}],"player_experience":713028,"relics_obtained":[{"floor":7,"key":"Juzu Bracelet"},{"floor":12,"key":"Odd Mushroom"},{"floor":14,"key":"Bronze Scales"}],"event_choices":[{"cards_removed":["hexamod:Strike"],"damage_healed":0,"gold_gain":0,"player_choice":"Purged","damage_taken":0,"max_hp_gain":0,"max_hp_loss":0,"event_name":"Purifier","floor":3,"gold_loss":0},{"cards_removed":["hexamod:Defend"],"damage_healed":0,"gold_gain":0,"player_choice":"Card Removal","damage_taken":0,"max_hp_gain":0,"max_hp_loss":0,"event_name":"The Cleric","floor":9,"gold_loss":0},{"damage_healed":0,"gold_gain":0,"player_choice":"Fought Mushrooms","damage_taken":0,"max_hp_gain":0,"max_hp_loss":0,"event_name":"Mushrooms","floor":12,"gold_loss":0}],"is_beta":false,"boss_relics":[],"items_purged_floors":[],"is_endless":false,"potions_floor_spawned":[5,6,8,11,13,14],"killed_by":"downfall:Defect","ascension_level":0}}