{"host":"crmowuwgj9wiiaqp","time":1608701931,"event":{"mods":["Bard","BaseMod","Minty Spire (QoL Compilation)","StSLib","The Marked"],"gold_per_floor":[117,21,36,36,49,49,88,88,111,130,151,151,151,164,164,288,288,306,306,329,348,122,122,122,145,145,145,169,204,204,244,244,244,244],"floor_reached":33,"playtime":1626,"items_purged":["theMarked:Strike"],"score":287,"play_id":"62cfda06-cd4d-4251-9e34-48062cc595fe","local_time":"20201222223851","is_ascension_mode":false,"campfire_choices":[{"data":"theMarked:MaelstromOfLightning","floor":6.0,"key":"SMITH"},{"data":"theMarked:ComboAttacks","floor":12.0,"key":"SMITH"},{"data":"theMarked:ParalyzingBlade","floor":15.0,"key":"SMITH"},{"floor":23,"key":"REST"},{"floor":30,"key":"REST"},{"data":"theMarked:EternalStudent","floor":32,"key":"SMITH"}],"circlet_count":0,"master_deck":["theMarked:Strike","theMarked:Strike","theMarked:Strike","theMarked:Defend","theMarked:Defend","theMarked:Defend","theMarked:Defend","theMarked:SoldierOfQuellstein","theMarked:MaelstromOfLightning+1","theMarked:EmpowerWeapon","theMarked:ComboAttacks+1","theMarked:ParalyzingBlade+1","theMarked:SwordAndMagic","theMarked:RepellingDischarge","theMarked:EternalStudent+1","theMarked:SoldierOfQuellstein","theMarked:RepellingDischarge"],"relics":["theMarked:ArtifactOfAir","Golden Idol","Anchor","Regal Pillow","Velvet Choker","Medical Kit","Vajra","Prayer Wheel","WingedGreaves"],"acts_visited":["Exordium","TheCity"],"potions_floor_usage":[29,31],"damage_taken":[{"damage":1.0,"enemies":"Cultist","floor":1.0,"turns":3.0},{"damage":1.0,"enemies":"Jaw Worm","floor":3.0,"turns":3.0},{"damage":7.0,"enemies":"Small Slimes","floor":5.0,"turns":3.0},{"damage":18.0,"enemies":"3 Sentries","floor":7.0,"turns":6.0},{"damage":4.0,"enemies":"Exordium Thugs","floor":10.0,"turns":3.0},{"damage":4.0,"enemies":"Blue Slaver","floor":11.0,"turns":3.0},{"damage":0.0,"enemies":"2 Fungi Beasts","floor":14.0,"turns":3.0},{"damage":26.0,"enemies":"The Guardian","floor":16.0,"turns":12.0},{"damage":8.0,"enemies":"Shell Parasite","floor":18.0,"turns":5.0},{"damage":10.0,"enemies":"2 Thieves","floor":20.0,"turns":3.0},{"damage":18.0,"enemies":"Snake Plant","floor":21.0,"turns":5.0},{"damage":27,"enemies":"Cultist and Chosen","floor":25,"turns":5},{"damage":0,"enemies":"Centurion and Healer","floor":28,"turns":5},{"damage":26,"enemies":"Slavers","floor":29,"turns":6},{"damage":14,"enemies":"Book of Stabbing","floor":31,"turns":5},{"damage":41,"enemies":"Collector","floor":33,"turns":6}],"seed_played":"-1202535325375559345","potions_obtained":[{"floor":7.0,"key":"PowerPotion"},{"floor":10.0,"key":"theMarked:ChargePotion"},{"floor":14.0,"key":"LiquidMemories"},{"floor":16.0,"key":"Strength Potion"},{"floor":31,"key":"EssenceOfSteel"}],"is_trial":false,"path_per_floor":["M","$","M","?","M","R","E","?","T","M","M","R","?","M","R","B",null,"M","?","M","M","$","R","?","M","T","T","M","E","R","E","R","B"],"character_chosen":"THE_DEFAULT","items_purchased":["theMarked:EmpowerWeapon","theMarked:ComboAttacks","Medical Kit"],"campfire_rested":2,"item_purchase_floors":[2,2,22],"current_hp_per_floor":[76,76,75,71,64,64,46,46,46,42,38,38,38,38,38,12,71,63,63,53,35,35,71,71,44,44,44,44,18,54,40,40,0,0],"gold":244,"neow_bonus":"TEN_PERCENT_HP_BONUS","is_daily":false,"chose_seed":false,"campfire_upgraded":4,"win_rate":0.0,"timestamp":1608701931,"path_taken":["M","$","?","?","M","R","E","?","T","?","M","R","?","M","R","BOSS","M","?","M","?","$","R","?","M","T","?","M","E","R","E","R","BOSS"],"items_purchased_type":["Card","Card","Relic"],"build_version":"2020-12-22","purchased_purges":1,"victory":false,"max_hp_per_floor":[77,77,77,71,71,71,71,71,71,71,71,71,71,71,71,71,71,71,71,71,71,71,71,71,71,71,71,71,71,71,71,71,71,71],"card_choices":[{"not_picked":["theMarked:Frustration","theMarked:Generate"],"picked":"theMarked:MaelstromOfLightning","floor":1.0},{"not_picked":["theMarked:HeightenedSenses","theMarked:WardOff"],"picked":"theMarked:ParalyzingBlade","floor":3.0},{"not_picked":["theMarked:Polarize","theMarked:GodGivenPower"],"picked":"theMarked:SwordAndMagic","floor":5.0},{"not_picked":["theMarked:Panic","theMarked:EnhanceMovement"],"picked":"theMarked:RepellingDischarge","floor":7.0},{"not_picked":["theMarked:Aftermath","theMarked:ResourceFulStrike","theMarked:Electrocute"],"picked":"SKIP","floor":10.0},{"not_picked":["theMarked:Electrocute","theMarked:TakeCover","theMarked:Convert"],"picked":"SKIP","floor":11.0},{"not_picked":["theMarked:ShockingTouch","theMarked:TwofoldDefense","theMarked:ResourceFulStrike"],"picked":"SKIP","floor":14.0},{"not_picked":["theMarked:SoldierForm","theMarked:ThrowWeapon"],"picked":"theMarked:EternalStudent","floor":16.0},{"not_picked":["theMarked:Aftermath","theMarked:Panic","theMarked:EmpowerWeapon"],"picked":"SKIP","floor":18.0},{"not_picked":["theMarked:BanishingStrike+1","theMarked:GodGivenPower","theMarked:CreepingChasm"],"picked":"SKIP","floor":20.0},{"not_picked":["theMarked:RepellingDischarge","theMarked:WastefulAttack","theMarked:Aftermath+1"],"picked":"SKIP","floor":21.0},{"not_picked":["theMarked:Electrocute","theMarked:MaelstromOfLightning+1"],"picked":"theMarked:RepellingDischarge","floor":25},{"not_picked":["theMarked:SwordAndMagic","theMarked:PowerFlow","theMarked:Indomitable"],"picked":"SKIP","floor":28},{"not_picked":["theMarked:Parkour","theMarked:ShockingTouch+1","theMarked:Frustration"],"picked":"SKIP","floor":29},{"not_picked":["theMarked:Electrocute","theMarked:SoldierForm","theMarked:SwordAndMagic"],"picked":"SKIP","floor":31}],"player_experience":1311886,"relics_obtained":[{"floor":7.0,"key":"Anchor"},{"floor":9.0,"key":"Regal Pillow"},{"floor":27,"key":"Vajra"},{"floor":29,"key":"Prayer Wheel"},{"floor":31,"key":"WingedGreaves"}],"event_choices":[{"damage_healed":0.0,"max_hp_gain":0.0,"max_hp_loss":6.0,"gold_gain":0.0,"event_name":"Golden Idol","player_choice":"Lose Max HP","floor":4.0,"gold_loss":0.0,"damage_taken":0.0,"relics_obtained":["Golden Idol"]},{"cards_removed":["theMarked:Strike"],"damage_healed":0.0,"max_hp_gain":0.0,"max_hp_loss":0.0,"gold_gain":0.0,"event_name":"Bonfire Elementals","player_choice":"Offered Basic","floor":8.0,"gold_loss":0.0,"damage_taken":0.0},{"damage_healed":0.0,"max_hp_gain":0.0,"max_hp_loss":0.0,"gold_gain":0.0,"event_name":"Liars Game","player_choice":"Ignored","floor":13.0,"gold_loss":0.0,"damage_taken":0.0},{"damage_healed":0.0,"max_hp_gain":0.0,"max_hp_loss":0.0,"gold_gain":0.0,"event_name":"Duplicator","player_choice":"Copied","floor":19.0,"gold_loss":0.0,"damage_taken":0.0,"cards_obtained":["theMarked:SoldierOfQuellstein"]}],"is_beta":false,"boss_relics":[{"not_picked":["Coffee Dripper","Runic Pyramid"],"picked":"Velvet Choker"}],"items_purged_floors":[22],"is_endless":false,"potions_floor_spawned":[7,10,14,16,21,25,31],"killed_by":"Collector","ascension_level":0}}