{"host":"egyxg9lnjq7g2hmw","time":1608691386,"event":{"mods":["AchievementEnabler","BaseMod","Block Reminder","Colored Map","Colored Powertips","Highlight Path","Minty Spire (QoL Compilation)","Rare Cards Sparkle","StSLib"],"gold_per_floor":[114,124,134,22,122,152,152,8,8,17,42,42,83,101,101,185,185,204,129,43,52,77,112,112,143,143,164,164,189,189,199,199,286,286,308,336,336,336],"floor_reached":37,"playtime":2822,"items_purged":["Normality"],"score":838,"play_id":"97a51f5c-3603-4d30-af47-15c14320a0ba","local_time":"20201222184306","is_ascension_mode":true,"campfire_choices":[{"data":"Neutralize","floor":7.0,"key":"SMITH"},{"data":"Well Laid Plans","floor":15.0,"key":"SMITH"},{"data":"Choke","floor":24.0,"key":"SMITH"},{"data":"Accuracy","floor":30.0,"key":"SMITH"},{"data":"Infinite Blades","floor":32.0,"key":"SMITH"}],"circlet_count":0,"master_deck":["AscendersBane","Strike_G","Strike_G","Strike_G","Strike_G","Strike_G","Defend_G","Defend_G","Defend_G","Defend_G","Defend_G","Survivor","Neutralize+1","Dash","Backstab","Finisher","Backstab","Infinite Blades+1","Footwork","Well Laid Plans+1","Cloak And Dagger","Doppelganger","Cloak And Dagger+1","Choke+1","PiercingWail","Terror","Acrobatics","Accuracy+1","Burst","Concentrate","Dagger Throw"],"relics":["Ring of the Snake","Blue Candle","CeramicFish","Potion Belt","Kunai","Mummified Hand","Coffee Dripper","PreservedInsect","Lantern","Boot","HoveringKite"],"acts_visited":["Exordium","TheCity","TheBeyond"],"potions_floor_usage":[33,33],"damage_taken":[{"damage":6.0,"enemies":"Cultist","floor":1.0,"turns":5.0},{"damage":4.0,"enemies":"Jaw Worm","floor":2.0,"turns":4.0},{"damage":0.0,"enemies":"Small Slimes","floor":3.0,"turns":3.0},{"damage":15.0,"enemies":"Lagavulin","floor":6.0,"turns":3.0},{"damage":4.0,"enemies":"Blue Slaver","floor":11.0,"turns":4.0},{"damage":12.0,"enemies":"3 Sentries","floor":13.0,"turns":8.0},{"damage":1.0,"enemies":"Exordium Wildlife","floor":14.0,"turns":3.0},{"damage":18.0,"enemies":"The Guardian","floor":16.0,"turns":15.0},{"damage":1.0,"enemies":"3 Byrds","floor":18.0,"turns":7.0},{"damage":0.0,"enemies":"Spheric Guardian","floor":22.0,"turns":4.0},{"damage":29.0,"enemies":"Gremlin Leader","floor":23.0,"turns":14.0},{"damage":9.0,"enemies":"Slavers","floor":25.0,"turns":6.0},{"damage":4.0,"enemies":"Shelled Parasite and Fungi","floor":27.0,"turns":5.0},{"damage":0.0,"enemies":"Centurion and Healer","floor":29.0,"turns":4.0},{"damage":0.0,"enemies":"3 Cultists","floor":31.0,"turns":4.0},{"damage":15,"enemies":"Automaton","floor":33,"turns":9},{"damage":12,"enemies":"Orb Walker","floor":35,"turns":2},{"damage":24,"enemies":"3 Darklings","floor":36,"turns":5},{"damage":30,"enemies":"Maw","floor":37,"turns":8}],"seed_played":"-1842132718166823116","potions_obtained":[{"floor":1.0,"key":"Poison Potion"},{"floor":2.0,"key":"AttackPotion"},{"floor":3.0,"key":"BlessingOfTheForge"},{"floor":22.0,"key":"Fruit Juice"},{"floor":25.0,"key":"DuplicationPotion"},{"floor":27.0,"key":"SkillPotion"},{"floor":28.0,"key":"PowerPotion"},{"floor":28.0,"key":"ColorlessPotion"}],"is_trial":false,"path_per_floor":["M","M","M","$","?","E","R","$","T","?","M","T","E","M","R","B",null,"M","?","$","?","M","E","R","E","T","M","?","M","R","M","R","B",null,"M","M","M"],"character_chosen":"THE_SILENT","items_purchased":["Backstab","Footwork","Dexterity Potion","LiquidMemories"],"campfire_rested":0,"item_purchase_floors":[4,8,8,20],"current_hp_per_floor":[65,61,61,61,61,46,46,46,46,46,42,42,30,29,29,11,61,60,60,60,60,60,31,36,27,27,23,23,23,23,23,23,8,64,52,28,0,0],"gold":336,"neow_bonus":"TWENTY_PERCENT_HP_BONUS","is_daily":false,"chose_seed":false,"campfire_upgraded":5,"win_rate":0.0,"timestamp":1608691386,"path_taken":["M","?","M","$","?","E","R","?","T","?","M","?","E","M","R","BOSS","M","?","$","?","?","E","R","E","T","M","?","M","R","?","R","BOSS","M","M","M"],"items_purchased_type":["Card","Card","Potion","Potion"],"build_version":"2020-12-13","purchased_purges":1,"victory":false,"max_hp_per_floor":[78,78,78,78,78,78,78,78,78,78,78,78,78,78,78,78,78,78,78,78,78,78,78,83,83,83,83,83,83,83,83,83,83,83,83,83,83,83],"card_choices":[{"not_picked":["Crippling Poison","PiercingWail"],"picked":"Dash","floor":1.0},{"not_picked":["Dash","Calculated Gamble"],"picked":"Backstab","floor":2.0},{"not_picked":["Acrobatics","Prepared"],"picked":"Finisher","floor":3.0},{"not_picked":["Finisher","Choke"],"picked":"Infinite Blades","floor":6.0},{"not_picked":["Prepared","Footwork"],"picked":"Well Laid Plans","floor":11.0},{"not_picked":["Well Laid Plans","Infinite Blades"],"picked":"Cloak And Dagger","floor":13.0},{"not_picked":["Flying Knee","Quick Slash","Eviscerate"],"picked":"SKIP","floor":14.0},{"not_picked":["Phantasmal Killer","Unload"],"picked":"Doppelganger","floor":16.0},{"not_picked":["Blur","Sucker Punch"],"picked":"Cloak And Dagger+1","floor":18.0},{"not_picked":["Eviscerate+1","Catalyst+1"],"picked":"PiercingWail","floor":22.0},{"not_picked":["Eviscerate","Underhanded Strike"],"picked":"Terror","floor":23.0},{"not_picked":["Well Laid Plans","Outmaneuver","Doppelganger"],"picked":"SKIP","floor":25.0},{"not_picked":["Slice","Underhanded Strike"],"picked":"Acrobatics","floor":27.0},{"not_picked":["PiercingWail","Crippling Poison"],"picked":"Accuracy","floor":29.0},{"not_picked":["Skewer","Dagger Spray","Flechettes"],"picked":"SKIP","floor":31.0},{"not_picked":["Unload","A Thousand Cuts"],"picked":"Burst","floor":33},{"not_picked":["PiercingWail+1","Distraction"],"picked":"Concentrate","floor":35},{"not_picked":["Endless Agony","PiercingWail"],"picked":"Dagger Throw","floor":36}],"player_experience":568184,"relics_obtained":[{"floor":6.0,"key":"Blue Candle"},{"floor":9.0,"key":"CeramicFish"},{"floor":12.0,"key":"Kunai"},{"floor":13.0,"key":"Mummified Hand"},{"floor":23.0,"key":"PreservedInsect"},{"floor":25.0,"key":"Lantern"},{"floor":26.0,"key":"Boot"}],"event_choices":[{"damage_healed":0.0,"max_hp_gain":0.0,"max_hp_loss":0.0,"gold_gain":100.0,"event_name":"Wheel of Change","player_choice":"Gold","floor":5.0,"gold_loss":0.0,"damage_taken":0.0},{"damage_healed":0.0,"max_hp_gain":0.0,"max_hp_loss":0.0,"gold_gain":0.0,"event_name":"Big Fish","player_choice":"Box","floor":10.0,"gold_loss":0.0,"damage_taken":0.0,"relics_obtained":["Potion Belt"],"cards_obtained":["Regret"]},{"cards_removed":["Regret"],"damage_healed":0.0,"max_hp_gain":0.0,"max_hp_loss":0.0,"gold_gain":0.0,"event_name":"Beggar","player_choice":"Gave Gold","floor":19.0,"gold_loss":75.0,"damage_taken":0.0},{"damage_healed":0.0,"max_hp_gain":0.0,"max_hp_loss":0.0,"gold_gain":0.0,"event_name":"Match and Keep!","player_choice":"1 cards matched","floor":21.0,"gold_loss":0.0,"damage_taken":0.0,"cards_obtained":["Choke"]},{"damage_healed":0.0,"max_hp_gain":0.0,"max_hp_loss":0.0,"gold_gain":0.0,"event_name":"Lab","player_choice":"Got Potions","floor":28.0,"gold_loss":0.0,"damage_taken":0.0}],"is_beta":false,"boss_relics":[{"not_picked":["Pandora\u0027s Box","SlaversCollar"],"picked":"Coffee Dripper"},{"not_picked":["Philosopher\u0027s Stone","Ring of the Serpent"],"picked":"HoveringKite"}],"items_purged_floors":[4],"is_endless":false,"potions_floor_spawned":[1,2,3,22,25,27],"killed_by":"Maw","ascension_level":20}}