{"host":"btj53a7qlsawl9sy","time":1608727190,"event":{"mods":["Act Like it!","BaseMod","Better Vampires","Colored Powertips","Gensokyo","Luminous","Marisa（F雨　魔理沙）","Marked Mod","Minty Spire (QoL Compilation)","Quick Restart","Reimu（博丽灵梦）","Relic Stats","Remilia（蕾米莉亚）","Replay The Spire","Spicy Shops","StSLib","The Administrix","The Hierophant","The Servant 0.9.4","Waifu the Spire","WarShipGirlsR/战舰少女R mod","Youmu（魂魄妖梦）","Yuyuko","vexMod","【东方二次创作】八云紫mod","【遗物卡牌】REMEMod"],"gold_per_floor":[114,146,146,171,200,200,235,235,289,306,306,335,345,372,372,382,382],"floor_reached":16,"playtime":783,"items_purged":[],"score":114,"play_id":"2d5bf5fb-3e9c-4554-a0e1-1062589d9b14","local_time":"20201223203950","is_ascension_mode":false,"campfire_choices":[{"floor":6,"key":"REST"},{"data":"RefractionSpark","floor":8,"key":"SMITH"},{"floor":11,"key":"RECALL"},{"data":"AsteroidBelt","floor":15,"key":"SMITH"}],"circlet_count":0,"master_deck":["Strike_MRS","Strike_MRS","Strike_MRS","Strike_MRS","Defend_MRS","Defend_MRS","Defend_MRS","Defend_MRS","MasterSpark","UpSweep","DarkMatter+1","WitchOfGreed","RefractionSpark+1","GalacticHalo","IllusionStar","AsteroidBelt+1","Acceleration","SporeBomb","GalacticHalo","Robbery"],"relics":["MiniHakkero","REME_ComplimentaryCards","HandmadeGrimoire","ScarletDevilRocket"],"acts_visited":["Exordium"],"potions_floor_usage":[7,13,14,16,16],"damage_taken":[{"damage":0,"enemies":"2 Louse","floor":1,"turns":3},{"damage":1,"enemies":"Cultist","floor":2,"turns":4},{"damage":10,"enemies":"Small Slimes","floor":4,"turns":3},{"damage":10,"enemies":"Red Slaver","floor":5,"turns":5},{"damage":2,"enemies":"3 Sentries","floor":7,"turns":9},{"damage":0,"enemies":"2 Fungi Beasts","floor":10,"turns":3},{"damage":0,"enemies":"Looter","floor":12,"turns":3},{"damage":0,"enemies":"Lots of Slimes","floor":13,"turns":2},{"damage":14,"enemies":"Lagavulin","floor":14,"turns":7},{"damage":60,"enemies":"Hexaghost","floor":16,"turns":15}],"seed_played":"6839752871458163942","potions_obtained":[{"floor":5,"key":"LifebloodPotion"},{"floor":5,"key":"ColorlessPotion"},{"floor":7,"key":"ZuzhouPotion:ReiMu"},{"floor":10,"key":"Explosive Potion"},{"floor":13,"key":"Ancient Potion"}],"is_trial":false,"path_per_floor":["M","M","?","M","M","R","E","R","T","M","R","M","M","E","R","B"],"character_chosen":"MARISA","items_purchased":[],"campfire_rested":1,"item_purchase_floors":[],"current_hp_per_floor":[75,74,74,64,54,75,73,73,73,73,73,73,73,59,59,0,0],"gold":382,"neow_bonus":"THREE_CARDS","is_daily":false,"chose_seed":false,"campfire_upgraded":2,"win_rate":0.0,"timestamp":1608727190,"path_taken":["M","M","?","?","M","R","E","R","T","?","R","M","M","E","R","BOSS"],"items_purchased_type":[],"build_version":"2020-12-22","purchased_purges":0,"victory":false,"max_hp_per_floor":[75,75,75,75,75,75,75,75,75,75,75,75,75,75,75,75,75],"relic_stats":{"counters":[10,54],"obtain_stats":[{"ScarletDevilRocket":14,"HandmadeGrimoire":7,"MiniHakkero":0,"REME_ComplimentaryCards":0},{"ScarletDevilRocket":9,"HandmadeGrimoire":5,"MiniHakkero":0,"REME_ComplimentaryCards":0},{"ScarletDevilRocket":39,"HandmadeGrimoire":24,"MiniHakkero":0,"REME_ComplimentaryCards":0}]},"card_choices":[{"not_picked":["WitchLeyline","DoubleSpark"],"picked":"DarkMatter","floor":0},{"not_picked":["WitchLeyline","MysteriousBeam"],"picked":"WitchOfGreed","floor":1},{"not_picked":["PowerUp","Orbital"],"picked":"RefractionSpark","floor":2},{"not_picked":["DarkSpark","Acceleration"],"picked":"GalacticHalo","floor":4},{"not_picked":["NonDirectionalLaser","ShootTheMoon"],"picked":"IllusionStar","floor":5},{"not_picked":["EarthLightRay","OortCloud"],"picked":"AsteroidBelt","floor":7},{"not_picked":["ShootingEcho","IllusionStar"],"picked":"Acceleration","floor":10},{"not_picked":["GrandCross","IllusionStar"],"picked":"SporeBomb","floor":12},{"not_picked":["WitchOfGreed","DarkSpark"],"picked":"GalacticHalo","floor":13},{"not_picked":["BlazingStar","PowerUp"],"picked":"Robbery","floor":14}],"player_experience":105477,"relics_obtained":[{"floor":7,"key":"HandmadeGrimoire"},{"floor":14,"key":"ScarletDevilRocket"}],"event_choices":[{"damage_healed":0,"gold_gain":0,"player_choice":"Forge","damage_taken":0,"max_hp_gain":0,"max_hp_loss":0,"event_name":"Accursed Blacksmith","floor":3,"gold_loss":0,"cards_upgraded":["DarkMatter"]}],"is_beta":false,"boss_relics":[],"items_purged_floors":[],"is_endless":false,"potions_floor_spawned":[5,7,10,13],"killed_by":"Hexaghost","ascension_level":0}}