{"host":"j204k34h42bd6fas","time":1608701410,"event":{"mods":["Aspiration","BaseMod","Colored Map","Colored Powertips","Conspire","Hubris","Infinite Spire","Mimic Mod","Minty Spire (QoL Compilation)","Rare Cards Sparkle","Relic Stats","Replay The Spire","Say the Spire","StSLib","The Cursed"],"gold_per_floor":[114,6,26,36,36,68,68],"floor_reached":6,"playtime":127,"items_purged":[],"score":55,"play_id":"a1a18d65-2fd6-4539-9609-7f7ba25e2522","local_time":"20201223003010","is_ascension_mode":true,"campfire_choices":[],"circlet_count":0,"master_deck":["Strike_R","Strike_R","Strike_R","Strike_R","Strike_R","Defend_R","Defend_R","Defend_R","Defend_R","Bash","Rupture","Rupture","Cleave","Cleave","ReplayTheSpireMod:Limb From Limb","Body Slam","Mind Blast","Life Link","Reckless Charge"],"relics":["Burning Blood","NeowsBlessing","Regal Pillow"],"acts_visited":["Exordium"],"potions_floor_usage":[],"damage_taken":[{"damage":0,"enemies":"2 Louse","floor":1,"turns":1},{"damage":0,"enemies":"Cultist","floor":3,"turns":1},{"damage":0,"enemies":"Jaw Worm","floor":4,"turns":1},{"damage":50,"enemies":"Lagavulin","floor":6,"turns":8}],"seed_played":"-5769851974188824526","potions_obtained":[{"floor":1,"key":"LiquidBronze"},{"floor":3,"key":"BlessingOfTheForge"},{"floor":4,"key":"conspire:TimeTravelPotion"}],"is_trial":false,"path_per_floor":["M","$","M","M","?","E"],"character_chosen":"IRONCLAD","items_purchased":["Rupture","Cleave"],"campfire_rested":0,"item_purchase_floors":[2,2],"current_hp_per_floor":[80,80,80,80,80,36,36],"gold":68,"neow_bonus":"THREE_ENEMY_KILL","is_daily":false,"chose_seed":false,"campfire_upgraded":0,"win_rate":0.0,"timestamp":1608701410,"path_taken":["M","$","M","M","?","E"],"items_purchased_type":["Card","Card"],"build_version":"2020-12-22","purchased_purges":0,"victory":false,"max_hp_per_floor":[80,80,80,80,80,80,80],"relic_stats":{"Regal Pillow":0,"counters":[4,11],"obtain_stats":[{"Regal Pillow":6,"NeowsBlessing":0,"Burning Blood":0},{"Regal Pillow":4,"NeowsBlessing":0,"Burning Blood":0},{"Regal Pillow":11,"NeowsBlessing":0,"Burning Blood":0}],"Burning Blood":6},"card_choices":[{"not_picked":["Pommel Strike","Wild Strike","Clash"],"picked":"SKIP","floor":1},{"not_picked":["Shrug It Off","ReplayTheSpireMod:Corrosion Curse"],"picked":"Cleave","floor":3},{"not_picked":["Defy Death","Warcry"],"picked":"ReplayTheSpireMod:Limb From Limb","floor":4},{"not_picked":["Searing Blow","Abandon"],"picked":"Reckless Charge","floor":6}],"player_experience":284922,"relics_obtained":[{"floor":6,"key":"Regal Pillow"}],"event_choices":[{"damage_healed":0,"gold_gain":0,"player_choice":"3 cards matched","damage_taken":0,"max_hp_gain":0,"max_hp_loss":0,"event_name":"Match and Keep!","floor":5,"gold_loss":0,"cards_obtained":["Body Slam","Mind Blast","Life Link"]}],"is_beta":false,"boss_relics":[],"items_purged_floors":[],"is_endless":false,"potions_floor_spawned":[1,3,4],"killed_by":"Lagavulin","ascension_level":4}}