{"host":"x4x6fw95e6eqd4n0","time":1608688551,"event":{"mods":["AchievementEnabler","BaseMod","Colored Map","Colored Powertips","DeckTracker","Minty Spire (QoL Compilation)"],"gold_per_floor":[117,117,192,208,208,208,239,239,239,255,255,278,278,298,298,298,298],"floor_reached":16,"playtime":905,"items_purged":[],"score":125,"play_id":"d117be86-337e-406d-8643-b0fe0b2dd8db","local_time":"20201223035551","is_ascension_mode":false,"campfire_choices":[{"data":"Quick Slash","floor":6,"key":"SMITH"},{"data":"Cloak And Dagger","floor":8,"key":"SMITH"},{"data":"Blur","floor":13,"key":"SMITH"},{"data":"Tools of the Trade","floor":15,"key":"SMITH"}],"circlet_count":0,"master_deck":["Strike_G","Strike_G","Defend_G","Defend_G","Defend_G","Defend_G","Defend_G","Survivor+1","Neutralize","Dodge and Roll+1","Footwork+1","Wraith Form v2+1","Quick Slash+1","Backflip+1","Cloak And Dagger+1","Flechettes+1","Blur+1","Tools of the Trade+1"],"relics":["Astrolabe","Eternal Feather","Molten Egg 2","Golden Idol"],"acts_visited":["Exordium"],"potions_floor_usage":[16,16],"damage_taken":[{"damage":4,"enemies":"Small Slimes","floor":1,"turns":8},{"damage":0,"enemies":"2 Louse","floor":4,"turns":7},{"damage":0,"enemies":"Lagavulin","floor":7,"turns":12},{"damage":0,"enemies":"Jaw Worm","floor":10,"turns":6},{"damage":0,"enemies":"Large Slime","floor":12,"turns":6},{"damage":0,"enemies":"Blue Slaver","floor":14,"turns":5},{"damage":59,"enemies":"Hexaghost","floor":16,"turns":17}],"seed_played":"9030997990477054861","potions_obtained":[{"floor":10,"key":"SpeedPotion"},{"floor":12,"key":"LiquidMemories"}],"is_trial":false,"path_per_floor":["M","?","?","M","?","R","E","R","T","M","?","M","R","M","R","B"],"character_chosen":"THE_SILENT","items_purchased":[],"campfire_rested":0,"item_purchase_floors":[],"current_hp_per_floor":[66,71,60,60,45,45,45,54,54,54,36,36,45,45,54,0,0],"gold":298,"neow_bonus":"BOSS_RELIC","is_daily":false,"chose_seed":false,"campfire_upgraded":4,"win_rate":0.0,"timestamp":1608688551,"path_taken":["M","?","?","M","?","R","E","R","T","M","?","M","R","?","R","BOSS"],"items_purchased_type":[],"build_version":"2020-12-13","purchased_purges":0,"victory":false,"max_hp_per_floor":[70,75,75,75,75,75,75,75,75,75,75,75,75,75,75,75,75],"card_choices":[{"not_picked":["Poisoned Stab","Outmaneuver"],"picked":"Quick Slash","floor":1},{"not_picked":["Dagger Throw","Deflect"],"picked":"Backflip","floor":4},{"not_picked":["Blade Dance","Acrobatics"],"picked":"Cloak And Dagger","floor":7},{"not_picked":["Poisoned Stab+1","Choke+1"],"picked":"Flechettes+1","floor":10},{"not_picked":["Finisher+1","Flying Knee+1"],"picked":"Blur","floor":12},{"not_picked":["Slice+1","Tactician"],"picked":"Tools of the Trade","floor":14}],"player_experience":31559,"relics_obtained":[{"floor":7,"key":"Eternal Feather"},{"floor":9,"key":"Molten Egg 2"}],"event_choices":[{"damage_healed":0,"gold_gain":0,"player_choice":"Donut","damage_taken":0,"max_hp_gain":5,"max_hp_loss":0,"event_name":"Big Fish","floor":2,"gold_loss":0},{"damage_healed":0,"gold_gain":75,"player_choice":"Gather Gold","damage_taken":11,"max_hp_gain":0,"max_hp_loss":0,"event_name":"World of Goop","floor":3,"gold_loss":0},{"damage_healed":0,"gold_gain":0,"player_choice":"Entered Light","damage_taken":15,"max_hp_gain":0,"max_hp_loss":0,"event_name":"Shining Light","floor":5,"gold_loss":0,"cards_upgraded":["Survivor","Backflip"]},{"damage_healed":0,"gold_gain":0,"player_choice":"Take Damage","damage_taken":18,"relics_obtained":["Golden Idol"],"max_hp_gain":0,"max_hp_loss":0,"event_name":"Golden Idol","floor":11,"gold_loss":0}],"is_beta":false,"boss_relics":[],"items_purged_floors":[],"is_endless":false,"potions_floor_spawned":[10,12],"killed_by":"Hexaghost","ascension_level":0}}