{"host":"uuxww4b5od0o4ivw","time":1608707169,"event":{"mods":["BaseMod","Downfall","Minty Spire (QoL Compilation)","StSLib"],"gold_per_floor":[99,111,122,59,71,88,114,131,131,148,148,88,88,104,119,224,224,224,243,258,243,243,243,243,243],"floor_reached":23,"playtime":1417,"items_purged":[],"score":185,"play_id":"471b70ab-fe5a-4470-aa6a-f8fa252d5b29","local_time":"20201222210609","is_ascension_mode":false,"campfire_choices":[{"floor":1.0,"key":"RECALL"},{"floor":11.0,"key":"REST"},{"data":"Slimebound:AcidTongue","floor":13.0,"key":"SMITH"},{"data":"Slimebound:GoopSpray","floor":18,"key":"SMITH"}],"circlet_count":0,"master_deck":["Slimebound:Strike_Slimebound","Slimebound:Strike_Slimebound","Slimebound:Strike_Slimebound","Slimebound:Tackle","Slimebound:Defend_Slimebound","Slimebound:Defend_Slimebound","Slimebound:Defend_Slimebound","Slimebound:Defend_Slimebound","Slimebound:Split","Slimebound:CorrosiveSpit","Slimebound:RejuvenatingLick","Slimebound:SplitBruiser","Slimebound:GoopSpray+1","Slimebound:SamplingLick","Slimebound:LivingWall","Slimebound:AcidTongue+1","Slimebound:Teamwork","Slimebound:Dissolve","Slimebound:LivingWall","Slimebound:SamplingLick","Slimebound:Prepare","Slimebound:FinishingTackle","Slimebound:OozeBath","Slimebound:MegaLick","Slimebound:SplitMire","Slimebound:SplitMire"],"relics":["Slimebound:AbsorbEndCombat","Philosopher\u0027s Stone"],"acts_visited":["Exordium","TheCity"],"potions_floor_usage":[],"damage_taken":[{"damage":9.0,"enemies":"Small Slimes","floor":2.0,"turns":4.0},{"damage":7.0,"enemies":"Cultist","floor":3.0,"turns":5.0},{"damage":19.0,"enemies":"downfall:FleeingMerchant","floor":4.0,"turns":4.0},{"damage":6.0,"enemies":"Jaw Worm","floor":5.0,"turns":3.0},{"damage":13.0,"enemies":"3 Louse","floor":6.0,"turns":4.0},{"damage":21.0,"enemies":"2 Fungi Beasts","floor":8.0,"turns":4.0},{"damage":12.0,"enemies":"Blue Slaver","floor":10.0,"turns":5.0},{"damage":16.0,"enemies":"downfall:FleeingMerchant","floor":12.0,"turns":4.0},{"damage":8.0,"enemies":"3 Louse","floor":14.0,"turns":4.0},{"damage":26.0,"enemies":"Exordium Thugs","floor":15.0,"turns":6.0},{"damage":87.0,"enemies":"downfall:Silent","floor":16.0,"turns":13.0},{"damage":58,"enemies":"3 Byrds","floor":19,"turns":6},{"damage":7,"enemies":"Snecko","floor":20,"turns":5},{"damage":19,"enemies":"downfall:FleeingMerchant","floor":21,"turns":4},{"damage":10,"enemies":"Book of Stabbing","floor":23,"turns":1}],"seed_played":"4770655564565484954","potions_obtained":[{"floor":2.0,"key":"Fruit Juice"},{"floor":3.0,"key":"AttackPotion"},{"floor":5.0,"key":"Fire Potion"},{"floor":8.0,"key":"FairyPotion"},{"floor":16.0,"key":"SpeedPotion"},{"floor":19,"key":"AttackPotion"}],"is_trial":false,"path_per_floor":["R","M","M","$","M","M","T","M","?","M","R","$","R","M","M","B",null,"R","M","M","$","?","E"],"character_chosen":"SLIMEBOUND","items_purchased":["Slimebound:SamplingLick","Slimebound:SamplingLick"],"campfire_rested":1,"item_purchase_floors":[4,12],"current_hp_per_floor":[66,63,66,57,63,62,62,55,55,53,66,60,60,66,54,11,71,71,29,32,25,9,0,0,0],"gold":243,"neow_bonus":"TEN_PERCENT_HP_BONUS","is_daily":false,"chose_seed":false,"campfire_upgraded":2,"win_rate":0.0,"timestamp":1608707169,"path_taken":["R","M","M","$","M","M","T","M","?","M","R","$","R","M","M","BOSS","R","M","M","$","?","E"],"items_purchased_type":["Card","Card"],"build_version":"2020-12-22","purchased_purges":0,"victory":false,"max_hp_per_floor":[66,66,66,66,66,66,66,66,66,66,66,66,66,66,66,71,71,71,71,71,71,71,71,71,71],"card_choices":[{"not_picked":["Slimebound:LivingWall","Slimebound:HauntingLick"],"picked":"Slimebound:RejuvenatingLick","floor":2.0},{"not_picked":["Slimebound:Nibble","Slimebound:SlimeBrawl"],"picked":"Slimebound:SplitBruiser","floor":3.0},{"not_picked":["Slimebound:SplitBruiser","Slimebound:SlimeSpikes"],"picked":"Slimebound:GoopSpray","floor":4.0},{"not_picked":["Slimebound:Replication","Slimebound:ComboTackle"],"picked":"Slimebound:LivingWall","floor":5.0},{"not_picked":["Slimebound:GrowthPunch","Slimebound:ComboTackle"],"picked":"Slimebound:Replication","floor":6.0},{"not_picked":["Slimebound:Schlurp","Slimebound:Grow"],"picked":"Slimebound:AcidTongue","floor":8.0},{"not_picked":["Slimebound:LeechingTouch","Slimebound:ViciousTackle"],"picked":"Slimebound:Dissolve","floor":10.0},{"not_picked":["Slimebound:MassFeed","Slimebound:ForwardTackle"],"picked":"Slimebound:LivingWall","floor":12.0},{"not_picked":["Slimebound:ViciousTackle","Slimebound:FinishingTackle"],"picked":"Slimebound:Prepare","floor":14.0},{"not_picked":["Slimebound:DisruptingSlam","Slimebound:Replication"],"picked":"Slimebound:FinishingTackle","floor":15.0},{"not_picked":["Slimebound:DouseInSlime","Slimebound:RallyTheTroops"],"picked":"Slimebound:OozeBath","floor":16.0},{"not_picked":["Slimebound:RollThrough","Slimebound:GrowthPunch"],"picked":"Slimebound:MegaLick","floor":19},{"not_picked":["Slimebound:SplitBruiser","Slimebound:RollThrough"],"picked":"Slimebound:SplitMire","floor":20},{"not_picked":["Slimebound:ComboTackle","Slimebound:SlimeBrawl"],"picked":"Slimebound:SplitMire","floor":21}],"player_experience":50224,"relics_obtained":[],"event_choices":[{"damage_healed":0.0,"max_hp_gain":0.0,"max_hp_loss":0.0,"gold_gain":0.0,"cards_transformed":["Slimebound:Replication"],"event_name":"Transmorgrifier","player_choice":"Transformed","floor":9.0,"gold_loss":0.0,"damage_taken":0.0,"cards_obtained":["Slimebound:Teamwork"]}],"is_beta":false,"boss_relics":[{"not_picked":["Astrolabe","Empty Cage"],"picked":"Philosopher\u0027s Stone"}],"items_purged_floors":[],"is_endless":false,"potions_floor_spawned":[2,3,5,8,15,16,19],"killed_by":"Book of Stabbing","ascension_level":0}}