{"host":"30jsp143e4v19aze","time":1608728608,"event":{"mods":["BaseMod","Colored Map","Colored Powertips","Curses Come First","DeckTracker","Highlight Path","Minty Spire (QoL Compilation)","Quick Restart","Relic Stats","StSLib"],"gold_per_floor":[119,139,139,151,164,164,196,196,269,269,301,311,311,323,323,419,419,437,66,165,200,218,218,244,244,267,284,319,337,102,102,102,198,198,213,213,213],"floor_reached":36,"playtime":1510,"items_purged":["Decay","Writhe"],"score":574,"play_id":"4bf37e94-216c-4641-8dad-a5fdbb4b2770","local_time":"20201223140328","is_ascension_mode":true,"campfire_choices":[{"data":"Reboot","floor":6,"key":"SMITH"},{"data":"Blizzard","floor":10,"key":"SMITH"},{"data":"Static Discharge","floor":13,"key":"SMITH"},{"data":"Glacier","floor":15,"key":"SMITH"},{"data":"Seek","floor":23,"key":"SMITH"},{"floor":25,"key":"REST"},{"data":"Consume","floor":32,"key":"SMITH"}],"circlet_count":0,"master_deck":["Strike_B","Strike_B","Strike_B","Strike_B","Defend_B","Defend_B","Defend_B","Defend_B","Zap","Dualcast","Glacier+1","Sweeping Beam+1","Redo","Reboot+1","Blizzard+1","Static Discharge+1","Lockon+1","Blizzard+1","Echo Form","Chaos","Hyperbeam+1","Glacier","Chill+1","Consume+1","Turbo","Conserve Battery","Seek+1","Injury","Tempest","Thunder Strike+1","Ghostly","Ghostly","Ghostly","Ghostly","Ghostly","Biased Cognition","Turbo+1"],"relics":["Cursed Key","Gambling Chip","Molten Egg 2","DataDisk","Inserter","Orrery","Red Mask","Art of War","Akabeko","StoneCalendar","Nuclear Battery"],"acts_visited":["Exordium","TheCity","TheBeyond"],"potions_floor_usage":[5,16,28,33],"damage_taken":[{"damage":1,"enemies":"Cultist","floor":1,"turns":4},{"damage":0,"enemies":"Jaw Worm","floor":2,"turns":5},{"damage":1,"enemies":"Small Slimes","floor":4,"turns":3},{"damage":0,"enemies":"Gremlin Gang","floor":5,"turns":4},{"damage":11,"enemies":"3 Sentries","floor":7,"turns":7},{"damage":9,"enemies":"Lagavulin","floor":11,"turns":8},{"damage":2,"enemies":"Blue Slaver","floor":12,"turns":5},{"damage":6,"enemies":"Large Slime","floor":14,"turns":4},{"damage":15,"enemies":"Hexaghost","floor":16,"turns":9},{"damage":6,"enemies":"3 Byrds","floor":18,"turns":1},{"damage":3,"enemies":"Masked Bandits","floor":21,"turns":3},{"damage":0,"enemies":"Shell Parasite","floor":22,"turns":6},{"damage":32,"enemies":"Book of Stabbing","floor":24,"turns":5},{"damage":0,"enemies":"3 Cultists","floor":27,"turns":2},{"damage":0,"enemies":"Slavers","floor":28,"turns":4},{"damage":0,"enemies":"Sentry and Sphere","floor":29,"turns":3},{"damage":11,"enemies":"Champ","floor":33,"turns":7},{"damage":4,"enemies":"3 Darklings","floor":35,"turns":3},{"damage":42,"enemies":"2 Orb Walkers","floor":36,"turns":4}],"seed_played":"-2611540160025701017","potions_obtained":[{"floor":1,"key":"DistilledChaos"},{"floor":4,"key":"DuplicationPotion"},{"floor":12,"key":"BlessingOfTheForge"},{"floor":14,"key":"Energy Potion"},{"floor":16,"key":"EssenceOfSteel"},{"floor":22,"key":"DistilledChaos"},{"floor":28,"key":"DistilledChaos"}],"is_trial":false,"path_per_floor":["M","M","?","M","M","R","E","?","T","R","E","M","R","M","R","B",null,"M","$","?","?","M","R","E","R","T","M","E","M","$","?","R","B",null,"M","?"],"character_chosen":"DEFECT","items_purchased":["Hyperbeam+1","Orrery","Thunder Strike+1"],"campfire_rested":1,"item_purchase_floors":[19,19,30],"current_hp_per_floor":[74,74,74,73,73,73,62,62,62,62,53,51,51,45,45,30,75,69,69,69,66,66,66,34,56,56,56,56,56,56,37,37,26,37,33,0,0],"gold":213,"neow_bonus":"BOSS_RELIC","is_daily":false,"chose_seed":false,"campfire_upgraded":6,"win_rate":0.0,"timestamp":1608728608,"path_taken":["M","?","?","M","M","R","E","?","T","R","E","M","R","?","R","BOSS","M","$","?","?","M","R","E","R","T","M","E","M","$","?","R","BOSS","M","?"],"items_purchased_type":["Card","Relic","Card"],"build_version":"2020-12-22","purchased_purges":2,"victory":false,"max_hp_per_floor":[75,75,75,75,75,75,75,75,75,75,75,75,75,75,75,75,75,75,75,75,75,75,75,75,75,75,75,75,75,75,37,37,37,37,37,37,37],"relic_stats":{"Inserter":[19],"counters":[19,87],"Gambling Chip":[37],"StoneCalendar":[0],"Art of War":[7],"Cursed Key":2,"obtain_stats":[{"DataDisk":11,"Inserter":17,"Gambling Chip":7,"Orrery":19,"Molten Egg 2":9,"StoneCalendar":28,"Red Mask":21,"Art of War":24,"Cracked Core":0,"Cursed Key":0,"Akabeko":26,"Nuclear Battery":34},{"DataDisk":6,"Inserter":9,"Gambling Chip":5,"Orrery":10,"Molten Egg 2":5,"StoneCalendar":15,"Red Mask":11,"Art of War":13,"Cracked Core":0,"Cursed Key":0,"Akabeko":13,"Nuclear Battery":17},{"DataDisk":31,"Inserter":49,"Gambling Chip":23,"Orrery":50,"Molten Egg 2":23,"StoneCalendar":70,"Red Mask":53,"Art of War":64,"Cracked Core":0,"Cursed Key":0,"Akabeko":64,"Nuclear Battery":80}]},"card_choices":[{"not_picked":["Stack","Compile Driver"],"picked":"Glacier","floor":1},{"not_picked":["Conserve Battery","Leap"],"picked":"Sweeping Beam","floor":2},{"not_picked":["Rip and Tear","Go for the Eyes"],"picked":"Redo","floor":4},{"not_picked":["Consume","Storm"],"picked":"Reboot","floor":5},{"not_picked":["Rip and Tear","Lockon"],"picked":"Blizzard","floor":7},{"not_picked":["Go for the Eyes+1","Force Field"],"picked":"Static Discharge","floor":11},{"not_picked":["Auto Shields","Scrape+1"],"picked":"Lockon+1","floor":12},{"not_picked":["Barrage+1","Steam Power"],"picked":"Blizzard+1","floor":14},{"not_picked":["Core Surge+1","All For One+1"],"picked":"Echo Form","floor":16},{"not_picked":["Blizzard+1","Compile Driver+1"],"picked":"Chaos","floor":18},{"not_picked":["Rebound+1","Conserve Battery"],"picked":"Glacier","floor":19},{"not_picked":["Rebound+1","Ball Lightning+1"],"picked":"Chill+1","floor":19},{"not_picked":["Storm+1","Streamline+1"],"picked":"Consume","floor":19},{"not_picked":["Leap","Gash+1"],"picked":"Turbo","floor":19},{"not_picked":["Chaos","Steam"],"picked":"Conserve Battery","floor":21},{"not_picked":["Skim+1","Turbo"],"picked":"Seek","floor":22},{"not_picked":["Steam","Storm","Gash+1"],"picked":"SKIP","floor":24},{"not_picked":["Coolheaded+1","Rip and Tear+1"],"picked":"Tempest","floor":27},{"not_picked":["Hologram","Chill","Steam"],"picked":"SKIP","floor":28},{"not_picked":["Static Discharge","Gash+1","Coolheaded"],"picked":"SKIP","floor":29},{"not_picked":["Fission","Meteor Strike+1"],"picked":"Biased Cognition","floor":33},{"not_picked":["Redo","Glacier"],"picked":"Turbo+1","floor":35}],"player_experience":3086961,"relics_obtained":[{"floor":7,"key":"Gambling Chip"},{"floor":9,"key":"Molten Egg 2"},{"floor":11,"key":"DataDisk"},{"floor":21,"key":"Red Mask"},{"floor":24,"key":"Art of War"},{"floor":26,"key":"Akabeko"},{"floor":28,"key":"StoneCalendar"}],"event_choices":[{"damage_healed":0,"gold_gain":0,"player_choice":"Grow","damage_taken":0,"max_hp_gain":0,"max_hp_loss":0,"event_name":"Living Wall","floor":3,"gold_loss":0,"cards_upgraded":["Sweeping Beam"]},{"damage_healed":0,"gold_gain":0,"player_choice":"Cursed","damage_taken":0,"max_hp_gain":0,"max_hp_loss":0,"event_name":"Wheel of Change","floor":8,"gold_loss":0,"cards_obtained":["Decay"]},{"damage_healed":0,"gold_gain":99,"player_choice":"Stole From Cult","damage_taken":0,"max_hp_gain":0,"max_hp_loss":0,"event_name":"Nest","floor":20,"gold_loss":0},{"damage_healed":0,"gold_gain":0,"player_choice":"Fought Bandits","damage_taken":0,"max_hp_gain":0,"max_hp_loss":0,"event_name":"Masked Bandits","floor":21,"gold_loss":0},{"damage_healed":0,"gold_gain":0,"player_choice":"Became a Ghost","damage_taken":0,"max_hp_gain":0,"max_hp_loss":38,"event_name":"Ghosts","floor":31,"gold_loss":0,"cards_obtained":["Ghostly","Ghostly","Ghostly","Ghostly","Ghostly"]},{"damage_healed":0,"gold_gain":0,"player_choice":"Fight","damage_taken":0,"max_hp_gain":0,"max_hp_loss":0,"event_name":"Mysterious Sphere","floor":36,"gold_loss":0}],"is_beta":false,"boss_relics":[{"not_picked":["SlaversCollar","Philosopher\u0027s Stone"],"picked":"Inserter"},{"not_picked":["Calling Bell","Runic Pyramid"],"picked":"Nuclear Battery"}],"items_purged_floors":[19,30],"is_endless":false,"potions_floor_spawned":[1,4,12,14,16,18,22,27,28],"killed_by":"2 Orb Walkers","ascension_level":4}}