{"host":"s41rn2jhghpwfrvz","time":1608721352,"event":{"mods":["BaseMod","Minty Spire (QoL Compilation)","Quick Restart","Relic Stats","SuperFastMode"],"gold_per_floor":[117,127,127,127,141,141,141],"floor_reached":6,"playtime":252,"items_purged":[],"score":72,"play_id":"79e2b1a8-08d5-4340-a2d9-b12562f062e6","local_time":"20201223130232","daily_mods":["SealedDeck","Diverse","DeadlyEvents"],"is_ascension_mode":true,"campfire_choices":[],"circlet_count":0,"master_deck":["AscendersBane","Finisher","Anger","Chaos","Disarm","Metallicize+1","Evolve","Body Slam+1","Sanctity+1","Steam","BootSequence"],"relics":["Burning Blood"],"acts_visited":["Exordium"],"potions_floor_usage":[],"damage_taken":[{"damage":0,"enemies":"2 Louse","floor":1,"turns":3},{"damage":5,"enemies":"Jaw Worm","floor":2,"turns":4},{"damage":0,"enemies":"Cultist","floor":5,"turns":4},{"damage":64,"enemies":"Gremlin Nob","floor":6,"turns":4}],"seed_played":"-4841823954752785893","potions_obtained":[{"floor":1,"key":"ColorlessPotion"}],"is_trial":true,"path_per_floor":["M","M","?","?","M","E"],"character_chosen":"IRONCLAD","items_purchased":[],"campfire_rested":0,"item_purchase_floors":[],"current_hp_per_floor":[74,75,75,52,58,0,0],"gold":141,"neow_bonus":"","is_daily":false,"chose_seed":false,"campfire_upgraded":0,"win_rate":0.0,"timestamp":1608721352,"path_taken":["M","M","?","?","M","E"],"items_purchased_type":[],"build_version":"2020-12-22","purchased_purges":0,"victory":false,"max_hp_per_floor":[75,75,75,75,75,75,75],"relic_stats":{"counters":[4,15],"obtain_stats":[{"Burning Blood":0},{"Burning Blood":0},{"Burning Blood":0}],"Burning Blood":18},"card_choices":[{"not_picked":["Conserve Battery","Beam Cell","Slice"],"picked":"SKIP","floor":1},{"not_picked":["Uppercut","Alpha","Tempest"],"picked":"SKIP","floor":2},{"not_picked":["ClearTheMind","SashWhip","Battle Trance"],"picked":"SKIP","floor":5}],"player_experience":1599353,"relics_obtained":[],"event_choices":[{"damage_healed":0,"gold_gain":0,"player_choice":"Grow","damage_taken":0,"max_hp_gain":0,"max_hp_loss":0,"event_name":"Living Wall","floor":3,"gold_loss":0,"cards_upgraded":["Body Slam"]},{"damage_healed":0,"gold_gain":0,"player_choice":"Entered Light","damage_taken":23,"max_hp_gain":0,"max_hp_loss":0,"event_name":"Shining Light","floor":4,"gold_loss":0,"cards_upgraded":["Metallicize","Sanctity"]}],"is_beta":false,"boss_relics":[],"items_purged_floors":[],"is_endless":false,"potions_floor_spawned":[1],"killed_by":"Gremlin Nob","ascension_level":20}}