{"host":"3lwutyfpza97k53s","time":1608689376,"event":{"mods":["A Magickal Journey","Act Like it!","BaseMod","BetterRewards","CapriCore","Clockwork Mod","Conspire","Dio Mod","Downfall","Hallownest","Hermit","Infinite Spire","Minty Spire (QoL Compilation)","Replay The Spire","Robot Space Explorer","Shade Mod","Shop Mod","StSLib","The Construct","The Immortal","The Judge","The Jungle","The Necromancer","TheVacant","TheWitcher"],"gold_per_floor":[110,110,129,147,147,147,179,195,195,195,226,238,254,265,265,360,360,376,391,409,419,438,438,438,438,438,458,491,523,548,564,564,665,665,681,696,696,706,628,654,667,697,697,711,731,757,773,793,793,793,793,793,757,788,788],"floor_reached":56,"playtime":9051,"items_purged":["Clockwork:Strike","Clockwork:Strike","Clockwork:Strike","Clockwork:Strike"],"score":2603,"play_id":"724b2f78-f21b-4caa-bfd0-13f82c408d62","local_time":"20201222200936","is_ascension_mode":true,"campfire_choices":[{"data":"Clockwork:RevUp","floor":6.0,"key":"SMITH"},{"data":"Clockwork:ElasticNanites","floor":10.0,"key":"SMITH"},{"data":"Clockwork:RitualDaggerMk0+1","floor":15.0,"key":"SMITH"},{"data":"Clockwork:ElasticNanites","floor":23,"key":"SMITH"},{"data":"Clockwork:ZeroPointEnergy","floor":25,"key":"SMITH"},{"data":"Clockwork:RevUp","floor":32,"key":"SMITH"},{"floor":49,"key":"RECALL"},{"floor":52,"key":"DIG"}],"circlet_count":0,"master_deck":["Clockwork:Shield","Clockwork:Shield","Clockwork:Shield","Clockwork:Tinker","Clockwork:WarmUp","Clockwork:RevUp","Clockwork:RitualDaggerMk0+2","Clockwork:RevUp+1","Clockwork:ElasticNanites+1","Clockwork:RevUp+1","Clockwork:ZeroPointEnergy+1","Clockwork:ElasticNanites+1","Clockwork:RevUp+1","Clockwork:TimeWalk","Clockwork:ElasticNanites+1","Clockwork:RevUp+1","Clockwork:ElasticNanites","Clockwork:ElasticNanites"],"relics":["Clockwork:MomentumEngine","conspire:InfiniteJournal","Mummified Hand","TungstenRod","Replay:Wax Seal","Lee\u0027s Waffle","SnafuTest:BearRelic","Shovel","conspire:InfiniteJournal","Bag of Preparation","conspire:Dentures","Unceasing Top","Incense Burner","Clockwork:BloodPhial","Question Card","conspire:GiftBox","Clockwork:SomewhatSmoothStone","Busted Crown","WingedGreaves","Prayer Wheel","Mercury Hourglass","Snack Pack","White Beast Statue","conspire:Flyswatter","Blood Vial","PreservedInsect","Nunchaku"],"acts_visited":["Exordium","TheCity","TheBeyond","TheEnding"],"potions_floor_usage":[],"damage_taken":[{"damage":0.0,"enemies":"conspire:RoseBush","floor":1.0,"turns":9.0},{"damage":5.0,"enemies":"Jaw Worm","floor":3.0,"turns":9.0},{"damage":10.0,"enemies":"Cultist","floor":4.0,"turns":10.0},{"damage":11.0,"enemies":"Replay:BlueRogue","floor":7.0,"turns":10.0},{"damage":11.0,"enemies":"Lots of Slimes","floor":8.0,"turns":8.0},{"damage":0.0,"enemies":"Gremlin Nob","floor":11.0,"turns":7.0},{"damage":0.0,"enemies":"Blue Slaver","floor":12.0,"turns":9.0},{"damage":0.0,"enemies":"Exordium Wildlife","floor":13.0,"turns":6.0},{"damage":5.0,"enemies":"Exordium Thugs","floor":14.0,"turns":6.0},{"damage":2.0,"enemies":"The Guardian","floor":16.0,"turns":10.0},{"damage":0.0,"enemies":"3 Byrds","floor":18.0,"turns":7.0},{"damage":0,"enemies":"Chosen","floor":19,"turns":3},{"damage":1,"enemies":"Centurion and Healer","floor":20,"turns":6},{"damage":0,"enemies":"3 Cultists","floor":21,"turns":4},{"damage":0,"enemies":"Sentry and Sphere","floor":22,"turns":5},{"damage":7,"enemies":"Snake Plant","floor":27,"turns":7},{"damage":8,"enemies":"conspire:Head Lice","floor":28,"turns":7},{"damage":0,"enemies":"Book of Stabbing","floor":29,"turns":8},{"damage":0,"enemies":"Gremlin Leader","floor":30,"turns":10},{"damage":0,"enemies":"Snecko","floor":31,"turns":5},{"damage":0,"enemies":"Automaton","floor":33,"turns":7},{"damage":0,"enemies":"3 Shapes","floor":35,"turns":10},{"damage":0,"enemies":"Orb Walker","floor":36,"turns":5},{"damage":0,"enemies":"Transient","floor":38,"turns":5},{"damage":0,"enemies":"Giant Head","floor":40,"turns":7},{"damage":0,"enemies":"Jaw Worm Horde","floor":41,"turns":7},{"damage":0,"enemies":"R_Hoarder","floor":42,"turns":9},{"damage":8,"enemies":"4 Shapes","floor":44,"turns":7},{"damage":0,"enemies":"Transient","floor":45,"turns":5},{"damage":20,"enemies":"Nemesis","floor":46,"turns":7},{"damage":0,"enemies":"Maw","floor":47,"turns":4},{"damage":0,"enemies":"Sphere and 2 Shapes","floor":48,"turns":8},{"damage":0,"enemies":"Donu and Deca","floor":50,"turns":12},{"damage":0,"enemies":"Shield and Spear","floor":54,"turns":5},{"damage":38,"enemies":"The Heart","floor":55,"turns":11}],"seed_played":"-8724023617050652941","potions_obtained":[{"floor":7.0,"key":"EntropicBrew"},{"floor":8.0,"key":"Milkshake"}],"is_trial":false,"path_per_floor":["M","?","M","M","?","R","E","M","T","R","E","M","M","M","R","B",null,"M","M","M","M","M","R","?","R","T","M","E","E","E","M","R","B",null,"M","M","?","M","$","E","M","E","T","M","M","E","M","M","R","B",null,"R","$","E","B",null],"character_chosen":"CLOCKWORK","items_purchased":["Mummified Hand","Clockwork:RevUp","Clockwork:RitualDaggerMk0","Replay:Wax Seal","Lee\u0027s Waffle","SnafuTest:BearRelic","Bag of Preparation","Clockwork:RevUp","conspire:Dentures","Clockwork:ElasticNanites","Unceasing Top","Clockwork:CraftBloodPhial","Explosive Potion","Clockwork:CraftSomewhatSmoothStone","Clockwork:ElasticNanites"],"campfire_rested":0,"item_purchase_floors":[0,0,0,0,0,0,0,0,0,0,0,0,0,39,53],"current_hp_per_floor":[92,86,83,75,75,75,66,57,57,57,59,61,63,60,60,60,84,86,88,89,91,92,92,92,92,92,85,79,81,83,85,85,87,91,92,92,92,92,92,92,92,92,92,84,88,72,76,80,80,84,90,90,90,92,54],"gold":788,"neow_bonus":"","is_daily":false,"chose_seed":false,"campfire_upgraded":6,"win_rate":0.0,"timestamp":1608689376,"path_taken":["M","?","M","M","?","R","E","M","T","R","E","?","?","M","R","BOSS","M","M","M","M","M","R","?","R","T","M","E","E","E","M","R","BOSS","M","M","?","M","$","E","M","E","T","?","M","E","M","M","R","BOSS","R","$","E","BOSS"],"items_purchased_type":["Relic","Card","Card","Relic","Relic","Relic","Relic","Card","Relic","Card","Relic","Card","Potion","Card","Card"],"build_version":"2020-12-13","purchased_purges":4,"victory":true,"max_hp_per_floor":[92,92,92,92,92,92,92,92,92,92,92,92,92,92,92,92,92,92,92,92,92,92,92,92,92,92,92,92,92,92,92,92,92,92,92,92,92,92,92,92,92,92,92,92,92,92,92,92,92,92,92,92,92,92,92],"card_choices":[{"not_picked":["Clockwork:Friction","Clockwork:LogisticRegression"],"picked":"Clockwork:RevUp","floor":1.0},{"not_picked":["Clockwork:SystemHardening","Clockwork:Pluck","Clockwork:MechanicalMass"],"picked":"SKIP","floor":3.0},{"not_picked":["Clockwork:CogShield","Clockwork:SystemScan","Clockwork:Redundancy"],"picked":"SKIP","floor":4.0},{"not_picked":["Clockwork:CogBarrier","Clockwork:Minimalism","Clockwork:HoardingStrike"],"picked":"SKIP","floor":7.0},{"not_picked":["Clockwork:CogShield","Clockwork:Improve","Clockwork:AdaptiveCannon"],"picked":"Clockwork:CraftSomewhatSmoothStone","floor":8.0},{"not_picked":["Clockwork:ReactiveNanites","Clockwork:WindupStrike","Clockwork:Inspiration"],"picked":"Clockwork:CraftMomentumEngine","floor":11.0},{"not_picked":["Clockwork:SystemHardening","Clockwork:SystemScan","Clockwork:ForgeStrike"],"picked":"Clockwork:ZeroPointEnergy","floor":11.0},{"not_picked":["Clockwork:SnapKeep","Clockwork:ReserveSystems","Clockwork:SystemScan","Clockwork:AssemblyLine"],"picked":"SKIP","floor":12.0},{"not_picked":["Clockwork:Strangle","Clockwork:CogToss","Clockwork:ReserveSystems"],"picked":"Clockwork:SmithsMallet","floor":13.0},{"not_picked":["Clockwork:HoardingStrike","Clockwork:Friction","Clockwork:ForgeStrike","Clockwork:CogShield"],"picked":"SKIP","floor":14.0},{"not_picked":["Clockwork:Redundancy","Clockwork:AdaptiveCannon+1"],"picked":"SKIP","floor":18},{"not_picked":["Clockwork:CogBarrier","Clockwork:ReserveSystems+1"],"picked":"SKIP","floor":19},{"not_picked":["Clockwork:AdaptiveCannon","Clockwork:ChargingShield"],"picked":"SKIP","floor":20},{"not_picked":["Clockwork:SystemHardening","Clockwork:Friction"],"picked":"SKIP","floor":21},{"not_picked":["Clockwork:SystemScan"],"picked":"Clockwork:ElasticNanites","floor":22},{"not_picked":["Clockwork:SystemHardening+1"],"picked":"Clockwork:RevUp","floor":27},{"not_picked":["Clockwork:MechanicalMass","Clockwork:SiegeStrike"],"picked":"SKIP","floor":28},{"not_picked":["Clockwork:AdaptiveShield","Clockwork:CraftQuicksilverHourglass"],"picked":"SKIP","floor":29},{"not_picked":["Clockwork:TestingEnvironment","Clockwork:SnapKeep"],"picked":"SKIP","floor":30},{"not_picked":["Clockwork:CogShield+1","Clockwork:ChargingShield"],"picked":"SKIP","floor":31},{"not_picked":["Clockwork:SystemScan","Clockwork:SpringShield+1"],"picked":"SKIP","floor":31},{"not_picked":["Clockwork:CraftQuicksilverHourglass"],"picked":"Clockwork:TimeWalk","floor":33},{"not_picked":["Clockwork:CraftBloodPhial+1"],"picked":"Clockwork:ElasticNanites+1","floor":35},{"not_picked":["Clockwork:ChargingBlade","Clockwork:PerfectedStrike+1"],"picked":"SKIP","floor":35},{"not_picked":["Clockwork:Enhance"],"picked":"Clockwork:RevUp+1","floor":36},{"not_picked":["Clockwork:CogShield","Clockwork:Pluck"],"picked":"SKIP","floor":36},{"not_picked":["Clockwork:StasisBreak+1","Clockwork:AdaptiveShield"],"picked":"SKIP","floor":38},{"not_picked":["Clockwork:LiteraryArmor+1","Clockwork:Friction"],"picked":"SKIP","floor":38},{"not_picked":["Clockwork:Randomization","Clockwork:ForgeStrike+1"],"picked":"SKIP","floor":40},{"not_picked":["Clockwork:SmithsMallet","Clockwork:PerfectedShield+1"],"picked":"SKIP","floor":41},{"not_picked":["Clockwork:AssemblyLine+1","Clockwork:Roundhouse+1"],"picked":"SKIP","floor":41},{"not_picked":["Clockwork:ForgeStrike","Clockwork:CogToss"],"picked":"SKIP","floor":42},{"not_picked":["Clockwork:Pluck","Clockwork:Clone+1"],"picked":"SKIP","floor":44},{"not_picked":["Clockwork:SearchingStrike+1","Clockwork:AdaptiveShield"],"picked":"SKIP","floor":44},{"not_picked":["Clockwork:PerfectedStrike","Clockwork:StasisBreak+1"],"picked":"SKIP","floor":45},{"not_picked":["Clockwork:AdaptiveCannon","Clockwork:Roundhouse+1"],"picked":"SKIP","floor":45},{"not_picked":["Clockwork:Roundhouse+1","Clockwork:LiteraryArmor+1"],"picked":"SKIP","floor":46},{"not_picked":["Clockwork:Roundhouse+1","Clockwork:LiteraryArmor+1"],"picked":"SKIP","floor":46},{"not_picked":["Clockwork:SearchingStrike","Clockwork:LiteraryArmor"],"picked":"SKIP","floor":47},{"not_picked":["Clockwork:OccamsRazor+1","Clockwork:ForgeStrike"],"picked":"SKIP","floor":47},{"not_picked":["Clockwork:SpringShield+1","Clockwork:CraftSomewhatSmoothStone"],"picked":"SKIP","floor":48},{"not_picked":["Clockwork:OccamsRazor+1","Clockwork:CraftSomewhatSmoothStone"],"picked":"SKIP","floor":48},{"not_picked":["Clockwork:AdaptiveShield+1"],"picked":"Clockwork:ElasticNanites","floor":54}],"player_experience":484687,"relics_obtained":[{"floor":7.0,"key":"Question Card"},{"floor":11.0,"key":"conspire:GiftBox"},{"floor":26,"key":"WingedGreaves"},{"floor":28,"key":"Prayer Wheel"},{"floor":29,"key":"Mercury Hourglass"},{"floor":30,"key":"Snack Pack"},{"floor":40,"key":"White Beast Statue"},{"floor":42,"key":"conspire:Flyswatter"},{"floor":43,"key":"Blood Vial"},{"floor":46,"key":"PreservedInsect"},{"floor":54,"key":"Nunchaku"}],"event_choices":[{"cards_removed":["Clockwork:Shield"],"damage_healed":0.0,"max_hp_gain":0.0,"max_hp_loss":0.0,"gold_gain":0.0,"event_name":"Golden Wing","player_choice":"Card Removal","floor":2.0,"gold_loss":0.0,"damage_taken":7.0},{"damage_healed":0.0,"max_hp_gain":0.0,"max_hp_loss":0.0,"gold_gain":0.0,"event_name":"Match and Keep!","player_choice":"0 cards matched","floor":5.0,"gold_loss":0.0,"damage_taken":0.0,"cards_obtained":[]},{"damage_healed":0,"gold_gain":0,"player_choice":"Ignored","damage_taken":0,"max_hp_gain":0,"max_hp_loss":0,"event_name":"Cursed Tome","floor":24,"gold_loss":0},{"damage_healed":0,"gold_gain":0,"player_choice":"Got Potions","damage_taken":0,"max_hp_gain":0,"max_hp_loss":0,"event_name":"Lab","floor":37,"gold_loss":0}],"is_beta":false,"boss_relics":[{"not_picked":["Honey Jar","ReplayTheSpireMod:SealedPack"],"picked":"Busted Crown"},{"not_picked":["Kintsugi","Astrolabe","Ring of Chaos"]}],"items_purged_floors":[0,0,0,0],"is_endless":false,"potions_floor_spawned":[7,8,11,13,14,19,20,29,30,38,41,42,44,45,46,47,48,54],"ascension_level":9}}