{"host":"81dxrjdkqahvuj3t","time":1608750146,"event":{"mods":["BaseMod","Colored Map","Highlight Path","Minty Spire (QoL Compilation)","Replay The Spire","StSLib"],"gold_per_floor":[117,117,42,56,69,69,69,69,69,69,81,32,44,62,62,167,167,183,109,123,398,398,398],"floor_reached":22,"playtime":2405,"items_purged":["Parasite"],"score":238,"play_id":"24a641c7-13ca-4b51-b8c2-2fc82e07f7ca","local_time":"20201223140226","is_ascension_mode":true,"campfire_choices":[{"floor":6,"key":"REST"},{"floor":15,"key":"REST"}],"circlet_count":0,"master_deck":["Strike_P","Strike_P","Strike_P","Strike_P","Defend_P","Defend_P","Defend_P","Defend_P","Eruption","Vigilance","Crescendo","TalkToTheHand","FlurryOfBlows","FlyingSleeves","EmptyFist","WindmillStrike","FollowUp","Replay:LoomingThreat","AbeCurse","ClearTheMind+1","Wireheading","MentalFortress","Regret"],"relics":["PureWater","Lantern","Replay:Bottled Steam","Replay:Multitool","Abe\u0027s Treasure"],"acts_visited":["Exordium","TheCity"],"potions_floor_usage":[16,18],"damage_taken":[{"damage":11.0,"enemies":"Small Slimes","floor":1.0,"turns":3.0},{"damage":2,"enemies":"Jaw Worm","floor":4,"turns":4},{"damage":0,"enemies":"Cultist","floor":5,"turns":2},{"damage":21,"enemies":"Lots of Slimes","floor":11,"turns":5},{"damage":7,"enemies":"3 Louse","floor":13,"turns":3},{"damage":4,"enemies":"Looter","floor":14,"turns":4},{"damage":9,"enemies":"Slime Boss","floor":16,"turns":8},{"damage":10,"enemies":"Shell Parasite","floor":18,"turns":3},{"damage":7,"enemies":"Chosen","floor":20,"turns":4},{"damage":64,"enemies":"Snake Plant","floor":22,"turns":5}],"seed_played":"7210870680511076369","potions_obtained":[{"floor":5,"key":"BottledMiracle"},{"floor":11,"key":"SpeedPotion"},{"floor":13,"key":"SteroidPotion"}],"is_trial":false,"path_per_floor":["M","?","$","M","M","R","?","$","T","?","M","$","M","M","R","B",null,"M","$","M","?","M"],"character_chosen":"WATCHER","items_purchased":["EmptyFist","Wireheading"],"campfire_rested":2,"item_purchase_floors":[12,19],"current_hp_per_floor":[68,61,61,59,59,83,83,83,83,83,62,62,55,51,75,66,79,69,69,62,62,0,0],"gold":398,"neow_bonus":"TWENTY_PERCENT_HP_BONUS","is_daily":false,"chose_seed":false,"campfire_upgraded":0,"win_rate":0.0,"timestamp":1608750146,"path_taken":["M","?","$","M","M","R","?","?","T","?","?","?","M","M","R","BOSS","M","$","?","?","?"],"items_purchased_type":["Card","Card"],"build_version":"2020-12-22","purchased_purges":1,"victory":false,"max_hp_per_floor":[86,86,83,83,83,83,83,83,83,83,83,83,83,83,83,83,83,83,83,83,83,83,83],"card_choices":[{"not_picked":["Halt","Replay:BluntJabs"],"picked":"Crescendo","floor":1.0},{"not_picked":["Protect","Halt"],"picked":"TalkToTheHand","floor":4},{"not_picked":["BowlingBash","EmptyBody"],"picked":"FlurryOfBlows","floor":5},{"not_picked":["Replay:AtTheReady","Crescendo"],"picked":"FlyingSleeves","floor":11},{"not_picked":["TalkToTheHand","Replay:BluntJabs"],"picked":"WindmillStrike","floor":13},{"not_picked":["SignatureMove","Crescendo"],"picked":"FollowUp","floor":14},{"not_picked":["Alpha","Brilliance"],"picked":"Replay:LoomingThreat","floor":16},{"not_picked":["Pray","CrushJoints"],"picked":"ClearTheMind+1","floor":18},{"not_picked":["ReachHeaven","Worship+1"],"picked":"MentalFortress","floor":20}],"player_experience":426985,"relics_obtained":[{"floor":9,"key":"Replay:Bottled Steam"}],"event_choices":[{"damage_healed":0,"gold_gain":0,"player_choice":"Success","damage_taken":7,"relics_obtained":["Lantern"],"max_hp_gain":0,"max_hp_loss":0,"event_name":"Scrap Ooze","floor":2,"gold_loss":0},{"damage_healed":0,"gold_gain":0,"player_choice":"Ignored","damage_taken":0,"max_hp_gain":0,"max_hp_loss":0,"event_name":"Shining Light","floor":7,"gold_loss":0},{"damage_healed":0,"gold_gain":0,"player_choice":"Searched \u00272\u0027 times","damage_taken":0,"relics_obtained":["Replay:Multitool"],"max_hp_gain":0,"max_hp_loss":0,"event_name":"Dead Adventurer","floor":10,"gold_loss":0},{"damage_healed":0,"gold_gain":275,"player_choice":"Desecrate","damage_taken":0,"max_hp_gain":0,"max_hp_loss":0,"event_name":"Golden Shrine","floor":21,"gold_loss":0,"cards_obtained":["Regret"]}],"is_beta":false,"boss_relics":[{"not_picked":["Ring of Chaos","Painkiller Herb"],"picked":"Abe\u0027s Treasure"}],"items_purged_floors":[3],"is_endless":false,"potions_floor_spawned":[5,11,13],"killed_by":"Snake Plant","ascension_level":7}}