{"host":"mqhvlr3kpxebko0t","time":1608730648,"event":{"mods":["AchievementEnabler","BaseMod","Colored Map","Keyboard Shortcuts","Minty Spire (QoL Compilation)","StSLib","SuperFastMode"],"gold_per_floor":[114,124,124,124,177,177,203,222,222,222,222,222,50,67,67,67,67],"floor_reached":16,"playtime":111,"items_purged":["Strike_G"],"score":221,"play_id":"576514c4-0485-41ac-b624-5ec3aeda88b6","local_time":"20201223223728","is_ascension_mode":true,"campfire_choices":[{"floor":6,"key":"REST"},{"data":"Noxious Fumes","floor":12,"key":"SMITH"},{"data":"Deadly Poison","floor":15,"key":"SMITH"}],"circlet_count":0,"master_deck":["AscendersBane","Strike_G+1","Strike_G","Strike_G","Defend_G","Defend_G","Defend_G","Defend_G","Defend_G","Survivor","Neutralize+1","Escape Plan","Masterful Stab","Noxious Fumes+1","Backflip","Deep Breath","Deadly Poison+1"],"relics":["Ring of the Snake","NeowsBlessing","Centennial Puzzle","Strawberry","HornCleat"],"acts_visited":["Exordium"],"potions_floor_usage":[10],"damage_taken":[{"damage":0,"enemies":"Small Slimes","floor":1,"turns":1},{"damage":0,"enemies":"2 Louse","floor":2,"turns":1},{"damage":0,"enemies":"Lagavulin","floor":7,"turns":1},{"damage":0,"enemies":"Jaw Worm","floor":8,"turns":3},{"damage":0,"enemies":"3 Sentries","floor":10,"turns":1},{"damage":0,"enemies":"3 Louse","floor":14,"turns":3},{"damage":0,"enemies":"Slime Boss","floor":16,"turns":1}],"seed_played":"4518427430492514370","potions_obtained":[{"floor":8,"key":"SmokeBomb"},{"floor":14,"key":"CunningPotion"}],"is_trial":false,"path_per_floor":["M","M","?","?","T","R","E","M","T","?","?","R","$","M","R","B"],"character_chosen":"THE_SILENT","items_purchased":["Deep Breath"],"campfire_rested":1,"item_purchase_floors":[13],"current_hp_per_floor":[59,59,59,39,39,58,65,65,65,65,70,70,70,70,70,70,70],"gold":67,"neow_bonus":"THREE_ENEMY_KILL","is_daily":false,"chose_seed":false,"campfire_upgraded":2,"win_rate":0.0,"timestamp":1608730648,"path_taken":["M","M","?","?","?","R","E","M","T","?","?","R","$","?","R","BOSS"],"items_purchased_type":["Card"],"build_version":"2020-12-22","purchased_purges":1,"victory":false,"max_hp_per_floor":[66,66,66,66,66,66,73,73,73,73,78,78,78,78,78,78,78],"card_choices":[{"not_picked":["Flying Knee","Underhanded Strike","All Out Attack"],"picked":"SKIP","floor":1},{"not_picked":["Poisoned Stab","Flying Knee"],"picked":"Escape Plan","floor":2},{"not_picked":["Infinite Blades","Adrenaline"],"picked":"Noxious Fumes","floor":7},{"not_picked":["Outmaneuver","Choke"],"picked":"Backflip","floor":8},{"not_picked":["Riddle With Holes","Sucker Punch"],"picked":"Deadly Poison","floor":14}],"player_experience":679404,"relics_obtained":[{"floor":5,"key":"Centennial Puzzle"},{"floor":7,"key":"Strawberry"},{"floor":9,"key":"HornCleat"}],"event_choices":[{"damage_healed":0,"gold_gain":0,"cards_transformed":["Strike_G"],"player_choice":"Change","damage_taken":0,"max_hp_gain":0,"max_hp_loss":0,"event_name":"Living Wall","floor":3,"gold_loss":0,"cards_obtained":["Masterful Stab"]},{"damage_healed":0,"gold_gain":0,"player_choice":"Entered Light","damage_taken":20,"max_hp_gain":0,"max_hp_loss":0,"event_name":"Shining Light","floor":4,"gold_loss":0,"cards_upgraded":["Neutralize","Strike_G"]},{"damage_healed":0,"gold_gain":0,"player_choice":"Searched \u00271\u0027 times","damage_taken":0,"max_hp_gain":0,"max_hp_loss":0,"event_name":"Dead Adventurer","floor":10,"gold_loss":0},{"damage_healed":0,"gold_gain":0,"player_choice":"Donut","damage_taken":0,"max_hp_gain":5,"max_hp_loss":0,"event_name":"Big Fish","floor":11,"gold_loss":0}],"is_beta":false,"boss_relics":[],"items_purged_floors":[13],"is_endless":false,"potions_floor_spawned":[8,10,14],"killed_by":"Slime Boss","ascension_level":16}}