{"host":"qzpuxnheibnu7155","time":1608711719,"event":{"mods":["Act Like it!","BaseMod","Displayed Cursed Tome","Minty Spire (QoL Compilation)","MostiFishMod","Pale of the Ancients","Remilia（蕾米莉亚）","RumiaBox-露米娅的神秘盒子","StSLib","TestMod","Waifu the Spire","【功能Mod】Neow奖励","【遗物卡牌】REMEMod","没有小屋子和绿帽子啦"],"gold_per_floor":[118,268,268,285,300,300,335,354,354,354,367,367,367,14,14,91,-1309,-1299,18,48,48,64,94,108,137,137,37,70,1069,1084,1084,1084,1161,1161,1171,1182,1182,1237,1248,1248,1138,1155,1155,1155,1377,1377,1454,1513,1513,1594,1618,1648,1676,1676,855,855,878,878,105,105,123],"floor_reached":62,"playtime":2887,"items_purged":["Doubt","Decay","Defend_RM","Defend_RM"],"score":4363,"play_id":"195a4017-7603-4908-8c84-60a9d8562b59","local_time":"20201223162159","is_ascension_mode":true,"campfire_choices":[{"data":"MostiFishMod:SparklingWater","floor":6.0,"key":"SMITH"},{"floor":10.0,"key":"RECALL"},{"data":"MastersStateliness","floor":15.0,"key":"SMITH"},{"data":"BombardNight","floor":32.0,"key":"SMITH"},{"data":"MastersStateliness","floor":46.0,"key":"SMITH"},{"data":"EquivalentExchange","floor":49,"key":"SMITH"},{"data":"ScarletSymphony","floor":56,"key":"SMITH"},{"data":"MastersStateliness","floor":58,"key":"SMITH"}],"circlet_count":0,"master_deck":["Strike_RM","Strike_RM","Strike_RM+1","RedMoon","ScarletShoot","MostiFishMod:Neptune","MostiFishMod:TheEndOfMoonlight","MostiFishMod:SparklingWater+1","MostiFishMod:FantasySummer","MostiFishMod:NightSea","DiffusionOfMisfortune","EndlessAdversity","ScarletSymphony+1","BombardNight+1","MastersStateliness+1","QueenOfMidnight","BlasphemousPunishment","MillenniumVampire+1","NightDance+1","TransientEternity","CeilingFear","RedNightlessCastle","NightDance+1","UnstableMagic+1","EquivalentExchange+1","BloodAndWine","DiffusionOfMisfortune","HunterOfTheNight","MastersStateliness+1","ScarletDream","MastersStateliness+1","MastersStateliness+1","VampirishNight","MastersStateliness+1","ScarletDevil","MastersStateliness+1","BloodyHallows","REME_TwoStrings","BlasphemousPunishment","MostiFishMod:MusicBox"],"relics":["ScarletHat","DaveBox","testmod-TestBox","REME_ComplimentaryCards","testmod-TurbochargingSystem","testmod-IntensifyImprint","Ornamental Fan","Anchor","Tiny Chest","Mummified Hand","SynthV:MejaisSoulstealer","Red Mask","Bottled Tornado","Question Card","testmod-Antiphasic","Baka2","GodSword1","InkBottle","testmod-Prudence","Shuriken","testmod-BlackFramedGlasses","Blue Candle","Bottled Lightning","REME_ArchaeologicalTools","ZombieArmy","paleoftheancients:Timepiece","paleoftheancients:KeyRelic","Coffee Dripper","paleoftheancients:SoulOfTheIroncluck","testmod-EqualTreatment","MagicDraw4","Membership Card","RedBat","testmod-AssaultLearning"],"acts_visited":["Exordium","TheCity","TheBeyond","paleoftheancients:PaleOfTheAncients"],"potions_floor_usage":[47,48,61,61],"damage_taken":[{"damage":2.0,"enemies":"Jaw Worm","floor":1.0,"turns":2.0},{"damage":0.0,"enemies":"Cultist","floor":4.0,"turns":3.0},{"damage":0.0,"enemies":"Small Slimes","floor":5.0,"turns":2.0},{"damage":3.0,"enemies":"Lagavulin","floor":7.0,"turns":5.0},{"damage":0.0,"enemies":"Looter","floor":8.0,"turns":1.0},{"damage":0.0,"enemies":"Gremlin Nob","floor":11.0,"turns":1.0},{"damage":5.0,"enemies":"Slime Boss","floor":16.0,"turns":8.0},{"damage":0.0,"enemies":"3 Byrds","floor":18.0,"turns":3.0},{"damage":10.0,"enemies":"2 Thieves","floor":19.0,"turns":2.0},{"damage":0.0,"enemies":"Masked Bandits","floor":20.0,"turns":3.0},{"damage":2.0,"enemies":"Sentry and Sphere","floor":22.0,"turns":4.0},{"damage":10.0,"enemies":"REME_1_Revenger","floor":23.0,"turns":1.0},{"damage":0.0,"enemies":"Chosen and Byrds","floor":24.0,"turns":3.0},{"damage":0.0,"enemies":"Slavers","floor":25.0,"turns":2.0},{"damage":4.0,"enemies":"REME_1_Revenger","floor":28.0,"turns":3.0},{"damage":10.0,"enemies":"Cultist and Chosen","floor":30.0,"turns":2.0},{"damage":24.0,"enemies":"Champ","floor":33.0,"turns":3.0},{"damage":0.0,"enemies":"3 Darklings","floor":35.0,"turns":1.0},{"damage":0.0,"enemies":"Orb Walker","floor":36.0,"turns":3.0},{"damage":32.0,"enemies":"2 Orb Walkers","floor":38.0,"turns":2.0},{"damage":0.0,"enemies":"3 Darklings","floor":39.0,"turns":3.0},{"damage":10.0,"enemies":"Nemesis","floor":40.0,"turns":1.0},{"damage":2.0,"enemies":"Jaw Worm Horde","floor":42.0,"turns":2.0},{"damage":0,"enemies":"Writhing Mass","floor":47,"turns":3},{"damage":0,"enemies":"Giant Head","floor":48,"turns":3},{"damage":10,"enemies":"Awakened One","floor":50,"turns":2},{"damage":0,"enemies":"Time Eater","floor":51,"turns":9},{"damage":0,"enemies":"Time Eater","floor":52,"turns":3},{"damage":10,"enemies":"Time Eater","floor":53,"turns":3},{"damage":10,"enemies":"Time Eater","floor":57,"turns":2},{"damage":29,"enemies":"paleoftheancients:N","floor":61,"turns":2}],"seed_played":"8267942618732513484","potions_obtained":[{"floor":5.0,"key":"Dexterity Potion"},{"floor":7.0,"key":"Explosive Potion"},{"floor":8.0,"key":"DistilledChaos"},{"floor":20.0,"key":"PowerPotion"},{"floor":42.0,"key":"testmod-TestPotion"},{"floor":47,"key":"REME_GoldPotion"}],"is_trial":false,"path_per_floor":["M","?","?","M","M","R","E","M","T","R","E","?","?","$","R","B",null,"M","M","?","T","M","E","M","E","T","$","E","?","M","?","R","B",null,"M","M","T","?","M","E","?","M","T","T","?","R","M","E","R","B","B","M","M","?","$","R","M","R","$","?","B",null],"character_chosen":"REMILIA","items_purchased":["Mummified Hand","MastersStateliness","testmod-EqualTreatment","ScarletDevil","MagicDraw4","Membership Card","RedBat","testmod-AssaultLearning","BloodyHallows","Swift Potion","REME_TwoStrings","BlasphemousPunishment","MostiFishMod:MusicBox"],"campfire_rested":0,"item_purchase_floors":[14,55,55,55,55,59,59,59,59,59,59,59,59],"current_hp_per_floor":[62,62,62,62,62,62,61,61,61,61,65,54,54,54,54,50,88,88,90,90,90,94,95,97,97,97,97,95,95,95,95,95,97,97,97,97,97,80,86,87,87,89,89,89,89,89,93,96,96,97,97,97,97,97,97,97,97,97,97,97,97],"gold":123,"neow_bonus":"RANDOM_COMMON_RELIC","is_daily":false,"chose_seed":false,"campfire_upgraded":7,"win_rate":0.0,"timestamp":1608711719,"path_taken":["M","?","?","M","?","R","E","M","T","R","E","?","?","$","R","BOSS","M","?","?","?","?","E","M","E","T","$","E","?","M","?","R","BOSS","M","M","?","?","M","E","?","?","T","?","?","R","M","E","R","BOSS","BOSS","M","M","?","$","R","M","R","$","?","BOSS"],"items_purchased_type":["Relic","Card","Relic","Card","Relic","Relic","Relic","Relic","Card","Potion","Card","Card","Card"],"build_version":"2020-12-22","purchased_purges":4,"victory":true,"max_hp_per_floor":[70,70,70,100,100,100,100,100,100,100,100,100,100,100,100,100,100,100,100,100,100,100,100,100,100,100,100,100,100,97,97,97,97,97,97,97,97,97,97,97,97,97,97,97,97,97,97,97,97,97,97,97,97,97,97,97,97,97,97,97,97],"card_choices":[{"not_picked":["RedRainbow","EndlessAdversity","GlobalNightmare"],"picked":"SKIP","floor":1.0},{"not_picked":["ScarletImprint","StarOfDavid"],"picked":"DiffusionOfMisfortune","floor":4.0},{"not_picked":["VampireKiss","EndlessAdversity","BlasphemousPunishment"],"picked":"SKIP","floor":5.0},{"not_picked":["VampireKiss","BlasphemousPunishment"],"picked":"EndlessAdversity","floor":5.0},{"not_picked":["Stigmanizer","TricksterDevil"],"picked":"ScarletSymphony","floor":7.0},{"not_picked":["CharismaGuard","ScarletDevil"],"picked":"BombardNight","floor":8.0},{"not_picked":["UltimateOffering","ScarletDevil"],"picked":"MastersStateliness","floor":11.0},{"not_picked":["ForecastOfChange","DemonKingCradle"],"picked":"QueenOfMidnight","floor":16.0},{"not_picked":["Stigmanizer","ScarletImprint"],"picked":"BlasphemousPunishment","floor":18.0},{"not_picked":["CharismaGuard","BadLadyScramble"],"picked":"MillenniumVampire+1","floor":19.0},{"not_picked":["VampireKiss","ForbiddenFruit"],"picked":"NightDance+1","floor":20.0},{"not_picked":["NightDance","BloodyMagicSquare","RedRainbow"],"picked":"SKIP","floor":22.0},{"not_picked":["VampireFantasy","UnstableMagic","NightDance"],"picked":"SKIP","floor":23.0},{"not_picked":["EternalNight","EmergencyRegeneration","FavorOfDestiny"],"picked":"TransientEternity","floor":24.0},{"not_picked":["ForecastOfChange","VampireSweep+1","LeisurelyOfLord"],"picked":"CeilingFear","floor":25.0},{"not_picked":["VampireSweep","EndlessAdversity","StarOfDavid"],"picked":"RedNightlessCastle","floor":28.0},{"not_picked":["ScarletImprint","BlasphemousPunishment","FavorOfDestiny"],"picked":"UnstableMagic+1","floor":30.0},{"not_picked":["ScarletCoffin","ForecastOfChange","BloodRain"],"picked":"EquivalentExchange","floor":33.0},{"not_picked":["RedRainbow+1","NightDance","StarOfDavid","BombardNight"],"picked":"SKIP","floor":35.0},{"not_picked":["EmergencyRegeneration","BombardNight","MillenniumVampire"],"picked":"DiffusionOfMisfortune","floor":36.0},{"not_picked":["StarOfDavid+1","ScarletImprint","VampireKiss"],"picked":"HunterOfTheNight","floor":38.0},{"not_picked":["BlasphemousPunishment+1","NightDance","LeisurelyOfLord"],"picked":"MastersStateliness","floor":39.0},{"not_picked":["BombardNight","Stigmanizer","StarOfDavid"],"picked":"ScarletDream","floor":40.0},{"not_picked":["VampireFantasy","ForecastOfChange","RedMagic"],"picked":"MastersStateliness","floor":42.0},{"not_picked":["VampireFantasy","RedRainbow","NightDance+1"],"picked":"MastersStateliness+1","floor":47},{"not_picked":["Stigmanizer+1","VampireSweep","NightDance"],"picked":"VampirishNight","floor":48},{"not_picked":["ScarletGensokyo","DevilSight","NightLord","QueenOfMidnight"],"picked":"SKIP","floor":52},{"not_picked":["SuperhumanBloodyKnife","TwelveNightmare","NightDance","BombardNight"],"picked":"SKIP","floor":53},{"not_picked":["BombardNight","FitfulNightmare+1","ScarletNetherworld"],"picked":"MastersStateliness+1","floor":57}],"player_experience":555720,"relics_obtained":[{"floor":1.0,"key":"Baka"},{"floor":7.0,"key":"Ornamental Fan"},{"floor":11.0,"key":"Anchor"},{"floor":20.0,"key":"Red Mask"},{"floor":21.0,"key":"Bottled Tornado"},{"floor":23.0,"key":"Question Card"},{"floor":25.0,"key":"testmod-Antiphasic"},{"floor":25.0,"key":"Baka2"},{"floor":26.0,"key":"GodSword1"},{"floor":28.0,"key":"InkBottle"},{"floor":37.0,"key":"Shuriken"},{"floor":38.0,"key":"testmod-BlackFramedGlasses"},{"floor":40.0,"key":"Blue Candle"},{"floor":43.0,"key":"Bottled Lightning"},{"floor":44.0,"key":"REME_ArchaeologicalTools"},{"floor":48,"key":"ZombieArmy"},{"floor":53,"key":"paleoftheancients:SoulOfTheIroncluck"}],"event_choices":[{"damage_healed":0.0,"max_hp_gain":0.0,"max_hp_loss":0.0,"gold_gain":150.0,"event_name":"Liars Game","player_choice":"AGREE","floor":2.0,"gold_loss":0.0,"damage_taken":0.0,"cards_obtained":["Doubt"]},{"damage_healed":0.0,"max_hp_gain":0.0,"max_hp_loss":0.0,"gold_gain":0.0,"event_name":"Match and Keep!","player_choice":"0 cards matched","floor":3.0,"gold_loss":0.0,"damage_taken":0.0,"cards_obtained":[]},{"damage_healed":0.0,"max_hp_gain":0.0,"max_hp_loss":0.0,"gold_gain":0.0,"event_name":"Scrap Ooze","player_choice":"Success","floor":12.0,"gold_loss":0.0,"damage_taken":11.0,"relics_obtained":["Tiny Chest"]},{"damage_healed":0.0,"max_hp_gain":0.0,"max_hp_loss":0.0,"gold_gain":0.0,"event_name":"Wheel of Change","player_choice":"Cursed","floor":13.0,"gold_loss":0.0,"damage_taken":0.0,"cards_obtained":["Decay"]},{"damage_healed":0.0,"max_hp_gain":0.0,"max_hp_loss":0.0,"gold_gain":0.0,"event_name":"Masked Bandits","player_choice":"Fought Bandits","floor":20.0,"gold_loss":0.0,"damage_taken":0.0},{"damage_healed":0.0,"max_hp_gain":0.0,"max_hp_loss":0.0,"gold_gain":999.0,"event_name":"恩洛斯的盘子","player_choice":"Sell","floor":29.0,"relics_lost":["MoonlightInvasionPlan"],"gold_loss":0.0,"damage_taken":0.0},{"damage_healed":0.0,"max_hp_gain":0.0,"max_hp_loss":0.0,"gold_gain":0.0,"event_name":"Mysterious Sphere","player_choice":"Fight","floor":38.0,"gold_loss":0.0,"damage_taken":0.0},{"cards_removed":["Defend_RM"],"damage_healed":0.0,"max_hp_gain":0.0,"max_hp_loss":0.0,"gold_gain":0.0,"event_name":"Designer","player_choice":"Upgrade and Remove","floor":41.0,"gold_loss":110.0,"damage_taken":0.0,"cards_upgraded":["Strike_RM"]},{"damage_healed":0.0,"max_hp_gain":0.0,"max_hp_loss":0.0,"gold_gain":222.0,"event_name":"Tomb of Lord Red Mask","player_choice":"Wore Mask","floor":45.0,"gold_loss":0.0,"damage_taken":0.0},{"damage_healed":0,"gold_gain":0,"player_choice":"Upgraded","damage_taken":0,"max_hp_gain":0,"max_hp_loss":0,"event_name":"Upgrade Shrine","floor":54,"gold_loss":0,"cards_upgraded":["MastersStateliness"]}],"is_beta":false,"boss_relics":[{"not_picked":["BloodWine","ShadowXiaoBlade"],"picked":"SynthV:MejaisSoulstealer"},{"not_picked":["testmod-DeterminationOfClimber","Fusion Hammer"],"picked":"testmod-Prudence"}],"items_purged_floors":[14,27,55,59],"is_endless":false,"potions_floor_spawned":[5,7,8,11,20,23,28,33,35,40,42],"ascension_level":20}}