{"host":"bhj73plqr6q46rek","time":1608754671,"event":{"mods":["2.2 Compatiblity","Abigail Mod","Aspiration","BaseMod","Better Third Choice","BetterRewards","Conspire","Downfall","Energized Spire","Friendly Minions","GungeonMod","Halation","HololiveMod","Hubris","Infinite Spire","KiyohimeÅiê¥?Åj","Lobotomy","LobotomyExtend","Minty Spire (QoL Compilation)","Prisma Mod","Relic Sorter","StSLib","The Alterego","TheSwordswoman","TheVelvet"],"gold_per_floor":[0,11,11,11,30,30,30,46,60,80,106,22,49,61,79,79,79,79],"floor_reached":16,"playtime":1239,"items_purged":[],"score":164,"play_id":"61901b09-d97c-4d23-8f15-87b1eb7c522b","local_time":"20201223211751","is_ascension_mode":false,"campfire_choices":[{"data":"Slimebound:MassFeed","floor":1,"key":"SMITH"}],"circlet_count":0,"master_deck":["Slimebound:Strike_Slimebound","Slimebound:Strike_Slimebound","Slimebound:Strike_Slimebound","Slimebound:Tackle","Slimebound:Defend_Slimebound","Slimebound:Defend_Slimebound","Slimebound:Defend_Slimebound","Slimebound:Defend_Slimebound","Slimebound:Split","Slimebound:CorrosiveSpit","Slimebound:MassFeed+1","Slimebound:SplitLeeching","Slimebound:Repurpose","Slimebound:FlameTackle","Slimebound:MegaLick","Slimebound:HauntingLick","Slimebound:Gluttony","Slimebound:LeadByExample","Slimebound:SplitBruiser","Slimebound:SlimeTap"],"relics":["Slimebound:AbsorbEndCombat","DemoMod:Relodestone","LetterFromLob","hubris:Towel","DemoMod:WeirdEgg","Anchor"],"acts_visited":["Exordium"],"potions_floor_usage":[9,16,16],"damage_taken":[{"damage":20,"enemies":"Jaw Worm","floor":2,"turns":4},{"damage":4,"enemies":"conspire:RoseBush","floor":5,"turns":3},{"damage":11,"enemies":"Cultist","floor":8,"turns":3},{"damage":11,"enemies":"Exordium Wildlife","floor":9,"turns":4},{"damage":14,"enemies":"Large Slime","floor":10,"turns":5},{"damage":22,"enemies":"Gremlin Nob","floor":11,"turns":4},{"damage":11,"enemies":"downfall:FleeingMerchant","floor":12,"turns":4},{"damage":45,"enemies":"3 Sentries","floor":13,"turns":7},{"damage":4,"enemies":"conspire:2 RoseBushes","floor":14,"turns":4},{"damage":10,"enemies":"Lots of Slimes","floor":15,"turns":2},{"damage":99,"enemies":"downfall:Defect","floor":16,"turns":6}],"seed_played":"3032926200140534613","potions_obtained":[{"floor":5,"key":"DemoMod:BlankPotion"},{"floor":9,"key":"Slimebound:SlimedPotion"},{"floor":13,"key":"Block Potion"},{"floor":14,"key":"Slimebound:ThreeZeroPotion"}],"is_trial":false,"path_per_floor":["R","M","?","?","M","?","T","M","M","M","E","$","E","M","M","B"],"character_chosen":"SLIMEBOUND","items_purchased":["Slimebound:LeadByExample"],"campfire_rested":0,"item_purchase_floors":[12],"current_hp_per_floor":[60,50,50,50,56,56,56,59,66,74,66,69,42,58,74,0,0,0],"gold":79,"neow_bonus":"THREE_RARE_CARDS","is_daily":false,"chose_seed":false,"campfire_upgraded":1,"win_rate":0.0,"timestamp":1608754671,"path_taken":["R","M","?","?","?","?","T","M","M","M","E","?","E","M","M","BOSS"],"items_purchased_type":["Card"],"build_version":"2020-12-22","purchased_purges":0,"victory":false,"max_hp_per_floor":[60,64,64,64,68,68,68,68,72,80,80,80,80,84,104,104,104,104],"card_choices":[{"not_picked":["Slimebound:MinionMaster","Slimebound:Teamwork"],"picked":"Slimebound:MassFeed","floor":0},{"not_picked":["Slimebound:RainOfGoop","Slimebound:ViciousTackle"],"picked":"Slimebound:SplitLeeching","floor":2},{"not_picked":["Slimebound:SplitLeeching","Slimebound:SplitMire"],"picked":"Slimebound:Repurpose","floor":5},{"not_picked":["Slimebound:SplitAcid","Slimebound:GoopSpray","Slimebound:FormOfPuddle"],"picked":"SKIP","floor":8},{"not_picked":["Slimebound:RollThrough","Slimebound:ProtectTheBoss"],"picked":"Slimebound:FlameTackle","floor":9},{"not_picked":["Slimebound:LeechEnergy","Slimebound:LeechingTouch"],"picked":"Slimebound:MegaLick","floor":10},{"not_picked":["Slimebound:Grow","Slimebound:DouseInSlime"],"picked":"Slimebound:HauntingLick","floor":11},{"not_picked":["Slimebound:ItLooksTasty","Slimebound:AcidTongue"],"picked":"Slimebound:Gluttony","floor":12},{"not_picked":["Slimebound:LeechingTouch","Slimebound:Equalize","Slimebound:DivideAndConquer"],"picked":"SKIP","floor":13},{"not_picked":["Slimebound:SplitLeeching","Slimebound:SplitAcid"],"picked":"Slimebound:SplitBruiser","floor":14},{"not_picked":["Slimebound:ComboTackle","Slimebound:FlameTackle"],"picked":"Slimebound:SlimeTap","floor":15}],"player_experience":260641,"relics_obtained":[{"floor":2,"key":"LetterFromLob"},{"floor":7,"key":"DemoMod:Relodestone"},{"floor":11,"key":"DemoMod:WeirdEgg"},{"floor":13,"key":"Anchor"}],"event_choices":[{"damage_healed":0,"gold_gain":0,"player_choice":"Ignored","damage_taken":0,"max_hp_gain":0,"max_hp_loss":0,"event_name":"NoteForYourself","floor":4,"gold_loss":0}],"is_beta":false,"boss_relics":[],"items_purged_floors":[],"is_endless":false,"potions_floor_spawned":[5,9,13,14],"killed_by":"downfall:Defect","ascension_level":0}}