{"host":"ou23awlgcm0pi7o1","time":1608740638,"event":{"mods":["BaseMod","Colored Map","Downfall","Minty Spire (QoL Compilation)","StSLib","Unceasing Turn Reminder"],"gold_per_floor":[99,113,113,126,143,68,68,79,99,134,234,248,173,198,225,237,237,237],"floor_reached":16,"playtime":2359,"items_purged":[],"score":137,"play_id":"18474cdb-c1ff-4fe5-81ed-c6f3e96a4cdc","local_time":"20201223162358","is_ascension_mode":true,"campfire_choices":[{"floor":1,"key":"RECALL"},{"data":"champ:ShieldSigil","floor":6,"key":"SMITH"},{"floor":13,"key":"REST"}],"circlet_count":0,"master_deck":["champ:Strike","champ:Strike","champ:Strike","champ:Strike","champ:Defend","champ:Defend","champ:Defend","champ:Execute","champ:Taunt","champ:GladiatorsShout","champ:FanOfKnives","champ:ShieldSigil+1","champ:IgnorePain","champ:ShieldSigil","champ:BerserkerStyle","champ:BerserkerStyle","champ:GladiatorsShout","champ:HoldFirm","champ:CalledShot"],"relics":["SacredBark","downfall:HeartBlessingRed","Kunai","champ:FightingForDummies","CloakClasp","downfall:HeartBlessingGreen","MawBank"],"acts_visited":["Exordium"],"potions_floor_usage":[8,10,12,16],"damage_taken":[{"damage":10,"enemies":"Small Slimes","floor":2,"turns":5},{"damage":11,"enemies":"Cultist","floor":4,"turns":3},{"damage":7,"enemies":"2 Louse","floor":5,"turns":3},{"damage":27,"enemies":"Large Slime","floor":8,"turns":4},{"damage":27,"enemies":"2 Fungi Beasts","floor":9,"turns":4},{"damage":62,"enemies":"Lagavulin","floor":10,"turns":9},{"damage":70,"enemies":"Lagavulin","floor":11,"turns":10},{"damage":17,"enemies":"Exordium Thugs","floor":12,"turns":6},{"damage":54,"enemies":"3 Sentries","floor":14,"turns":10},{"damage":23,"enemies":"Red Slaver","floor":15,"turns":5},{"damage":44,"enemies":"downfall:Ironclad","floor":16,"turns":7}],"seed_played":"2015460539035235299","potions_obtained":[{"floor":5,"key":"Fire Potion"},{"floor":8,"key":"ColorlessPotion"},{"floor":11,"key":"Energy Potion"},{"floor":14,"key":"DistilledChaos"}],"is_trial":false,"path_per_floor":["R","M","?","M","M","R","T","M","M","E","?","M","R","E","M","B"],"character_chosen":"THE_CHAMP","items_purchased":[],"campfire_rested":1,"item_purchase_floors":[],"current_hp_per_floor":[90,90,90,89,87,87,87,80,73,45,18,29,56,38,40,0,0,0],"gold":237,"neow_bonus":"BOSS_RELIC","is_daily":false,"chose_seed":false,"campfire_upgraded":1,"win_rate":0.0,"timestamp":1608740638,"path_taken":["R","M","?","M","M","R","T","?","M","E","?","M","R","E","M","BOSS"],"items_purchased_type":[],"build_version":"2020-12-22","purchased_purges":0,"victory":false,"max_hp_per_floor":[90,90,90,90,90,90,90,90,90,90,90,90,90,90,90,90,90,90],"card_choices":[{"not_picked":["champ:RageSigil","champ:FlashCut"],"picked":"champ:GladiatorsShout","floor":2},{"not_picked":["champ:FlashCut","champ:BerserkersShout"],"picked":"champ:FanOfKnives","floor":4},{"not_picked":["champ:Circumvent","champ:BerserkersShout"],"picked":"champ:ShieldSigil","floor":5},{"not_picked":["champ:BladeFlurry","champ:RageSigil"],"picked":"champ:IgnorePain","floor":8},{"not_picked":["champ:RecklessLeap","champ:GladiatorsShout"],"picked":"champ:ShieldSigil","floor":9},{"not_picked":["champ:DefensiveShout","champ:EnGarde"],"picked":"champ:BerserkerStyle","floor":10},{"not_picked":["champ:RageSigil","champ:TornadoPunch"],"picked":"champ:BerserkerStyle","floor":11},{"not_picked":["champ:TornadoPunch","champ:EndlessRage"],"picked":"champ:GladiatorsShout","floor":12},{"not_picked":["champ:DefensiveShout","champ:FalseCounter"],"picked":"champ:HoldFirm","floor":14},{"not_picked":["champ:Circumvent","champ:Encircle"],"picked":"champ:CalledShot","floor":15}],"player_experience":337524,"relics_obtained":[{"floor":7,"key":"Kunai"},{"floor":10,"key":"champ:FightingForDummies"},{"floor":11,"key":"CloakClasp"},{"floor":14,"key":"MawBank"}],"event_choices":[{"cards_removed":["champ:Defend"],"damage_healed":0,"gold_gain":0,"player_choice":"Purged","damage_taken":0,"max_hp_gain":0,"max_hp_loss":0,"event_name":"Purifier","floor":3,"gold_loss":0}],"is_beta":false,"boss_relics":[],"items_purged_floors":[],"is_endless":false,"potions_floor_spawned":[5,8,11,14],"killed_by":"downfall:Ironclad","ascension_level":4}}