{"host":"hz7oro4zaett5eh9","time":1608725076,"event":{"mods":["BaseMod","BetterRewards","Marisa????????","Minty Spire (QoL Compilation)","Remilia??????","Shade Mod","StSLib","The Animator","The Construct","The Cursed","The Disciple","The Marked","The Mystic","The Runesmith","The Senshi","The Servant 0.9.4","TheSwordswoman"],"gold_per_floor":[128,143,68,79,111,111,137,137,137,46,121,86,139,65,65,160,160,178,178,103,103,103,103],"floor_reached":22,"playtime":1610,"items_purged":[],"score":180,"play_id":"164b3fe3-c049-4991-910f-10a857d3444c","local_time":"20201223120436","is_ascension_mode":false,"campfire_choices":[{"floor":6,"key":"RECALL"},{"floor":8,"key":"REST"},{"data":"animator:GoblinSlayer","floor":15,"key":"SMITH"}],"circlet_count":0,"master_deck":["animator:Strike_Konosuba","animator:Defend_Konosuba","animator:Kazuma","animator:Aqua","animator:CrowleyEusford+1","animator:WinryRockbell","animator:Tatsumaki","animator:Alexander+1","animator:GoblinSlayer+1","animator:Strike_OwariNoSeraph","animator:Strike_OnePunchMan","animator:Defend_Fate","animator:Defend_GoblinSlayer","animator:Sonic","animator:Boros","animator:RinTohsaka","Envy_TH"],"relics":["animator:LivingPicture","animator:TheMissingPiece","NeowsBlessing","Bird Faced Urn","Whetstone","Black Star"],"acts_visited":["Exordium","TheCity"],"potions_floor_usage":[18,18],"damage_taken":[{"damage":0,"enemies":"Jaw Worm","floor":1,"turns":1},{"damage":0,"enemies":"2 Louse","floor":2,"turns":1},{"damage":0,"enemies":"Small Slimes","floor":4,"turns":1},{"damage":13,"enemies":"2 Fungi Beasts","floor":5,"turns":4},{"damage":20,"enemies":"3 Sentries","floor":7,"turns":5},{"damage":28,"enemies":"Slime Boss","floor":16,"turns":10},{"damage":0,"enemies":"Chosen","floor":18,"turns":6},{"damage":3,"enemies":"Shell Parasite","floor":22,"turns":3}],"seed_played":"-3969054341156744019","potions_obtained":[{"floor":2,"key":"ColorlessPotion"},{"floor":5,"key":"EntropicBrew"}],"is_trial":false,"path_per_floor":["M","M","$","M","M","R","E","R","T","?","?","?","T","$","R","B",null,"M","?","?","?","M"],"character_chosen":"THE_ANIMATOR","items_purchased":["animator:WinryRockbell","animator:Sonic"],"campfire_rested":1,"item_purchase_floors":[3,14],"current_hp_per_floor":[66,66,66,66,54,54,36,55,55,55,44,60,60,60,60,36,66,67,67,67,67,66,66],"gold":103,"neow_bonus":"THREE_ENEMY_KILL","is_daily":false,"chose_seed":false,"campfire_upgraded":1,"win_rate":0.0,"timestamp":1608725076,"path_taken":["M","M","$","M","M","R","E","R","T","?","?","?","?","$","R","BOSS","M","?","?","?","M"],"items_purchased_type":["Card","Card"],"build_version":"2020-12-22","purchased_purges":0,"victory":false,"max_hp_per_floor":[66,66,66,66,66,66,66,66,66,66,66,66,66,66,66,66,66,67,67,67,67,67,67],"card_choices":[{"not_picked":["animator:Mitsurugi","animator:Evileye"],"picked":"animator:CrowleyEusford","floor":1},{"not_picked":["animator:Mitsuba","animator:Assassin"],"picked":"animator:PandorasActor","floor":2},{"not_picked":["animator:Yuuichirou","animator:Geryuganshoop"],"picked":"animator:Tatsumaki","floor":4},{"not_picked":["animator:Illya","animator:Berserker"],"picked":"animator:Alexander","floor":5},{"not_picked":["animator:NarberalGamma","animator:Shalltear"],"picked":"animator:GoblinSlayer","floor":7},{"not_picked":["animator:Gilgamesh","animator:Saber"],"picked":"animator:Boros","floor":16},{"not_picked":["animator:PandorasActor","animator:Entoma"],"picked":"animator:RinTohsaka","floor":18}],"player_experience":621673,"relics_obtained":[{"floor":7,"key":"Bird Faced Urn"},{"floor":13,"key":"Whetstone"}],"event_choices":[{"damage_healed":0,"gold_gain":75,"player_choice":"Gather Gold","damage_taken":11,"max_hp_gain":0,"max_hp_loss":0,"event_name":"World of Goop","floor":11,"gold_loss":0},{"damage_healed":16,"gold_gain":0,"player_choice":"Healed","damage_taken":0,"max_hp_gain":0,"max_hp_loss":0,"event_name":"The Cleric","floor":12,"gold_loss":35},{"cards_removed":["animator:PandorasActor"],"damage_healed":0,"gold_gain":0,"player_choice":"Gave Gold","damage_taken":0,"max_hp_gain":0,"max_hp_loss":0,"event_name":"Beggar","floor":20,"gold_loss":75},{"damage_healed":0,"gold_gain":0,"player_choice":"Ignored","damage_taken":0,"max_hp_gain":0,"max_hp_loss":0,"event_name":"Vampires","floor":21,"gold_loss":0}],"is_beta":false,"boss_relics":[{"not_picked":["Busted Crown","Astrolabe"],"picked":"Black Star"}],"items_purged_floors":[],"is_endless":false,"potions_floor_spawned":[2,5,18],"killed_by":"Shell Parasite","ascension_level":0}}