{"host":"fjaupvxe7fzqrf4j","time":1608741952,"event":{"mods":["BaseMod","Minty Spire (QoL Compilation)","StSLib"],"gold_per_floor":[109,34,34,34,46,84,130,470,506,545,585,597,637,649,661,746,808,835,847,784,796,862,906,918,958,970,1014,1052,1064,689,715,715,801,801,815,815,815,447,353,379,404,442,490,522,550,578,613,640,640,640,640,640,640,253,285,285],"floor_reached":57,"playtime":1679,"items_purged":["Acrobatics","Acrobatics"],"score":4782,"play_id":"6ef79e43-4c4e-4351-b185-d114aee6d441","local_time":"20201224004552","daily_mods":["SealedDeck","Heirloom","Time Dilation","Flight","Elite Swarm"],"is_ascension_mode":true,"campfire_choices":[{"data":"Concentrate","floor":15.0,"key":"SMITH"},{"data":"Deflect","floor":24.0,"key":"SMITH"},{"data":"Acrobatics","floor":29.0,"key":"SMITH"},{"data":"Footwork","floor":32.0,"key":"SMITH"},{"floor":49.0,"key":"RECALL"},{"data":"Well Laid Plans","floor":53.0,"key":"SMITH"}],"circlet_count":0,"master_deck":["AscendersBane","Footwork+1","Concentrate+1","Deflect+1","Reflex+1","Tactician+1","Acrobatics+1","Prepared","Adrenaline+1","Grand Finale+1","Well Laid Plans+1","Finesse","Footwork","Doppelganger+1"],"relics":["Ring of the Snake","Ginger","MawBank","Anchor","Peace Pipe","Old Coin","TungstenRod","Thread and Needle","Paper Crane","Tiny House","Happy Flower","Boot","Bird Faced Urn","Smiling Mask","CeramicFish","Dream Catcher","Membership Card","Oddly Smooth Stone","HornCleat","Omamori","Busted Crown","TwistedFunnel","CaptainsWheel","Strawberry","Matryoshka","Shovel","Pantograph","Whetstone","Orichalcum","War Paint","StoneCalendar","MealTicket","Snake Skull","Shuriken","Lee\u0027s Waffle","Ice Cream","White Beast Statue","Centennial Puzzle"],"acts_visited":["Exordium","TheCity","TheBeyond","TheEnding"],"potions_floor_usage":[56,56],"damage_taken":[{"damage":0.0,"enemies":"2 Louse","floor":1.0,"turns":1.0},{"damage":0.0,"enemies":"Lagavulin","floor":6.0,"turns":1.0},{"damage":0.0,"enemies":"Gremlin Nob","floor":7.0,"turns":1.0},{"damage":0.0,"enemies":"3 Sentries","floor":8.0,"turns":1.0},{"damage":0.0,"enemies":"Lagavulin","floor":10.0,"turns":1.0},{"damage":0.0,"enemies":"Gremlin Nob","floor":11.0,"turns":1.0},{"damage":0.0,"enemies":"Lagavulin","floor":13.0,"turns":1.0},{"damage":0.0,"enemies":"The Guardian","floor":16.0,"turns":1.0},{"damage":0.0,"enemies":"Chosen","floor":18.0,"turns":1.0},{"damage":0.0,"enemies":"Book of Stabbing","floor":23.0,"turns":1.0},{"damage":0.0,"enemies":"Slavers","floor":25.0,"turns":1.0},{"damage":0.0,"enemies":"Book of Stabbing","floor":27.0,"turns":1.0},{"damage":0.0,"enemies":"Gremlin Leader","floor":28.0,"turns":1.0},{"damage":0.0,"enemies":"Slavers","floor":31.0,"turns":1.0},{"damage":0.0,"enemies":"Champ","floor":33.0,"turns":1.0},{"damage":0.0,"enemies":"Orb Walker","floor":35.0,"turns":1.0},{"damage":0.0,"enemies":"Nemesis","floor":40.0,"turns":1.0},{"damage":0.0,"enemies":"Giant Head","floor":41.0,"turns":1.0},{"damage":0.0,"enemies":"Nemesis","floor":42.0,"turns":1.0},{"damage":0.0,"enemies":"Giant Head","floor":44.0,"turns":2.0},{"damage":0.0,"enemies":"Reptomancer","floor":45.0,"turns":1.0},{"damage":0.0,"enemies":"Giant Head","floor":46.0,"turns":1.0},{"damage":0.0,"enemies":"Nemesis","floor":47.0,"turns":1.0},{"damage":0.0,"enemies":"Reptomancer","floor":48.0,"turns":1.0},{"damage":0.0,"enemies":"Awakened One","floor":50.0,"turns":2.0},{"damage":0.0,"enemies":"Donu and Deca","floor":51.0,"turns":1.0},{"damage":0.0,"enemies":"Shield and Spear","floor":55.0,"turns":1.0},{"damage":0,"enemies":"The Heart","floor":56,"turns":4}],"seed_played":"-8639359694838372929","potions_obtained":[{"floor":8.0,"key":"Block Potion"},{"floor":10.0,"key":"ColorlessPotion"},{"floor":28.0,"key":"PowerPotion"},{"floor":41.0,"key":"Fruit Juice"},{"floor":44.0,"key":"DuplicationPotion"}],"is_trial":true,"path_per_floor":["M","$","?","?","?","E","E","E","T","E","E","$","E","?","R","B",null,"M","?","?","$","T","E","R","E","T","E","E","R","$","E","R","B",null,"M","?","?","$","$","E","E","E","T","E","E","E","E","E","R","B","B",null,"R","$","E","B",null],"character_chosen":"THE_SILENT","items_purchased":["Membership Card","Oddly Smooth Stone","HornCleat","TwistedFunnel","CaptainsWheel","Well Laid Plans","Finesse","Strawberry","Footwork","Lee\u0027s Waffle","Ice Cream","White Beast Statue"],"campfire_rested":0,"item_purchase_floors":[30,30,30,38,38,38,38,39,39,54,54,54],"current_hp_per_floor":[59,59,64,46,46,46,46,46,46,46,46,46,46,46,46,46,70,70,70,70,70,70,70,70,70,70,72,74,74,74,76,76,76,76,76,76,76,76,83,83,88,88,88,88,88,88,88,88,88,88,88,88,88,95,95,95],"gold":285,"neow_bonus":"","is_daily":false,"chose_seed":false,"campfire_upgraded":5,"win_rate":0.0,"timestamp":1608741952,"path_taken":["M","$","?","?","?","E","E","E","T","E","E","$","E","?","R","BOSS","M","?","?","$","?","E","R","E","T","E","E","R","$","E","R","BOSS","M","?","?","$","$","E","E","E","T","E","E","E","E","E","R","BOSS","BOSS","R","$","E","BOSS"],"items_purchased_type":["Relic","Relic","Relic","Relic","Relic","Card","Card","Relic","Card","Relic","Relic","Relic"],"build_version":"2020-12-22","purchased_purges":2,"victory":true,"max_hp_per_floor":[66,66,71,71,71,71,71,71,71,71,71,71,71,71,71,71,76,76,76,76,76,76,76,76,76,76,76,76,76,76,76,76,76,76,76,76,76,76,83,83,88,88,88,88,88,88,88,88,88,88,88,88,88,95,95,95],"card_choices":[{"not_picked":["Blade Dance","Finisher"],"picked":"Prepared","floor":1.0},{"not_picked":["Doppelganger","Burst","Phantasmal Killer"],"picked":"SKIP","floor":6.0},{"not_picked":["Malaise","Phantasmal Killer"],"picked":"Adrenaline","floor":7.0},{"not_picked":["Unload","Wraith Form v2","Adrenaline"],"picked":"SKIP","floor":8.0},{"not_picked":["Adrenaline","Unload","A Thousand Cuts"],"picked":"SKIP","floor":10.0},{"not_picked":["Corpse Explosion","Glass Knife","Adrenaline"],"picked":"SKIP","floor":11.0},{"not_picked":["Envenom","A Thousand Cuts","Bullet Time"],"picked":"SKIP","floor":13.0},{"not_picked":["Concentrate","Bane","Reflex"],"picked":"SKIP","floor":18.0},{"not_picked":["Wraith Form v2","Envenom","Night Terror"],"picked":"SKIP","floor":23.0},{"not_picked":["Wraith Form v2","Envenom","Night Terror"],"picked":"SKIP","floor":23.0},{"not_picked":["Glass Knife","Doppelganger","Malaise"],"picked":"SKIP","floor":25.0},{"not_picked":["Die Die Die","Venomology","Glass Knife"],"picked":"SKIP","floor":27.0},{"not_picked":["Unload","Adrenaline","Tools of the Trade"],"picked":"SKIP","floor":28.0},{"not_picked":["Unload","Adrenaline","Tools of the Trade"],"picked":"SKIP","floor":28.0},{"not_picked":["Die Die Die","A Thousand Cuts","Tools of the Trade"],"picked":"SKIP","floor":31.0},{"not_picked":["Glass Knife","Doppelganger"],"picked":"Grand Finale","floor":33.0},{"not_picked":["PiercingWail"],"picked":"SKIP","floor":35.0},{"not_picked":["Tools of the Trade"],"picked":"SKIP","floor":40.0},{"not_picked":["Bullet Time"],"picked":"SKIP","floor":41.0},{"not_picked":[],"picked":"Doppelganger","floor":42.0},{"not_picked":["Malaise"],"picked":"SKIP","floor":44.0},{"not_picked":["Adrenaline"],"picked":"SKIP","floor":45.0},{"not_picked":["Storm of Steel"],"picked":"SKIP","floor":46.0},{"not_picked":["Night Terror"],"picked":"SKIP","floor":47.0},{"not_picked":["Adrenaline"],"picked":"SKIP","floor":48.0},{"not_picked":["Tools of the Trade"],"picked":"SKIP","floor":55.0}],"player_experience":261348,"relics_obtained":[{"floor":6.0,"key":"Anchor"},{"floor":7.0,"key":"Peace Pipe"},{"floor":8.0,"key":"Old Coin"},{"floor":10.0,"key":"TungstenRod"},{"floor":11.0,"key":"Thread and Needle"},{"floor":13.0,"key":"Paper Crane"},{"floor":22.0,"key":"Happy Flower"},{"floor":23.0,"key":"Boot"},{"floor":25.0,"key":"Bird Faced Urn"},{"floor":26.0,"key":"Smiling Mask"},{"floor":27.0,"key":"CeramicFish"},{"floor":28.0,"key":"Dream Catcher"},{"floor":31.0,"key":"Omamori"},{"floor":40.0,"key":"Matryoshka"},{"floor":41.0,"key":"Shovel"},{"floor":42.0,"key":"Pantograph"},{"floor":43.0,"key":"Whetstone"},{"floor":43.0,"key":"Orichalcum"},{"floor":44.0,"key":"War Paint"},{"floor":45.0,"key":"StoneCalendar"},{"floor":46.0,"key":"MealTicket"},{"floor":47.0,"key":"Snake Skull"},{"floor":48.0,"key":"Shuriken"},{"floor":55.0,"key":"Centennial Puzzle"}],"event_choices":[{"damage_healed":0.0,"max_hp_gain":5.0,"max_hp_loss":0.0,"gold_gain":0.0,"event_name":"Big Fish","player_choice":"Donut","floor":3.0,"gold_loss":0.0,"damage_taken":0.0},{"damage_healed":0.0,"max_hp_gain":0.0,"max_hp_loss":0.0,"gold_gain":0.0,"event_name":"Scrap Ooze","player_choice":"Success","floor":4.0,"gold_loss":0.0,"damage_taken":18.0,"relics_obtained":["MawBank"]},{"damage_healed":0.0,"max_hp_gain":0.0,"max_hp_loss":0.0,"gold_gain":0.0,"event_name":"The Cleric","player_choice":"Leave","floor":5.0,"gold_loss":0.0,"damage_taken":0.0},{"damage_healed":0.0,"max_hp_gain":0.0,"max_hp_loss":0.0,"gold_gain":0.0,"event_name":"Living Wall","player_choice":"Grow","floor":14.0,"gold_loss":0.0,"damage_taken":0.0,"cards_upgraded":["Tactician"]},{"damage_healed":0.0,"max_hp_gain":0.0,"max_hp_loss":0.0,"gold_gain":0.0,"event_name":"Cursed Tome","player_choice":"Ignored","floor":19.0,"gold_loss":0.0,"damage_taken":0.0},{"cards_removed":["Dagger Throw"],"damage_healed":0.0,"max_hp_gain":0.0,"max_hp_loss":0.0,"gold_gain":0.0,"event_name":"Beggar","player_choice":"Gave Gold","floor":20.0,"gold_loss":75.0,"damage_taken":0.0},{"damage_healed":0.0,"max_hp_gain":0.0,"max_hp_loss":0.0,"gold_gain":0.0,"event_name":"SensoryStone","player_choice":"Memory 1","floor":36.0,"gold_loss":0.0,"damage_taken":0.0},{"cards_removed":["Underhanded Strike"],"damage_healed":0.0,"max_hp_gain":0.0,"max_hp_loss":0.0,"gold_gain":0.0,"event_name":"Falling","player_choice":"Removed Attack","floor":37.0,"gold_loss":0.0,"damage_taken":0.0}],"is_beta":false,"boss_relics":[{"not_picked":["Empty Cage","Ring of the Serpent"],"picked":"Tiny House"},{"not_picked":["Philosopher\u0027s Stone","Runic Dome"],"picked":"Busted Crown"}],"items_purged_floors":[2,38],"is_endless":false,"potions_floor_spawned":[8,10,16,25,27,28,40,41,44,46,48,55],"ascension_level":20}}