{"host":"utqe55yv0jihe4d6","time":1608688901,"event":{"mods":["2.2 Compatiblity","AchievementEnabler","BaseMod","Block Reminder","Colored Map","Colored Powertips","Minty Spire (QoL Compilation)","Quick Restart","Rare Cards Sparkle","Relic Stats","SuperFastMode"],"gold_per_floor":[114,39,39,56,70,70,96,96,96,108,123,156,39,52,52,123,123,137,149,169,179,179,179,191,225,274,274,274,291,491,491,491],"floor_reached":31,"playtime":992,"items_purged":["Strike_G"],"score":538,"play_id":"d02264d5-af68-49b1-b3f7-5ea289b6e83d","local_time":"20201222210141","is_ascension_mode":true,"campfire_choices":[{"data":"Riddle With Holes","floor":6,"key":"SMITH"},{"data":"1","floor":8,"key":"LIFT"},{"data":"Noxious Fumes","floor":15,"key":"SMITH"},{"data":"2","floor":23,"key":"LIFT"},{"data":"3","floor":28,"key":"LIFT"}],"circlet_count":0,"master_deck":["AscendersBane","Strike_G","Strike_G","Strike_G","Defend_G","Defend_G","Defend_G","Defend_G","Defend_G","Survivor","Neutralize","Riddle With Holes+1","Leg Sweep","Footwork","Crippling Poison","Poisoned Stab","Escape Plan","Noxious Fumes+1","Caltrops","Acrobatics+1","Footwork","Tools of the Trade","Deadly Poison+1","Ghostly","Ghostly","Ghostly","Noxious Fumes","Dagger Throw+1","Escape Plan"],"relics":["Sozu","Girya","Meat on the Bone","Art of War","Coffee Dripper","Blood Vial","Vajra","Snake Skull"],"acts_visited":["Exordium","TheCity"],"potions_floor_usage":[],"damage_taken":[{"damage":1,"enemies":"Cultist","floor":1,"turns":5},{"damage":0,"enemies":"2 Louse","floor":4,"turns":3},{"damage":9,"enemies":"Jaw Worm","floor":5,"turns":4},{"damage":15,"enemies":"Lagavulin","floor":7,"turns":8},{"damage":8,"enemies":"3 Louse","floor":10,"turns":4},{"damage":9,"enemies":"Large Slime","floor":11,"turns":7},{"damage":22,"enemies":"Gremlin Nob","floor":12,"turns":5},{"damage":0,"enemies":"Red Slaver","floor":14,"turns":3},{"damage":18,"enemies":"Hexaghost","floor":16,"turns":9},{"damage":14,"enemies":"Shell Parasite","floor":18,"turns":5},{"damage":12,"enemies":"2 Thieves","floor":19,"turns":4},{"damage":24,"enemies":"3 Cultists","floor":20,"turns":6},{"damage":0,"enemies":"Snake Plant","floor":21,"turns":6},{"damage":0,"enemies":"Snecko","floor":24,"turns":5},{"damage":2,"enemies":"Book of Stabbing","floor":25,"turns":6},{"damage":17,"enemies":"Shelled Parasite and Fungi","floor":29,"turns":5},{"damage":31,"enemies":"Slavers","floor":31,"turns":3}],"seed_played":"-6215678320385242955","potions_obtained":[],"is_trial":false,"path_per_floor":["M","?","?","M","M","R","E","R","T","M","M","E","$","M","R","B",null,"M","M","M","M","?","R","M","E","T","?","R","M","?","E"],"character_chosen":"THE_SILENT","items_purchased":["Noxious Fumes"],"campfire_rested":0,"item_purchase_floors":[13],"current_hp_per_floor":[58,58,58,58,49,49,34,34,34,38,41,31,31,43,43,37,59,45,45,33,45,33,33,33,31,31,31,31,28,28,0,0],"gold":491,"neow_bonus":"BOSS_RELIC","is_daily":false,"chose_seed":false,"campfire_upgraded":2,"win_rate":0.0,"timestamp":1608688901,"path_taken":["M","?","?","M","M","R","E","R","T","M","M","E","?","M","R","BOSS","M","M","M","M","?","R","M","E","T","?","R","?","?","E"],"items_purchased_type":["Card"],"build_version":"2020-12-13","purchased_purges":1,"victory":false,"max_hp_per_floor":[66,66,66,66,66,66,66,66,66,66,66,66,66,66,66,66,66,66,66,66,66,33,33,33,33,33,33,33,33,33,33,33],"relic_stats":{"Sozu":7,"Blood Vial":4,"counters":[17,88],"Snake Skull":[7],"Art of War":[7],"obtain_stats":[{"Sozu":0,"Blood Vial":25,"Girya":7,"Vajra":26,"Snake Skull":27,"Art of War":12,"Coffee Dripper":17,"Ring of the Snake":0,"Meat on the Bone":9},{"Sozu":0,"Blood Vial":15,"Girya":4,"Vajra":15,"Snake Skull":15,"Art of War":7,"Coffee Dripper":9,"Ring of the Snake":0,"Meat on the Bone":4},{"Sozu":0,"Blood Vial":80,"Girya":20,"Vajra":80,"Snake Skull":80,"Art of War":36,"Coffee Dripper":48,"Ring of the Snake":0,"Meat on the Bone":20}],"Meat on the Bone":108},"card_choices":[{"not_picked":["Backflip","Calculated Gamble"],"picked":"Deadly Poison","floor":1},{"not_picked":["Sucker Punch","Catalyst"],"picked":"Riddle With Holes","floor":4},{"not_picked":["Blur","Cloak And Dagger"],"picked":"Leg Sweep","floor":5},{"not_picked":["Deadly Poison","Cloak And Dagger"],"picked":"Footwork","floor":7},{"not_picked":["Cloak And Dagger","Slice"],"picked":"Crippling Poison","floor":10},{"not_picked":["Outmaneuver","Prepared"],"picked":"Poisoned Stab","floor":11},{"not_picked":["Deflect","Choke"],"picked":"Escape Plan","floor":12},{"not_picked":["Well Laid Plans","Prepared"],"picked":"Caltrops","floor":14},{"not_picked":["Prepared","Bane+1"],"picked":"Acrobatics+1","floor":18},{"not_picked":["Crippling Poison","Caltrops"],"picked":"Footwork","floor":19},{"not_picked":["Dagger Throw","Sucker Punch"],"picked":"Tools of the Trade","floor":20},{"not_picked":["Dagger Spray","Quick Slash"],"picked":"Deadly Poison+1","floor":21},{"not_picked":["Eviscerate+1","Cloak And Dagger+1"],"picked":"Noxious Fumes","floor":24},{"not_picked":["Outmaneuver","Slice"],"picked":"Dagger Throw+1","floor":25},{"not_picked":["Deadly Poison","Acrobatics"],"picked":"Escape Plan","floor":29}],"player_experience":2835401,"relics_obtained":[{"floor":7,"key":"Girya"},{"floor":9,"key":"Meat on the Bone"},{"floor":12,"key":"Art of War"},{"floor":25,"key":"Blood Vial"},{"floor":26,"key":"Vajra"}],"event_choices":[{"cards_removed":["Strike_G"],"damage_healed":0,"gold_gain":0,"player_choice":"Card Removal","damage_taken":0,"max_hp_gain":0,"max_hp_loss":0,"event_name":"The Cleric","floor":2,"gold_loss":75},{"damage_healed":0,"gold_gain":0,"player_choice":"Ignored","damage_taken":0,"max_hp_gain":0,"max_hp_loss":0,"event_name":"Liars Game","floor":3,"gold_loss":0},{"damage_healed":0,"gold_gain":0,"player_choice":"Became a Ghost","damage_taken":0,"max_hp_gain":0,"max_hp_loss":33,"event_name":"Ghosts","floor":22,"gold_loss":0,"cards_obtained":["Ghostly","Ghostly","Ghostly"]},{"cards_removed":["Deadly Poison"],"damage_healed":0,"gold_gain":0,"player_choice":"Gave Card","damage_taken":0,"relics_obtained":["Snake Skull"],"max_hp_gain":0,"max_hp_loss":0,"event_name":"WeMeetAgain","floor":27,"gold_loss":0},{"damage_healed":0,"gold_gain":200,"player_choice":"Gold","damage_taken":0,"max_hp_gain":0,"max_hp_loss":0,"event_name":"Wheel of Change","floor":30,"gold_loss":0}],"is_beta":false,"boss_relics":[{"not_picked":["Philosopher\u0027s Stone","Fusion Hammer"],"picked":"Coffee Dripper"}],"items_purged_floors":[13],"is_endless":false,"potions_floor_spawned":[5,10,11,12,18,21,29],"killed_by":"Slavers","ascension_level":20}}