{"host":"x4x6fw95e6eqd4n0","time":1608712551,"event":{"mods":["AchievementEnabler","BaseMod","Colored Map","Colored Powertips","DeckTracker","Minty Spire (QoL Compilation)"],"gold_per_floor":[99,99,99,99,65,65,65,65,65,65,65,65,65,65,65,65,65,20,20,20,20,20,20,20,20,20,20,20,20,20,20,20,20,20],"floor_reached":33,"playtime":1355,"items_purged":[],"score":319,"play_id":"60f16e2c-e8b5-4cba-9e1a-0aafb0f98bcc","local_time":"20201223103551","is_ascension_mode":false,"campfire_choices":[{"data":"Noxious Fumes","floor":6,"key":"SMITH"},{"data":"Blur","floor":8,"key":"SMITH"},{"data":"Glass Knife","floor":15,"key":"SMITH"},{"floor":23,"key":"REST"},{"floor":25,"key":"REST"},{"data":"Corpse Explosion","floor":27,"key":"SMITH"},{"data":"Corpse Explosion","floor":30,"key":"SMITH"},{"data":"Die Die Die","floor":32,"key":"SMITH"}],"circlet_count":0,"master_deck":["Strike_G","Strike_G","Strike_G","Strike_G","Defend_G","Defend_G","Defend_G","Defend_G","Defend_G","Survivor","Neutralize","Blur+1","Dagger Throw","Noxious Fumes+1","Bane","Bouncing Flask","Cloak And Dagger","Glass Knife+1","Tactician","Die Die Die+1","Bouncing Flask","Corpse Explosion+1","Acrobatics","Corpse Explosion+1","Accuracy","Escape Plan","Cloak And Dagger+1","Dagger Throw+1"],"relics":["Ectoplasm","Golden Idol","Juzu Bracelet","Ginger","Tiny Chest","HoveringKite","Red Mask","Ornamental Fan","Potion Belt"],"acts_visited":["Exordium","TheCity"],"potions_floor_usage":[12,16,16,29,29,31,33,33],"damage_taken":[{"damage":0,"enemies":"Cultist","floor":1,"turns":4},{"damage":0,"enemies":"Jaw Worm","floor":4,"turns":5},{"damage":3,"enemies":"2 Louse","floor":7,"turns":2},{"damage":2,"enemies":"Blue Slaver","floor":10,"turns":4},{"damage":2,"enemies":"Red Slaver","floor":11,"turns":4},{"damage":3,"enemies":"Lagavulin","floor":12,"turns":6},{"damage":0,"enemies":"2 Fungi Beasts","floor":14,"turns":3},{"damage":21,"enemies":"Slime Boss","floor":16,"turns":9},{"damage":11,"enemies":"2 Thieves","floor":18,"turns":4},{"damage":35,"enemies":"Masked Bandits","floor":20,"turns":4},{"damage":2,"enemies":"Chosen","floor":21,"turns":4},{"damage":12,"enemies":"Shelled Parasite and Fungi","floor":22,"turns":5},{"damage":8,"enemies":"Centurion and Healer","floor":24,"turns":3},{"damage":3,"enemies":"Snake Plant","floor":28,"turns":3},{"damage":0,"enemies":"Slavers","floor":29,"turns":2},{"damage":7,"enemies":"Shelled Parasite and Fungi","floor":31,"turns":4},{"damage":34,"enemies":"Collector","floor":33,"turns":5}],"seed_played":"-2633534574458220035","potions_obtained":[{"floor":1,"key":"Explosive Potion"},{"floor":4,"key":"Ancient Potion"},{"floor":7,"key":"BlessingOfTheForge"},{"floor":16,"key":"SkillPotion"},{"floor":21,"key":"DistilledChaos"},{"floor":22,"key":"Block Potion"},{"floor":29,"key":"SpeedPotion"},{"floor":31,"key":"ColorlessPotion"}],"is_trial":false,"path_per_floor":["M","?","?","M","$","R","M","R","T","M","M","E","?","M","R","B",null,"M","?","?","M","M","R","M","R","T","R","M","E","R","M","R","B"],"character_chosen":"THE_SILENT","items_purchased":["Noxious Fumes"],"campfire_rested":2,"item_purchase_floors":[5],"current_hp_per_floor":[70,53,53,53,53,53,50,50,50,48,46,43,36,36,36,15,70,59,59,24,22,10,31,23,44,44,44,41,41,41,34,34,0,0],"gold":20,"neow_bonus":"BOSS_RELIC","is_daily":false,"chose_seed":false,"campfire_upgraded":6,"win_rate":0.0,"timestamp":1608712551,"path_taken":["M","?","?","M","$","R","M","R","T","M","M","E","?","M","R","BOSS","M","?","?","M","M","R","M","R","T","R","M","E","R","M","R","BOSS"],"items_purchased_type":["Card"],"build_version":"2020-12-13","purchased_purges":0,"victory":false,"max_hp_per_floor":[70,70,70,70,70,70,70,70,70,70,70,70,70,70,70,70,70,70,70,70,70,70,70,70,70,70,70,70,70,70,70,70,70,70],"card_choices":[{"not_picked":["Acrobatics","Dash"],"picked":"Blur","floor":1},{"not_picked":["Dodge and Roll","PiercingWail"],"picked":"Dagger Throw","floor":4},{"not_picked":["Dagger Spray","PiercingWail"],"picked":"Bane","floor":7},{"not_picked":["Dodge and Roll","Cloak And Dagger"],"picked":"Bouncing Flask","floor":10},{"not_picked":["Deflect","Dagger Spray"],"picked":"Cloak And Dagger","floor":11},{"not_picked":["Footwork","Cloak And Dagger"],"picked":"Glass Knife","floor":12},{"not_picked":["Dodge and Roll","Skewer"],"picked":"Tactician","floor":14},{"not_picked":["Doppelganger","Glass Knife"],"picked":"Die Die Die","floor":16},{"not_picked":["Cloak And Dagger","Flying Knee+1"],"picked":"Bouncing Flask","floor":18},{"not_picked":["Acrobatics","Cloak And Dagger"],"picked":"Corpse Explosion","floor":20},{"not_picked":["Cloak And Dagger","Dagger Throw"],"picked":"Acrobatics","floor":21},{"not_picked":["Flying Knee+1","Dagger Throw+1"],"picked":"Corpse Explosion","floor":22},{"not_picked":["Blade Dance","Flying Knee"],"picked":"Accuracy","floor":24},{"not_picked":["Poisoned Stab","Cloak And Dagger"],"picked":"Escape Plan","floor":28},{"not_picked":["Bane","Dodge and Roll"],"picked":"Cloak And Dagger+1","floor":29},{"not_picked":["Flechettes","Quick Slash"],"picked":"Dagger Throw+1","floor":31}],"player_experience":35043,"relics_obtained":[{"floor":9,"key":"Juzu Bracelet"},{"floor":12,"key":"Ginger"},{"floor":20,"key":"Red Mask"},{"floor":26,"key":"Ornamental Fan"},{"floor":29,"key":"Potion Belt"}],"event_choices":[{"damage_healed":0,"gold_gain":0,"player_choice":"Take Damage","damage_taken":17,"relics_obtained":["Golden Idol"],"max_hp_gain":0,"max_hp_loss":0,"event_name":"Golden Idol","floor":2,"gold_loss":0},{"damage_healed":0,"gold_gain":0,"player_choice":"Ignored","damage_taken":0,"max_hp_gain":0,"max_hp_loss":0,"event_name":"Liars Game","floor":3,"gold_loss":0},{"damage_healed":0,"gold_gain":0,"player_choice":"Success","damage_taken":7,"relics_obtained":["Tiny Chest"],"max_hp_gain":0,"max_hp_loss":0,"event_name":"Scrap Ooze","floor":13,"gold_loss":0},{"cards_removed":["Strike_G"],"damage_healed":0,"gold_gain":0,"player_choice":"Purged","damage_taken":0,"max_hp_gain":0,"max_hp_loss":0,"event_name":"Purifier","floor":19,"gold_loss":0},{"damage_healed":0,"gold_gain":0,"player_choice":"Fought Bandits","damage_taken":0,"max_hp_gain":0,"max_hp_loss":0,"event_name":"Masked Bandits","floor":20,"gold_loss":0}],"is_beta":false,"boss_relics":[{"not_picked":["Calling Bell","Velvet Choker"],"picked":"HoveringKite"}],"items_purged_floors":[],"is_endless":false,"potions_floor_spawned":[1,4,7,16,21,22,29,31],"killed_by":"Collector","ascension_level":0}}