{"host":"y76clbnovzmw9ubx","time":1608763045,"event":{"mods":["AchievementEnabler","BaseMod","Minty Spire (QoL Compilation)","Permanent Neow","Relic Stats"],"gold_per_floor":[119,130,141,153,118,129,129,162,162,187,212,226,18,35,35,35,35],"floor_reached":16,"playtime":1336,"items_purged":[],"score":228,"play_id":"2c577690-b544-401f-902e-aeebda819fab","local_time":"20201223173725","is_ascension_mode":true,"campfire_choices":[{"data":"Sunder","floor":7,"key":"SMITH"},{"floor":15,"key":"REST"}],"circlet_count":0,"master_deck":["AscendersBane","Strike_B","Strike_B","Strike_B","Strike_B","Defend_B","Defend_B","Defend_B","Defend_B","Zap","Dualcast","Loop","Melter","Cold Snap","Sunder+1","Compile Driver","Defragment","Capacitor","Meteor Strike","Turbo","Barrage"],"relics":["Cracked Core","Happy Flower","The Courier","Cables","Anchor"],"acts_visited":["Exordium"],"potions_floor_usage":[8,10,10,16],"damage_taken":[{"damage":6,"enemies":"Cultist","floor":1,"turns":3},{"damage":4,"enemies":"Jaw Worm","floor":2,"turns":4},{"damage":8,"enemies":"Small Slimes","floor":3,"turns":4},{"damage":6,"enemies":"Exordium Wildlife","floor":4,"turns":4},{"damage":9,"enemies":"Looter","floor":6,"turns":3},{"damage":22,"enemies":"Lagavulin","floor":8,"turns":6},{"damage":4,"enemies":"Gremlin Nob","floor":10,"turns":3},{"damage":0,"enemies":"Red Slaver","floor":12,"turns":3},{"damage":0,"enemies":"2 Fungi Beasts","floor":14,"turns":4},{"damage":48,"enemies":"The Guardian","floor":16,"turns":5}],"seed_played":"5176944416072615572","potions_obtained":[{"floor":1,"key":"SkillPotion"},{"floor":4,"key":"GamblersBrew"},{"floor":6,"key":"Swift Potion"},{"floor":8,"key":"FocusPotion"},{"floor":12,"key":"Weak Potion"}],"is_trial":false,"path_per_floor":["M","M","M","M","?","M","R","E","T","E","T","M","$","M","R","B"],"character_chosen":"DEFECT","items_purchased":["Capacitor","Meteor Strike","Turbo"],"campfire_rested":1,"item_purchase_floors":[13,13,13],"current_hp_per_floor":[58,54,46,40,57,48,48,26,26,22,22,22,22,22,43,0,0],"gold":35,"neow_bonus":"RANDOM_COMMON_RELIC","is_daily":false,"chose_seed":false,"campfire_upgraded":1,"win_rate":0.0,"timestamp":1608763045,"path_taken":["M","M","M","M","?","M","R","E","T","E","?","M","$","M","R","BOSS"],"items_purchased_type":["Card","Card","Card"],"build_version":"2020-12-22","purchased_purges":0,"victory":false,"max_hp_per_floor":[71,71,71,71,71,71,71,71,71,71,71,71,71,71,71,71,71],"relic_stats":{"Happy Flower":[13],"counters":[10,38],"obtain_stats":[{"Anchor":10,"Happy Flower":0,"The Courier":8,"Cracked Core":0,"Cables":9},{"Anchor":7,"Happy Flower":0,"The Courier":6,"Cracked Core":0,"Cables":6},{"Anchor":27,"Happy Flower":0,"The Courier":24,"Cracked Core":0,"Cables":24}],"Cables":[12,12,0,0,0]},"card_choices":[{"not_picked":["Skim","Stack"],"picked":"Loop","floor":1},{"not_picked":["Beam Cell","Hello World"],"picked":"Melter","floor":2},{"not_picked":["Chaos","Conserve Battery"],"picked":"Cold Snap","floor":3},{"not_picked":["Turbo","Gash"],"picked":"Sunder","floor":4},{"not_picked":["Turbo","Barrage"],"picked":"Compile Driver","floor":6},{"not_picked":["Sweeping Beam","FTL","Rip and Tear"],"picked":"SKIP","floor":8},{"not_picked":["Steam","Lockon","Streamline"],"picked":"SKIP","floor":10},{"not_picked":["Lockon","Conserve Battery"],"picked":"Defragment","floor":12},{"not_picked":["Turbo","Barrage","Sweeping Beam"],"picked":"SKIP","floor":14},{"not_picked":["Turbo","Sweeping Beam"],"picked":"Barrage","floor":14}],"player_experience":2960551,"relics_obtained":[{"floor":8,"key":"The Courier"},{"floor":9,"key":"Cables"},{"floor":10,"key":"Anchor"}],"event_choices":[{"damage_healed":17,"gold_gain":0,"player_choice":"Healed","damage_taken":0,"max_hp_gain":0,"max_hp_loss":0,"event_name":"The Cleric","floor":5,"gold_loss":35}],"is_beta":false,"boss_relics":[],"items_purged_floors":[],"is_endless":false,"potions_floor_spawned":[1,4,6,8,12],"killed_by":"The Guardian","ascension_level":20}}