{"host":"cc187","time":1608683624,"event":{"mods":["AchievementEnabler","BaseMod","Bestiary","Colored Map","Colored Powertips","Highlight Path","Keyboard Shortcuts","Minty Spire (QoL Compilation)","Quick Restart","Rare Cards Sparkle","Relic Stats","StSLib","SuperFastMode","Synergy Search","ojb\u0027s Info Mod"],"gold_per_floor":[119,133,183,195,215,215,215],"floor_reached":6,"playtime":205,"items_purged":[],"score":72,"play_id":"7ddfa782-17b7-4d86-933c-cd14ed2b51c9","local_time":"20201223003344","is_ascension_mode":true,"campfire_choices":[],"circlet_count":0,"master_deck":["AscendersBane","Strike_G","Strike_G","Strike_G","Strike_G","Strike_G","Defend_G","Defend_G","Defend_G","Defend_G","Defend_G","Survivor","Neutralize","Deadly Poison","Dash","Envenom","Bane"],"relics":["Ring of the Snake","NeowsBlessing"],"acts_visited":["Exordium"],"potions_floor_usage":[],"damage_taken":[{"damage":0,"enemies":"Cultist","floor":1,"turns":1},{"damage":0,"enemies":"2 Louse","floor":2,"turns":1},{"damage":0,"enemies":"Jaw Worm","floor":4,"turns":1},{"damage":12,"enemies":"Lots of Slimes","floor":5,"turns":7},{"damage":65,"enemies":"Lagavulin","floor":6,"turns":9}],"seed_played":"8211305597451139732","potions_obtained":[{"floor":5,"key":"Strength Potion"}],"is_trial":false,"path_per_floor":["M","M","?","M","M","E"],"character_chosen":"THE_SILENT","items_purchased":[],"campfire_rested":0,"item_purchase_floors":[],"current_hp_per_floor":[59,59,59,59,47,0,0],"gold":215,"neow_bonus":"THREE_ENEMY_KILL","is_daily":false,"chose_seed":false,"campfire_upgraded":0,"win_rate":0.0,"timestamp":1608683624,"path_taken":["M","M","?","M","?","E"],"items_purchased_type":[],"build_version":"2020-12-18","purchased_purges":0,"victory":false,"max_hp_per_floor":[66,66,66,66,66,66,66],"relic_stats":{"counters":[5,19],"obtain_stats":[{"NeowsBlessing":0,"Ring of the Snake":0},{"NeowsBlessing":0,"Ring of the Snake":0},{"NeowsBlessing":0,"Ring of the Snake":0}],"Ring of the Snake":[10]},"card_choices":[{"not_picked":["Flying Knee","Setup"],"picked":"Deadly Poison","floor":1},{"not_picked":["Blade Dance","Underhanded Strike"],"picked":"Dash","floor":2},{"not_picked":["Flying Knee","Acrobatics"],"picked":"Envenom","floor":4},{"not_picked":["Underhanded Strike","Terror"],"picked":"Bane","floor":5}],"player_experience":837564,"relics_obtained":[],"event_choices":[{"damage_healed":0,"gold_gain":50,"player_choice":"Pray","damage_taken":0,"max_hp_gain":0,"max_hp_loss":0,"event_name":"Golden Shrine","floor":3,"gold_loss":0}],"is_beta":true,"boss_relics":[],"items_purged_floors":[],"is_endless":false,"potions_floor_spawned":[5],"killed_by":"Lagavulin","ascension_level":18}}