{"host":"6999i8eg5ewbhdiq","time":1608740740,"event":{"mods":["AchievementEnabler","BaseMod","Colored Map","Colored Powertips","Highlight Path","Minty Spire (QoL Compilation)"],"gold_per_floor":[214,64,80,100,55,55,81,46,46,59,59,59,234,245,245,348,348,348,348,38,137,150,184,184,184,184],"floor_reached":25,"playtime":1032,"items_purged":[],"score":241,"play_id":"f5c79aaf-eb04-40c7-9786-ea9ec2b31f7b","local_time":"20201223172540","is_ascension_mode":true,"campfire_choices":[{"data":"Zap","floor":6,"key":"SMITH"},{"floor":12,"key":"REST"},{"data":"Barrage","floor":15,"key":"SMITH"},{"floor":24,"key":"REST"}],"circlet_count":0,"master_deck":["Strike_B","Strike_B","Strike_B","Strike_B","Defend_B","Defend_B","Defend_B","Defend_B","Zap+1","Dualcast","Gash","Barrage+1","Defragment+1","Doubt","Cold Snap","Defragment+1","Barrage"],"relics":["Cracked Core","Runic Capacitor","Frozen Egg 2","Mercury Hourglass","Nuclear Battery","Thread and Needle","Regal Pillow"],"acts_visited":["Exordium","TheCity"],"potions_floor_usage":[16,16,18],"damage_taken":[{"damage":5,"enemies":"Cultist","floor":1,"turns":4},{"damage":1,"enemies":"2 Louse","floor":3,"turns":2},{"damage":4,"enemies":"Jaw Worm","floor":4,"turns":3},{"damage":38,"enemies":"3 Sentries","floor":7,"turns":8},{"damage":0,"enemies":"Large Slime","floor":10,"turns":4},{"damage":10,"enemies":"2 Fungi Beasts","floor":14,"turns":3},{"damage":2,"enemies":"Slime Boss","floor":16,"turns":8},{"damage":7,"enemies":"3 Byrds","floor":18,"turns":2},{"damage":12,"enemies":"Spheric Guardian","floor":22,"turns":4},{"damage":47,"enemies":"Gremlin Leader","floor":23,"turns":7},{"damage":46,"enemies":"Slavers","floor":25,"turns":5}],"seed_played":"-9190763652281462743","potions_obtained":[{"floor":1,"key":"SmokeBomb"},{"floor":4,"key":"FearPotion"},{"floor":7,"key":"SneckoOil"},{"floor":23,"key":"PotionOfCapacity"}],"is_trial":false,"path_per_floor":["M","$","M","M","$","R","E","?","T","M","?","R","?","M","R","B",null,"M","?","$","?","M","E","R","E"],"character_chosen":"DEFECT","items_purchased":["Runic Capacitor","Barrage","Thread and Needle"],"campfire_rested":2,"item_purchase_floors":[2,5,20],"current_hp_per_floor":[70,70,69,65,65,65,27,45,45,45,45,67,67,57,57,55,75,68,68,68,68,56,9,46,0,0],"gold":184,"neow_bonus":"HUNDRED_GOLD","is_daily":false,"chose_seed":false,"campfire_upgraded":2,"win_rate":0.0,"timestamp":1608740740,"path_taken":["M","$","?","M","$","R","E","?","T","M","?","R","?","M","R","BOSS","M","?","$","?","M","E","R","E"],"items_purchased_type":["Relic","Card","Relic"],"build_version":"2020-12-22","purchased_purges":0,"victory":false,"max_hp_per_floor":[75,75,75,75,75,75,75,75,75,75,75,75,75,75,75,75,75,75,75,75,75,75,75,75,75,75],"card_choices":[{"not_picked":["Go for the Eyes","Compile Driver"],"picked":"Gash","floor":1},{"not_picked":["Steam","Blizzard","Conserve Battery"],"picked":"SKIP","floor":3},{"not_picked":["Redo","Cold Snap","Lockon"],"picked":"SKIP","floor":4},{"not_picked":["Rip and Tear","Genetic Algorithm","Biased Cognition+1"],"picked":"SKIP","floor":7},{"not_picked":["Steam","BootSequence"],"picked":"Defragment+1","floor":10},{"not_picked":["Self Repair+1","Capacitor+1"],"picked":"Cold Snap","floor":14},{"not_picked":["Coolheaded+1","Doom and Gloom","Go for the Eyes"],"picked":"SKIP","floor":22},{"not_picked":["Scrape","Streamline"],"picked":"Barrage","floor":23}],"player_experience":96171,"relics_obtained":[{"floor":7,"key":"Frozen Egg 2"},{"floor":9,"key":"Mercury Hourglass"},{"floor":23,"key":"Regal Pillow"}],"event_choices":[{"damage_healed":18,"gold_gain":0,"player_choice":"Healed","damage_taken":0,"max_hp_gain":0,"max_hp_loss":0,"event_name":"The Cleric","floor":8,"gold_loss":35},{"damage_healed":0,"gold_gain":0,"player_choice":"Searched \u00271\u0027 times","damage_taken":0,"max_hp_gain":0,"max_hp_loss":0,"event_name":"Dead Adventurer","floor":11,"gold_loss":0},{"damage_healed":0,"gold_gain":175,"player_choice":"AGREE","damage_taken":0,"max_hp_gain":0,"max_hp_loss":0,"event_name":"Liars Game","floor":13,"gold_loss":0,"cards_obtained":["Doubt"]},{"damage_healed":0,"gold_gain":0,"player_choice":"Read","damage_taken":0,"max_hp_gain":0,"max_hp_loss":0,"event_name":"The Library","floor":19,"gold_loss":0,"cards_obtained":["Defragment"]},{"damage_healed":0,"gold_gain":99,"player_choice":"Stole From Cult","damage_taken":0,"max_hp_gain":0,"max_hp_loss":0,"event_name":"Nest","floor":21,"gold_loss":0}],"is_beta":false,"boss_relics":[{"not_picked":["FrozenCore","Philosopher\u0027s Stone"],"picked":"Nuclear Battery"}],"items_purged_floors":[],"is_endless":false,"potions_floor_spawned":[1,4,7,18,23],"killed_by":"Slavers","ascension_level":2}}