{"host":"bnbc66jny2i0hx0x","time":1608698054,"event":{"mods":["AchievementEnabler","BaseMod","Minty Spire (QoL Compilation)","Relic Sorter","StSLib"],"gold_per_floor":[113,133,147,147,147,147,478,259,259,279,295,295,327,346,346,424,424,434,171,221,232,250,281,281,281,281,325,335,335,348,376,376,376,376],"floor_reached":33,"playtime":1214,"items_purged":["Strike_B"],"score":555,"play_id":"c705fba9-43f2-4a68-ad61-4251bae8bf80","local_time":"20201222203414","is_ascension_mode":true,"campfire_choices":[{"data":"Barrage","floor":6.0,"key":"SMITH"},{"data":"Capacitor","floor":12.0,"key":"SMITH"},{"floor":15.0,"key":"REST"},{"floor":24,"key":"REST"},{"floor":29,"key":"REST"},{"floor":32,"key":"REST"}],"circlet_count":0,"master_deck":["AscendersBane","Strike_B","Strike_B","Defend_B","Defend_B","Defend_B+1","Defend_B","Zap","Dualcast+1","Beam Cell","White Noise","Barrage+1","Ball Lightning","Capacitor+1","Genetic Algorithm","Defragment","Electrodynamics","CurseOfTheBell","Capacitor","Sunder","Self Repair","Glacier","Writhe","Barrage"],"relics":["Cracked Core","Old Coin","Lantern","Du-Vu Doll","War Paint","Calling Bell","Regal Pillow","Mercury Hourglass","TungstenRod","ClockworkSouvenir","Pen Nib","PreservedInsect","CaptainsWheel","CeramicFish","Blood Vial"],"acts_visited":["Exordium","TheCity"],"potions_floor_usage":[21,23,28,30],"damage_taken":[{"damage":1.0,"enemies":"Cultist","floor":1.0,"turns":3.0},{"damage":0.0,"enemies":"Small Slimes","floor":2.0,"turns":3.0},{"damage":2.0,"enemies":"Jaw Worm","floor":3.0,"turns":3.0},{"damage":10.0,"enemies":"3 Sentries","floor":7.0,"turns":3.0},{"damage":0.0,"enemies":"Large Slime","floor":10.0,"turns":4.0},{"damage":0.0,"enemies":"2 Fungi Beasts","floor":11.0,"turns":2.0},{"damage":26.0,"enemies":"Gremlin Nob","floor":13.0,"turns":4.0},{"damage":0.0,"enemies":"Blue Slaver","floor":14.0,"turns":2.0},{"damage":20.0,"enemies":"The Guardian","floor":16.0,"turns":8.0},{"damage":14.0,"enemies":"Shell Parasite","floor":18.0,"turns":4.0},{"damage":14,"enemies":"2 Thieves","floor":21,"turns":3},{"damage":5,"enemies":"Centurion and Healer","floor":22,"turns":5},{"damage":39,"enemies":"Gremlin Leader","floor":23,"turns":6},{"damage":30,"enemies":"Book of Stabbing","floor":27,"turns":3},{"damage":0,"enemies":"Sentry and Sphere","floor":28,"turns":5},{"damage":20,"enemies":"Shelled Parasite and Fungi","floor":30,"turns":5},{"damage":26,"enemies":"Slavers","floor":31,"turns":3},{"damage":73,"enemies":"Automaton","floor":33,"turns":8}],"seed_played":"-3120579769182183777","potions_obtained":[{"floor":3.0,"key":"FocusPotion"},{"floor":5.0,"key":"EntropicBrew"},{"floor":10.0,"key":"Explosive Potion"},{"floor":14.0,"key":"Block Potion"},{"floor":21,"key":"ColorlessPotion"},{"floor":22,"key":"LiquidMemories"},{"floor":23,"key":"Fire Potion"},{"floor":27,"key":"FocusPotion"}],"is_trial":false,"path_per_floor":["M","M","M","?","?","R","E","$","T","M","M","R","E","M","R","B",null,"M","$","?","M","M","E","R","?","T","E","M","R","M","E","R","B"],"character_chosen":"DEFECT","items_purchased":["Lantern","ClockworkSouvenir","Capacitor","Sunder"],"campfire_rested":4,"item_purchase_floors":[8,19,19,19],"current_hp_per_floor":[70,70,68,61,61,61,51,51,51,51,51,51,25,25,48,28,66,52,52,52,38,40,8,46,46,46,16,30,68,48,29,67,0,0],"gold":376,"neow_bonus":"TEN_PERCENT_HP_BONUS","is_daily":false,"chose_seed":false,"campfire_upgraded":2,"win_rate":0.0,"timestamp":1608698054,"path_taken":["M","M","M","?","?","R","E","$","T","M","M","R","E","?","R","BOSS","M","$","?","M","?","E","R","?","T","E","M","R","M","E","R","BOSS"],"items_purchased_type":["Relic","Relic","Card","Card"],"build_version":"2020-12-13","purchased_purges":1,"victory":false,"max_hp_per_floor":[78,78,78,78,78,78,78,78,78,78,78,78,78,78,78,78,78,78,78,78,78,78,78,78,78,78,78,78,78,78,78,78,78,78],"card_choices":[{"not_picked":["Coolheaded","Leap"],"picked":"Beam Cell","floor":1.0},{"not_picked":["Compile Driver","Stack"],"picked":"White Noise","floor":2.0},{"not_picked":["Undo","Conserve Battery"],"picked":"Barrage","floor":3.0},{"not_picked":["Buffer","Gash"],"picked":"Ball Lightning","floor":7.0},{"not_picked":["Rebound","Self Repair"],"picked":"Capacitor","floor":10.0},{"not_picked":["Steam","Hello World"],"picked":"Genetic Algorithm","floor":11.0},{"not_picked":["Go for the Eyes","Redo","Gash"],"picked":"SKIP","floor":13.0},{"not_picked":["Conserve Battery","Steam"],"picked":"Defragment","floor":14.0},{"not_picked":["Rainbow","Meteor Strike"],"picked":"Electrodynamics","floor":16.0},{"not_picked":["Reprogram","Rip and Tear","Blizzard"],"picked":"SKIP","floor":18.0},{"not_picked":["Gash+1","Beam Cell"],"picked":"Self Repair","floor":21},{"not_picked":["Conserve Battery","Leap","Steam Power"],"picked":"SKIP","floor":22},{"not_picked":["Heatsinks","Skim"],"picked":"Glacier","floor":23},{"not_picked":["Conserve Battery","Ball Lightning+1"],"picked":"Barrage","floor":27},{"not_picked":["Ball Lightning","Conserve Battery","Darkness"],"picked":"SKIP","floor":28},{"not_picked":["Go for the Eyes","Core Surge","Reprogram"],"picked":"SKIP","floor":30},{"not_picked":["Ball Lightning","Gash","Melter"],"picked":"SKIP","floor":31}],"player_experience":1262739,"relics_obtained":[{"floor":7.0,"key":"Old Coin"},{"floor":9.0,"key":"Du-Vu Doll"},{"floor":13.0,"key":"War Paint"},{"floor":17.0,"key":"Regal Pillow"},{"floor":17.0,"key":"Mercury Hourglass"},{"floor":17.0,"key":"TungstenRod"},{"floor":23,"key":"Pen Nib"},{"floor":26,"key":"CaptainsWheel"},{"floor":27,"key":"CeramicFish"},{"floor":31,"key":"Blood Vial"}],"event_choices":[{"cards_removed":["Strike_B"],"damage_healed":0.0,"max_hp_gain":0.0,"max_hp_loss":0.0,"gold_gain":0.0,"event_name":"Golden Wing","player_choice":"Card Removal","floor":4.0,"gold_loss":0.0,"damage_taken":7.0},{"damage_healed":0.0,"max_hp_gain":0.0,"max_hp_loss":0.0,"gold_gain":0.0,"event_name":"Lab","player_choice":"Got Potions","floor":5.0,"gold_loss":0.0,"damage_taken":0.0},{"damage_healed":0,"gold_gain":100,"player_choice":"Bet on Murderer","damage_taken":0,"max_hp_gain":0,"max_hp_loss":0,"event_name":"The Joust","floor":20,"gold_loss":50},{"damage_healed":0,"gold_gain":0,"player_choice":"Opened","damage_taken":0,"relics_obtained":["PreservedInsect"],"max_hp_gain":0,"max_hp_loss":0,"event_name":"The Mausoleum","floor":25,"gold_loss":0,"cards_obtained":["Writhe"]}],"is_beta":false,"boss_relics":[{"not_picked":["Fusion Hammer","SlaversCollar"],"picked":"Calling Bell"}],"items_purged_floors":[8],"is_endless":false,"potions_floor_spawned":[3,10,14,16,21,22,23,27],"killed_by":"Automaton","ascension_level":15}}