{"host":"daa8jqyg4gqfaysm","time":1608739202,"event":{"mods":["BaseMod","Colored Powertips","Minty Spire (QoL Compilation)","StSLib"],"gold_per_floor":[117,134,154,254,270,299,299,299,299,334,348,364,364,11,11,84,84,101,101,101,101,120,131,131,131],"floor_reached":24,"playtime":695,"items_purged":["Strike_B"],"score":441,"play_id":"054e5021-29d4-4a91-8842-785de915e827","local_time":"20201224000002","is_ascension_mode":true,"campfire_choices":[{"data":"Chaos","floor":7,"key":"SMITH"},{"floor":13,"key":"REST"},{"data":"Defragment","floor":15,"key":"SMITH"}],"circlet_count":0,"master_deck":["AscendersBane","Strike_B","Defend_B","Defend_B","Defend_B","Defend_B","Zap+1","Dualcast","Cold Snap","Glacier","Chaos+1","Ball Lightning","Conserve Battery","Defragment+1","Barrage","Biased Cognition"],"relics":["Cracked Core","Singing Bowl","Calipers","Pocketwatch","OrangePellets","Empty Cage","Centennial Puzzle"],"acts_visited":["Exordium","TheCity"],"potions_floor_usage":[10,12],"damage_taken":[{"damage":4,"enemies":"Small Slimes","floor":1,"turns":4},{"damage":0,"enemies":"Cultist","floor":2,"turns":3},{"damage":7,"enemies":"Jaw Worm","floor":3,"turns":3},{"damage":2,"enemies":"Red Slaver","floor":5,"turns":5},{"damage":39,"enemies":"Lagavulin","floor":6,"turns":9},{"damage":17,"enemies":"Gremlin Nob","floor":10,"turns":4},{"damage":0,"enemies":"Large Slime","floor":11,"turns":4},{"damage":4,"enemies":"Exordium Thugs","floor":12,"turns":5},{"damage":18,"enemies":"Hexaghost","floor":16,"turns":9},{"damage":13,"enemies":"3 Byrds","floor":18,"turns":4},{"damage":7,"enemies":"2 Thieves","floor":22,"turns":4},{"damage":8,"enemies":"Snake Plant","floor":23,"turns":4},{"damage":31,"enemies":"Gremlin Leader","floor":24,"turns":8}],"seed_played":"4110995675842204991","potions_obtained":[{"floor":5,"key":"Dexterity Potion"},{"floor":6,"key":"Fire Potion"},{"floor":11,"key":"LiquidBronze"},{"floor":18,"key":"CultistPotion"}],"is_trial":false,"path_per_floor":["M","M","M","?","M","E","R","?","T","E","M","M","R","$","R","B",null,"M","?","T","?","M","M","E"],"character_chosen":"DEFECT","items_purchased":["Defragment","OrangePellets","Barrage"],"campfire_rested":1,"item_purchase_floors":[14,14,14],"current_hp_per_floor":[67,67,60,60,58,19,19,19,19,4,6,4,29,29,29,11,66,55,55,55,55,50,44,13,13],"gold":131,"neow_bonus":"TEN_PERCENT_HP_BONUS","is_daily":false,"chose_seed":false,"campfire_upgraded":2,"win_rate":0.0,"timestamp":1608739202,"path_taken":["M","M","M","?","?","E","R","?","T","E","M","?","R","?","R","BOSS","M","?","?","?","M","M","E"],"items_purchased_type":["Card","Relic","Card"],"build_version":"2020-12-22","purchased_purges":1,"victory":false,"max_hp_per_floor":[78,78,78,78,78,78,78,78,78,80,82,84,84,84,84,84,84,86,86,86,86,88,90,90,90],"card_choices":[{"not_picked":["Turbo","Chill"],"picked":"Cold Snap","floor":1},{"not_picked":["White Noise","Melter"],"picked":"Glacier","floor":2},{"not_picked":["Chill","Tempest"],"picked":"Chaos","floor":3},{"not_picked":["Force Field","Static Discharge"],"picked":"Ball Lightning","floor":5},{"not_picked":["Reinforced Body","Fission"],"picked":"Conserve Battery","floor":6},{"not_picked":["Steam Power","Static Discharge","Sweeping Beam"],"picked":"Singing Bowl","floor":10},{"not_picked":["Leap","Redo","Hello World"],"picked":"Singing Bowl","floor":11},{"not_picked":["Ball Lightning","Glacier","Beam Cell"],"picked":"Singing Bowl","floor":12},{"not_picked":["Seek","Fission"],"picked":"Biased Cognition","floor":16},{"not_picked":["Sweeping Beam+1","Compile Driver","Static Discharge"],"picked":"Singing Bowl","floor":18},{"not_picked":["Cold Snap","Ball Lightning","Rebound"],"picked":"Singing Bowl","floor":22},{"not_picked":["Conserve Battery","Reboot","Hologram"],"picked":"Singing Bowl","floor":23}],"player_experience":725820,"relics_obtained":[{"floor":6,"key":"Singing Bowl"},{"floor":9,"key":"Calipers"},{"floor":10,"key":"Pocketwatch"},{"floor":20,"key":"Centennial Puzzle"}],"event_choices":[{"damage_healed":0,"gold_gain":100,"player_choice":"Gold","damage_taken":0,"max_hp_gain":0,"max_hp_loss":0,"event_name":"Wheel of Change","floor":4,"gold_loss":0},{"damage_healed":0,"gold_gain":0,"player_choice":"Upgraded","damage_taken":0,"max_hp_gain":0,"max_hp_loss":0,"event_name":"Upgrade Shrine","floor":8,"gold_loss":0,"cards_upgraded":["Zap"]},{"damage_healed":0,"gold_gain":0,"player_choice":"Ignored","damage_taken":0,"max_hp_gain":0,"max_hp_loss":0,"event_name":"Vampires","floor":19,"gold_loss":0},{"damage_healed":0,"gold_gain":0,"player_choice":"Ignored","damage_taken":0,"max_hp_gain":0,"max_hp_loss":0,"event_name":"Ghosts","floor":21,"gold_loss":0}],"is_beta":false,"boss_relics":[{"not_picked":["SacredBark","Ectoplasm"],"picked":"Empty Cage"}],"items_purged_floors":[14],"is_endless":false,"potions_floor_spawned":[5,6,11,18,22,23],"killed_by":"Gremlin Leader","ascension_level":20}}