{"host":"ds28d883r3sz42zs","time":1608686163,"event":{"mods":["2.2 Compatiblity","AchievementEnabler","Act Like it!","Aspiration","BaseMod","Bestiary","Better Match","Better Sensory Stone","Better Silent Start","Better Third Choice","Better-Laid Plans","BetterRewards","Block Reminder","Challenge The Spire","Clawfect","Colored Map","Colored Powertips","Conspire","DeckTracker","Defuse TimeMaze Blight","Disable Question Mark Monsters","Displayed Cursed Tome","Emptier Cage","GifTheSpireLib","Gold Saver","Hallownest","Hubris","Infinite Spire","Minty Spire (QoL Compilation)","Permanent Neow","Practice Mode","Quick Restart","Random Character Button","Rare Cards Sparkle","Relic Filter","Relic Sorter","Relic Stats","Replay The Spire","SacredBarkPlus","StSLib","Stuff the Spire","SuperFastMode","The Bug Knight","The Jungle","Uncapped","Unknown Chances"],"gold_per_floor":[836,836,271,304,321,321,333,333,410,410,446,55,99,99,99,223,223,244,267,283,308,308,346,346,365,365,403,424,465,233,233,233,363,363,382,382,406,431,431,431,475,475,475,475,515,534,548,571,571,571,571,571,50,94,94],"floor_reached":56,"playtime":1357,"items_purged":["Strike_R"],"score":1736,"play_id":"e87e5177-4fcc-4eb1-92d1-a5ae9d834e8b","local_time":"20201222201603","is_ascension_mode":true,"campfire_choices":[{"data":"Perfected Strike","floor":6.0,"key":"SMITH"},{"data":"Defend_R","floor":8.0,"key":"SMITH"},{"data":"Defend_R","floor":15.0,"key":"SMITH"},{"data":"Perfected Strike","floor":24.0,"key":"SMITH"},{"data":"StuffTheSpire:Perfection","floor":32.0,"key":"SMITH"},{"data":"Perfected Strike","floor":40.0,"key":"SMITH"},{"data":"True Grit","floor":42.0,"key":"SMITH"},{"floor":44.0,"key":"RECALL"},{"data":"Pommel Strike","floor":49,"key":"SMITH"},{"data":"Pot Of Greed","floor":52,"key":"SMITH"}],"circlet_count":0,"master_deck":["Strike_R","Strike_R","Strike_R+1","Strike_R+1","Defend_R+1","Defend_R","Defend_R","Defend_R+1","Survivor+1","Neutralize+1","Perfected Strike+1","Anger+1","Perfected Strike+1","Perfected Strike+1","Headbutt+1","Armaments","Strike_R","Strike_R","Strike_R+1","Strike_R","Defend_R+1","Defend_R","Defend_R+1","Defend_R+1","Survivor+1","Neutralize+1","Perfected Strike+1","Anger+1","Perfected Strike+1","Perfected Strike+1","Headbutt","Armaments","True Grit+1","Thunderclap+1","Cleave+1","Shrug It Off","Pot Of Greed+1","Pot Of Greed","Pot Of Greed","Pot Of Greed","Pommel Strike+1","Thunderclap+1"],"relics":["Burning Blood","HollowMod:JonisBlessing","infinitespire:CheckeredPen","StrikeDummy","aspiration:FrozenJewel","Golden Idol","MealTicket","conspire:Flyswatter","Whetstone","Letter Opener","hubris:RunicObelisk","aspiration:StickyExplosives","infinitespire:Joker Card","conspire:GlowingRock","Ring of Chaos","hubris:Icosahedron","Replay:Mystery Machine","Grinning Jar","StuffTheSpire:Barrel","Mango","hubris:EmptyBottle","aspiration:TomeofQuesting"],"acts_visited":["Exordium","TheCity","TheBeyond","TheEnding"],"potions_floor_usage":[47,55],"damage_taken":[{"damage":1.0,"enemies":"2 Louse","floor":1.0,"turns":3.0},{"damage":6.0,"enemies":"conspire:MimicChest","floor":4.0,"turns":7.0},{"damage":0.0,"enemies":"conspire:RoseBush","floor":5.0,"turns":2.0},{"damage":0.0,"enemies":"Small Slimes","floor":7.0,"turns":2.0},{"damage":0.0,"enemies":"Gremlin Nob","floor":11.0,"turns":3.0},{"damage":0.0,"enemies":"Lagavulin","floor":13.0,"turns":5.0},{"damage":0.0,"enemies":"The Guardian","floor":16.0,"turns":7.0},{"damage":0.0,"enemies":"2 Thieves","floor":18.0,"turns":3.0},{"damage":0.0,"enemies":"3 Byrds","floor":19.0,"turns":4.0},{"damage":0.0,"enemies":"Centurion and Healer","floor":20.0,"turns":3.0},{"damage":0.0,"enemies":"Snecko","floor":21.0,"turns":3.0},{"damage":0.0,"enemies":"Replay:Snechameleon","floor":23.0,"turns":3.0},{"damage":0.0,"enemies":"Sentry and Sphere","floor":25.0,"turns":2.0},{"damage":0.0,"enemies":"Slavers","floor":27.0,"turns":4.0},{"damage":0.0,"enemies":"Shelled Parasite and Fungi","floor":28.0,"turns":4.0},{"damage":0.0,"enemies":"conspire:SneckoGhost","floor":29.0,"turns":1.0},{"damage":0.0,"enemies":"Collector","floor":33.0,"turns":4.0},{"damage":0.0,"enemies":"Orb Walker","floor":35.0,"turns":2.0},{"damage":0.0,"enemies":"3 Shapes","floor":37.0,"turns":3.0},{"damage":0.0,"enemies":"Transient","floor":38.0,"turns":5.0},{"damage":0.0,"enemies":"R_Hoarder","floor":41.0,"turns":4.0},{"damage":17.0,"enemies":"Nemesis","floor":45.0,"turns":5.0},{"damage":0.0,"enemies":"Maw","floor":46.0,"turns":4.0},{"damage":0,"enemies":"Jaw Worm Horde","floor":47,"turns":2},{"damage":0,"enemies":"Spire Growth","floor":48,"turns":2},{"damage":35,"enemies":"Awakened One","floor":50,"turns":10},{"damage":0,"enemies":"Shield and Spear","floor":54,"turns":4},{"damage":117,"enemies":"The Heart","floor":55,"turns":8}],"seed_played":"-511885954815582278","potions_obtained":[{"floor":4.0,"key":"Weak Potion"},{"floor":5.0,"key":"Regen Potion"},{"floor":16.0,"key":"SteroidPotion"},{"floor":38.0,"key":"FairyPotion"}],"is_trial":false,"path_per_floor":["M","?","$","?","M","R","M","R","T","?","E","$","E","?","R","B",null,"M","M","M","M","?","E","R","M","T","E","M","E","?","?","R","B",null,"M","?","M","M","?","R","E","R","T","R","E","M","M","M","R","B",null,"R","$","E","B",null],"character_chosen":"IRONCLAD","items_purchased":["HollowMod:JonisBlessing","infinitespire:CheckeredPen","Toxic Potion","conspire:Flyswatter","Whetstone","Mango","hubris:EmptyBottle","Swift Potion"],"campfire_rested":0,"item_purchase_floors":[3,3,3,12,12,53,53,53],"current_hp_per_floor":[80,80,80,74,74,74,74,74,74,54,54,69,69,69,69,69,80,80,80,80,80,80,80,80,80,80,80,80,80,80,80,80,80,80,80,80,80,80,80,80,80,80,80,80,63,63,63,63,63,28,80,80,94,94,8],"gold":94,"neow_bonus":"RANDOM_EVENT","is_daily":false,"chose_seed":false,"campfire_upgraded":9,"win_rate":0.0,"timestamp":1608686163,"path_taken":["M","?","$","?","?","R","?","R","T","?","E","?","E","?","R","BOSS","M","M","M","M","?","E","R","?","T","E","M","E","?","?","R","BOSS","M","?","M","M","?","R","E","R","T","R","E","M","M","M","R","BOSS","R","$","E","BOSS"],"items_purchased_type":["Relic","Relic","Potion","Relic","Relic","Relic","Relic","Potion"],"build_version":"2020-12-13","purchased_purges":1,"victory":true,"max_hp_per_floor":[80,80,80,80,80,80,80,80,80,80,80,80,80,80,80,80,80,80,80,80,80,80,80,80,80,80,80,80,80,80,80,80,80,80,80,80,80,80,80,80,80,80,80,80,80,80,80,80,80,80,80,80,94,94,94],"relic_stats":{"counters":[28,109],"Golden Idol":218,"MealTicket":15,"Whetstone":["Anger","Strike_R"],"Letter Opener":[86],"obtain_stats":[{"aspiration:StickyExplosives":23,"StuffTheSpire:Barrel":45,"Golden Idol":10,"HollowMod:JonisBlessing":3,"Mango":53,"aspiration:TomeofQuesting":54,"infinitespire:Joker Card":27,"Ring of Chaos":34,"infinitespire:CheckeredPen":3,"Whetstone":12,"Letter Opener":13,"hubris:RunicObelisk":17,"Replay:Mystery Machine":41,"hubris:EmptyBottle":53,"Burning Blood":0,"aspiration:FrozenJewel":9,"conspire:GlowingRock":29,"hubris:Icosahedron":36,"MealTicket":11,"Grinning Jar":43,"StrikeDummy":4,"conspire:Flyswatter":12},{"aspiration:StickyExplosives":12,"StuffTheSpire:Barrel":22,"Golden Idol":4,"HollowMod:JonisBlessing":1,"Mango":26,"aspiration:TomeofQuesting":27,"infinitespire:Joker Card":14,"Ring of Chaos":17,"infinitespire:CheckeredPen":1,"Whetstone":5,"Letter Opener":6,"hubris:RunicObelisk":7,"Replay:Mystery Machine":21,"hubris:EmptyBottle":26,"Burning Blood":0,"aspiration:FrozenJewel":4,"conspire:GlowingRock":16,"hubris:Icosahedron":18,"MealTicket":5,"Grinning Jar":21,"StrikeDummy":2,"conspire:Flyswatter":5},{"aspiration:StickyExplosives":45,"StuffTheSpire:Barrel":79,"Golden Idol":14,"HollowMod:JonisBlessing":3,"Mango":97,"aspiration:TomeofQuesting":101,"infinitespire:Joker Card":51,"Ring of Chaos":60,"infinitespire:CheckeredPen":3,"Whetstone":17,"Letter Opener":22,"hubris:RunicObelisk":29,"Replay:Mystery Machine":74,"hubris:EmptyBottle":97,"Burning Blood":0,"aspiration:FrozenJewel":14,"conspire:GlowingRock":56,"hubris:Icosahedron":62,"MealTicket":17,"Grinning Jar":74,"StrikeDummy":10,"conspire:Flyswatter":17}],"Burning Blood":1},"card_choices":[{"not_picked":["Feel No Pain","ReplayTheSpireMod:Limb From Limb","StuffTheSpire:Slingshot"],"picked":"SKIP","floor":1.0},{"not_picked":["Massacre","Cleave"],"picked":"Perfected Strike","floor":4.0},{"not_picked":["Uppercut","Flame Barrier","Heavy Blade"],"picked":"SKIP","floor":5.0},{"not_picked":["Warcry","Havoc","Sever Soul"],"picked":"SKIP","floor":7.0},{"not_picked":["Juggernaut","Flex"],"picked":"Anger","floor":11.0},{"not_picked":["hubris:ReadiedAction","Burning Pact"],"picked":"Perfected Strike","floor":13.0},{"not_picked":["Metallicize","Clash"],"picked":"Perfected Strike","floor":18.0},{"not_picked":["Havoc","Iron Wave","Flame Barrier"],"picked":"SKIP","floor":19.0},{"not_picked":["Whirlwind","Cleave"],"picked":"Headbutt","floor":20.0},{"not_picked":["hubris:SharpeningStone","Corruption"],"picked":"Armaments","floor":21.0},{"not_picked":["Armaments","ReplayTheSpireMod:Muscle Training"],"picked":"True Grit","floor":23.0},{"not_picked":["ReplayReversal","Wild Strike+1","Replay:Many Hands"],"picked":"SKIP","floor":25.0},{"not_picked":["Bloodletting","Clash+1","Dual Wield"],"picked":"SKIP","floor":27.0},{"not_picked":["ReplayTheSpireMod:Stacked","StuffTheSpire:Incineration+1","Entrench"],"picked":"SKIP","floor":28.0},{"not_picked":["Warcry","Rage+1"],"picked":"Thunderclap+1","floor":29.0},{"not_picked":["hubris:CleavingFinish","Warcry","Run Through"],"picked":"SKIP","floor":35.0},{"not_picked":["Sever Soul+1","Second Wind+1","Carnage"],"picked":"SKIP","floor":37.0},{"not_picked":["Armaments+1","Flex"],"picked":"Cleave+1","floor":38.0},{"not_picked":["Clash","Uppercut"],"picked":"Shrug It Off","floor":41.0},{"not_picked":["True Grit","hubris:SharpeningStone+1","Rage"],"picked":"SKIP","floor":45.0},{"not_picked":["Shrug It Off","StuffTheSpire:Resist+1"],"picked":"Pommel Strike","floor":46.0},{"not_picked":["ReplayTheSpireMod:LeadingStrike","hubris:StunningStrike","Flex+1"],"picked":"SKIP","floor":47},{"not_picked":["ReplayTheSpireMod:LeadingStrike","hubris:StunningStrike","Flex+1"],"picked":"SKIP","floor":47},{"not_picked":["Cleave","Sentinel+1"],"picked":"Thunderclap+1","floor":48},{"not_picked":["Anger","Flex","Offering"],"picked":"SKIP","floor":54}],"player_experience":749937,"relics_obtained":[{"floor":4.0,"key":"StrikeDummy"},{"floor":9.0,"key":"aspiration:FrozenJewel"},{"floor":11.0,"key":"MealTicket"},{"floor":13.0,"key":"Letter Opener"},{"floor":23.0,"key":"aspiration:StickyExplosives"},{"floor":27.0,"key":"infinitespire:Joker Card"},{"floor":29.0,"key":"conspire:GlowingRock"},{"floor":41.0,"key":"Replay:Mystery Machine"},{"floor":43.0,"key":"Grinning Jar"},{"floor":45.0,"key":"StuffTheSpire:Barrel"},{"floor":54,"key":"aspiration:TomeofQuesting"}],"event_choices":[{"damage_healed":0.0,"max_hp_gain":0.0,"max_hp_loss":0.0,"gold_gain":0.0,"event_name":"Golden Idol","player_choice":"Take Damage","floor":10.0,"gold_loss":0.0,"damage_taken":20.0,"relics_obtained":["Golden Idol"]},{"damage_healed":0.0,"max_hp_gain":0.0,"max_hp_loss":0.0,"gold_gain":0.0,"event_name":"Living Wall","player_choice":"Grow","floor":14.0,"gold_loss":0.0,"damage_taken":0.0,"cards_upgraded":["Perfected Strike"]}],"is_beta":false,"boss_relics":[{"not_picked":["Painkiller Herb","aspiration:FutureDiary"],"picked":"hubris:RunicObelisk"},{"not_picked":["Abe\u0027s Treasure","Cursed Key"],"picked":"Ring of Chaos"}],"items_purged_floors":[3],"is_endless":false,"potions_floor_spawned":[4,5,16,18,19,27,33,37,38,46,54],"ascension_level":1}}