{"host":"2htowdb5wria0zm7","time":1608743251,"event":{"mods":["BaseMod","Better Third Choice","BetterRewards","Googly Eyes","Hyrulean Relics","Minty Spire (QoL Compilation)","StSLib"],"gold_per_floor":[109,184,208,223,113,113,144,144,214,240,260,271,286,303,303,407,407,424,523,537,97,112,112,112],"floor_reached":23,"playtime":1994,"items_purged":["Shame"],"score":203,"play_id":"085044d9-dbb5-4a07-8b69-b29c4faf2b4e","local_time":"20201223120731","is_ascension_mode":false,"campfire_choices":[{"data":"Defragment","floor":6,"key":"SMITH"},{"data":"Static Discharge","floor":8,"key":"SMITH"},{"floor":15,"key":"REST"}],"circlet_count":0,"master_deck":["Strike_B","Strike_B","Strike_B","Strike_B","Defend_B","Defend_B","Defend_B","Defend_B","Zap","Dualcast","Beam Cell","Conserve Battery","Defragment+1","Static Discharge+1","FTL+1","Beam Cell+1","Steam","Genetic Algorithm","White Noise","Buffer","Beam Cell+1","Leap","Double Energy"],"relics":["Cracked Core","Thread and Needle","PreservedInsect","Shovel","Molten Egg 2","Ice Cream","Sozu","Emotion Chip","Runic Capacitor"],"acts_visited":["Exordium","TheCity"],"potions_floor_usage":[7,16,22],"damage_taken":[{"damage":3,"enemies":"2 Louse","floor":1,"turns":3},{"damage":0,"enemies":"Jaw Worm","floor":4,"turns":3},{"damage":4,"enemies":"Gremlin Nob","floor":7,"turns":3},{"damage":20,"enemies":"3 Sentries","floor":10,"turns":4},{"damage":0,"enemies":"Cultist","floor":11,"turns":3},{"damage":27,"enemies":"Gremlin Gang","floor":12,"turns":4},{"damage":0,"enemies":"Exordium Thugs","floor":13,"turns":4},{"damage":0,"enemies":"Large Slime","floor":14,"turns":4},{"damage":4,"enemies":"The Guardian","floor":16,"turns":10},{"damage":10,"enemies":"Spheric Guardian","floor":18,"turns":4},{"damage":3,"enemies":"Shell Parasite","floor":20,"turns":5},{"damage":34,"enemies":"Snake Plant","floor":22,"turns":5},{"damage":31,"enemies":"Slavers","floor":23,"turns":3}],"seed_played":"-4461485628043011550","potions_obtained":[{"floor":1,"key":"Weak Potion"},{"floor":10,"key":"SmokeBomb"},{"floor":11,"key":"BlessingOfTheForge"},{"floor":16,"key":"EssenceOfSteel"}],"is_trial":false,"path_per_floor":["M","?","T","M","$","R","E","R","T","E","M","M","M","M","R","B",null,"M","?","M","$","M","E"],"character_chosen":"DEFECT","items_purchased":["Defragment","Emotion Chip","Runic Capacitor"],"campfire_rested":1,"item_purchase_floors":[5,21,21],"current_hp_per_floor":[72,61,61,61,61,61,57,57,57,37,37,10,10,10,32,28,75,65,65,62,62,28,0,0],"gold":112,"neow_bonus":"ONE_RARE_RELIC","is_daily":false,"chose_seed":false,"campfire_upgraded":2,"win_rate":0.0,"timestamp":1608743251,"path_taken":["M","?","?","M","?","R","E","R","T","E","M","M","M","?","R","BOSS","M","?","M","$","M","E"],"items_purchased_type":["Card","Relic","Relic"],"build_version":"2020-12-22","purchased_purges":1,"victory":false,"max_hp_per_floor":[75,75,75,75,75,75,75,75,75,75,75,75,75,75,75,75,75,75,75,75,75,75,75,75],"card_choices":[{"not_picked":["Rip and Tear","Leap"],"picked":"Beam Cell","floor":1},{"not_picked":["Tempest","Barrage"],"picked":"Conserve Battery","floor":4},{"not_picked":["Stack","White Noise"],"picked":"Static Discharge","floor":7},{"not_picked":["Static Discharge","Auto Shields"],"picked":"FTL+1","floor":10},{"not_picked":["Steam Power","Stack"],"picked":"Beam Cell+1","floor":11},{"not_picked":["Coolheaded","Seek"],"picked":"Steam","floor":12},{"not_picked":["Beam Cell+1","Barrage+1"],"picked":"Genetic Algorithm","floor":13},{"not_picked":["Steam","Blizzard+1"],"picked":"White Noise","floor":14},{"not_picked":["Biased Cognition","Reboot"],"picked":"Buffer","floor":16},{"not_picked":["Compile Driver+1","Cold Snap+1"],"picked":"Beam Cell+1","floor":18},{"not_picked":["Beam Cell+1","Stack"],"picked":"Leap","floor":20},{"not_picked":["Gash+1","Steam"],"picked":"Double Energy","floor":22}],"player_experience":486648,"relics_obtained":[{"floor":3,"key":"PreservedInsect"},{"floor":7,"key":"Shovel"},{"floor":9,"key":"Molten Egg 2"},{"floor":10,"key":"Ice Cream"}],"event_choices":[{"damage_healed":0,"gold_gain":75,"player_choice":"Gold","damage_taken":11,"max_hp_gain":0,"max_hp_loss":0,"event_name":"betterThird:BetterGoop","floor":2,"gold_loss":0},{"damage_healed":0,"gold_gain":99,"player_choice":"Steal","damage_taken":0,"max_hp_gain":0,"max_hp_loss":0,"event_name":"betterThird:BetterNest","floor":19,"gold_loss":0}],"is_beta":false,"boss_relics":[{"not_picked":["SlaversCollar","Busted Crown"],"picked":"Sozu"}],"items_purged_floors":[5],"is_endless":false,"potions_floor_spawned":[1,10,11,16,22],"killed_by":"Slavers","ascension_level":0}}