{"host":"t7kvkl97w82750ny","time":1608727419,"event":{"mods":["2.2 Compatiblity","BaseMod","Bestiary","Minty Spire (QoL Compilation)","Permanent Neow","Relic Stats","StSLib"],"gold_per_floor":[113,126,51,51,70,70,90,117,140,169,169,181,66,141,141,218,218,234,246,246,259,54,84,84,84,84],"floor_reached":25,"playtime":897,"items_purged":["Normality"],"score":562,"play_id":"6805c35d-66df-48c1-b498-42f6bc603897","local_time":"20201223134339","is_ascension_mode":true,"campfire_choices":[{"data":"Eruption","floor":6.0,"key":"SMITH"},{"data":"Fasting2","floor":11.0,"key":"SMITH"},{"data":"BattleHymn","floor":15.0,"key":"SMITH"}],"circlet_count":0,"master_deck":["AscendersBane","Strike_P","Strike_P","Strike_P","Defend_P","Defend_P","Defend_P","Eruption+1","Vigilance","FearNoEvil","JustLucky","Conclude","CutThroughFate","Establishment","Fasting2+1","BattleHymn+1","Tantrum","DeusExMachina","Halt","WaveOfTheHand","Ghostly","Ghostly","Ghostly","EmptyBody","Omniscience","Halt","ClearTheMind+1"],"relics":["Cursed Key","Nunchaku","Damaru","Orichalcum","SacredBark","Dream Catcher"],"acts_visited":["Exordium","TheCity"],"potions_floor_usage":[23],"damage_taken":[{"damage":3.0,"enemies":"Small Slimes","floor":1.0,"turns":5.0},{"damage":2.0,"enemies":"Jaw Worm","floor":2.0,"turns":4.0},{"damage":0.0,"enemies":"2 Louse","floor":5.0,"turns":3.0},{"damage":7.0,"enemies":"Gremlin Gang","floor":7.0,"turns":2.0},{"damage":10.0,"enemies":"3 Sentries","floor":8.0,"turns":4.0},{"damage":18.0,"enemies":"Gremlin Nob","floor":10.0,"turns":4.0},{"damage":2.0,"enemies":"3 Louse","floor":12.0,"turns":3.0},{"damage":0.0,"enemies":"Slime Boss","floor":16.0,"turns":3.0},{"damage":23.0,"enemies":"Shell Parasite","floor":18.0,"turns":4.0},{"damage":0.0,"enemies":"Spheric Guardian","floor":19.0,"turns":2.0},{"damage":15.0,"enemies":"Centurion and Healer","floor":21.0,"turns":4.0},{"damage":6,"enemies":"Slavers","floor":23,"turns":6},{"damage":9,"enemies":"Book of Stabbing","floor":25,"turns":5}],"seed_played":"-6149577303476873513","potions_obtained":[{"floor":5.0,"key":"SkillPotion"},{"floor":7.0,"key":"Dexterity Potion"},{"floor":8.0,"key":"Block Potion"},{"floor":12.0,"key":"StancePotion"},{"floor":21.0,"key":"Dexterity Potion"},{"floor":23,"key":"SpeedPotion"}],"is_trial":false,"path_per_floor":["M","M","?","?","M","R","M","E","T","E","R","M","$","?","R","B",null,"M","M","?","M","$","E","?","E"],"character_chosen":"WATCHER","items_purchased":["Tantrum","Omniscience","Halt"],"campfire_rested":0,"item_purchase_floors":[13,22,22],"current_hp_per_floor":[58,56,56,49,49,49,42,32,32,14,14,12,12,1,1,1,51,28,28,28,13,13,7,7,0,0],"gold":84,"neow_bonus":"BOSS_RELIC","is_daily":false,"chose_seed":false,"campfire_upgraded":3,"win_rate":0.0,"timestamp":1608727419,"path_taken":["M","M","?","?","?","R","M","E","T","E","R","M","$","?","R","BOSS","M","M","?","M","$","E","?","E"],"items_purchased_type":["Card","Card","Card"],"build_version":"2020-12-22","purchased_purges":1,"victory":false,"max_hp_per_floor":[68,68,68,68,68,68,68,68,68,68,68,68,68,68,68,68,68,68,68,34,34,34,34,34,34,34],"relic_stats":{"Nunchaku":[6],"Dream Catcher":0,"counters":[13,49],"Orichalcum":[36],"Cursed Key":1,"obtain_stats":[{"Nunchaku":8,"Dream Catcher":23,"SacredBark":17,"Damaru":9,"PureWater":0,"Orichalcum":10,"Cursed Key":0},{"Nunchaku":5,"Dream Catcher":12,"SacredBark":8,"Damaru":5,"PureWater":0,"Orichalcum":6,"Cursed Key":0},{"Nunchaku":18,"Dream Catcher":44,"SacredBark":28,"Damaru":18,"PureWater":0,"Orichalcum":22,"Cursed Key":0}]},"card_choices":[{"not_picked":["Halt","Crescendo"],"picked":"FearNoEvil","floor":1.0},{"not_picked":["Wireheading","Halt"],"picked":"JustLucky","floor":2.0},{"not_picked":["Swivel","EmptyFist"],"picked":"Conclude","floor":5.0},{"not_picked":["Conclude","CrushJoints"],"picked":"CutThroughFate","floor":7.0},{"not_picked":["FlurryOfBlows","CarveReality"],"picked":"Establishment","floor":8.0},{"not_picked":["Swivel","BowlingBash"],"picked":"Fasting2","floor":10.0},{"not_picked":["EmptyFist","EmptyMind"],"picked":"BattleHymn","floor":12.0},{"not_picked":["ConjureBlade","Establishment"],"picked":"DeusExMachina","floor":16.0},{"not_picked":["ClearTheMind","CutThroughFate"],"picked":"Halt","floor":18.0},{"not_picked":["Nirvana","CarveReality"],"picked":"WaveOfTheHand","floor":19.0},{"not_picked":["Fasting2","CrushJoints"],"picked":"EmptyBody","floor":21.0},{"not_picked":["Halt","CrushJoints"],"picked":"ClearTheMind+1","floor":23}],"player_experience":1204831,"relics_obtained":[{"floor":8.0,"key":"Nunchaku"},{"floor":9.0,"key":"Damaru"},{"floor":10.0,"key":"Orichalcum"},{"floor":23,"key":"Dream Catcher"}],"event_choices":[{"cards_removed":["Strike_P"],"damage_healed":0.0,"max_hp_gain":0.0,"max_hp_loss":0.0,"gold_gain":0.0,"event_name":"The Cleric","player_choice":"Card Removal","floor":3.0,"gold_loss":75.0,"damage_taken":0.0},{"cards_removed":["Defend_P"],"damage_healed":0.0,"max_hp_gain":0.0,"max_hp_loss":0.0,"gold_gain":0.0,"event_name":"Golden Wing","player_choice":"Card Removal","floor":4.0,"gold_loss":0.0,"damage_taken":7.0},{"damage_healed":0.0,"max_hp_gain":0.0,"max_hp_loss":0.0,"gold_gain":75.0,"event_name":"World of Goop","player_choice":"Gather Gold","floor":14.0,"gold_loss":0.0,"damage_taken":11.0},{"damage_healed":0.0,"max_hp_gain":0.0,"max_hp_loss":34.0,"gold_gain":0.0,"event_name":"Ghosts","player_choice":"Became a Ghost","floor":20.0,"gold_loss":0.0,"damage_taken":0.0,"cards_obtained":["Ghostly","Ghostly","Ghostly"]},{"damage_healed":0,"gold_gain":0,"player_choice":"Ignored","damage_taken":0,"max_hp_gain":0,"max_hp_loss":0,"event_name":"The Mausoleum","floor":24,"gold_loss":0}],"is_beta":false,"boss_relics":[{"not_picked":["Ectoplasm","Tiny House"],"picked":"SacredBark"}],"items_purged_floors":[13],"is_endless":false,"potions_floor_spawned":[5,7,8,12,21,23],"killed_by":"Book of Stabbing","ascension_level":20}}