{"host":"7t8rqoeeopyy0nh0","time":1608706315,"event":{"mods":["AchievementEnabler","BaseMod","Better Third Choice","BetterRewards","Colored Map","Colored Powertips","Downfall","Hubris","Infinite Spire","Marisa????????","Minty Spire (QoL Compilation)","Replay The Spire","StSLib","The Cursed"],"gold_per_floor":[113,123,138,60,74,99,99,117,142,142,154,154,154,79,79,181,181,196,210,143,157,175,201,219,219,245,205,205,205,205,220,220,318,318,335,335,84,102,122,157,173,173,173,173,190,190,65,76,76,76,76,76,9,35,35,35],"floor_reached":55,"playtime":6340,"items_purged":["Replay:Sluggish","TheCursedMod:Strike_TheCursed","TheCursedMod:Defend_TheCursed"],"score":546,"play_id":"d959462c-1844-4e6c-81ec-aaffbce4cb65","local_time":"20201223015155","is_ascension_mode":false,"campfire_choices":[{"floor":7,"key":"REST"},{"data":"Apotheosis","floor":10,"key":"SMITH"},{"floor":13,"key":"REST"},{"floor":15,"key":"REST"},{"floor":25,"key":"REST"},{"data":"TheCursedMod:HellsGateOpen","floor":29,"key":"SMITH"},{"data":"TheCursedMod:CollectTribute","floor":32,"key":"SMITH"},{"floor":42,"key":"REST"},{"floor":49,"key":"RECALL"},{"floor":52,"key":"REST"}],"circlet_count":0,"master_deck":["TheCursedMod:Defend_TheCursed","TheCursedMod:Defend_TheCursed","TheCursedMod:Defend_TheCursed","TheCursedMod:CursedWand","TheCursedMod:CleanUpWorkshop","TheCursedMod:Dregs","Apotheosis+1","TheCursedMod:HellsGateOpen+1","TheCursedMod:LuckyCharm","TheCursedMod:CircleOfFlame","TheCursedMod:SoulReap","TheCursedMod:HellfireBreathing","TheCursedMod:CursedAmulet","TheCursedMod:ShockAndAwe","TheCursedMod:CollectTribute+1","TheCursedMod:CursedRelics+1","TheCursedMod:CircleOfBlood+1","TheCursedMod:CursedShiv+1","TheCursedMod:Obscuration","TheCursedMod:SpitefulPlan","TheCursedMod:SmokeScreen+1","TheCursedMod:DemonSword","TheCursedMod:CollectTribute+1","TheCursedMod:SmokeScreen+1","TheCursedMod:Hemoplague+1","TheCursedMod:AbyssShockwave","Parasite","TheCursedMod:SpitefulPlan","TheCursedMod:CursedMace+1"],"relics":["TheCursedMod:BlackMagic101","hubris:64BitClover","ReplayTheSpireMod:CursedCoin","Potion Belt","Orichalcum","infinitespire:Lucky Rock","Bronze Scales","Vajra","Astrolabe","Question Card","hubris:Reverence","Juzu Bracelet","Replay:Blank Codex","Pear","TheCursedMod:FourLeafCloverCharm","DollysMirror","Replay:Bottled Steam","infinitespire:PuzzleCube"],"acts_visited":["Exordium","TheCity","TheBeyond","TheEnding"],"potions_floor_usage":[11,16,22,54,55,55,55],"damage_taken":[{"damage":4,"enemies":"2 Louse","floor":1,"turns":3},{"damage":0,"enemies":"Small Slimes","floor":2,"turns":5},{"damage":0,"enemies":"Cultist","floor":3,"turns":4},{"damage":14,"enemies":"2 Fungi Beasts","floor":5,"turns":4},{"damage":15,"enemies":"Lagavulin","floor":6,"turns":7},{"damage":2,"enemies":"Blue Slaver","floor":8,"turns":4},{"damage":10,"enemies":"Exordium Wildlife","floor":11,"turns":3},{"damage":12,"enemies":"The Guardian","floor":16,"turns":8},{"damage":4,"enemies":"2 Thieves","floor":18,"turns":3},{"damage":0,"enemies":"3 Byrds","floor":19,"turns":4},{"damage":9,"enemies":"3 Cultists","floor":21,"turns":4},{"damage":15,"enemies":"Snake Plant","floor":22,"turns":2},{"damage":13,"enemies":"Replay:Snechameleon","floor":23,"turns":6},{"damage":8,"enemies":"Centurion and Healer","floor":24,"turns":4},{"damage":5,"enemies":"Snecko","floor":31,"turns":4},{"damage":11,"enemies":"Champ","floor":33,"turns":8},{"damage":3,"enemies":"Orb Walker","floor":35,"turns":4},{"damage":24,"enemies":"3 Darklings","floor":38,"turns":5},{"damage":13,"enemies":"Maw","floor":39,"turns":7},{"damage":21,"enemies":"R_Hoarder","floor":40,"turns":10},{"damage":18,"enemies":"Spire Growth","floor":41,"turns":5},{"damage":0,"enemies":"Jaw Worm Horde","floor":45,"turns":4},{"damage":13,"enemies":"Writhing Mass","floor":48,"turns":5},{"damage":20,"enemies":"Replay:Hell Engine","floor":50,"turns":5},{"damage":27,"enemies":"Shield and Spear","floor":54,"turns":6},{"damage":84,"enemies":"The Heart","floor":55,"turns":5}],"seed_played":"-8500973836898447226","potions_obtained":[{"floor":3,"key":"Elixir"},{"floor":5,"key":"Dexterity Potion"},{"floor":6,"key":"Energy Potion"},{"floor":8,"key":"SkillPotion"},{"floor":23,"key":"Toxic Potion"},{"floor":24,"key":"SpeedPotion"},{"floor":31,"key":"EssenceOfSteel"},{"floor":38,"key":"DuplicationPotion"},{"floor":39,"key":"GamblersBrew"}],"is_trial":false,"path_per_floor":["M","M","M","$","M","E","R","M","T","R","M","?","R","$","R","B",null,"M","M","?","M","M","E","M","R","T","$","?","R","?","M","R","B",null,"M","?","$","M","M","E","M","R","T","?","M","?","$","M","R","B",null,"R","$","E","B"],"character_chosen":"THE_CURSED","items_purchased":["hubris:64BitClover","ReplayTheSpireMod:CursedCoin","Potion Belt","Apotheosis","TheCursedMod:HellsGateOpen","Orichalcum","TheCursedMod:HellfireBreathing","TheCursedMod:SpitefulPlan","DollysMirror","TheCursedMod:SpitefulPlan"],"campfire_rested":6,"item_purchase_floors":[0,0,0,0,0,0,4,27,37,53],"current_hp_per_floor":[36,36,36,36,27,12,34,32,32,32,22,22,44,44,66,59,75,75,75,75,66,55,46,58,75,75,75,75,75,59,70,70,85,85,85,85,85,69,70,70,64,85,85,85,85,85,85,80,80,68,85,85,85,74,0,0],"gold":35,"neow_bonus":"","is_daily":false,"chose_seed":false,"campfire_upgraded":3,"win_rate":0.0,"timestamp":1608706315,"path_taken":["M","M","M","$","M","E","R","M","T","R","M","?","R","$","R","BOSS","M","M","?","M","M","E","M","R","T","?","?","R","?","M","R","BOSS","M","?","$","M","M","E","M","R","T","?","M","?","$","M","R","BOSS","R","$","E","BOSS"],"items_purchased_type":["Relic","Relic","Relic","Card","Card","Relic","Card","Card","Relic","Card"],"build_version":"2020-12-22","purchased_purges":3,"victory":false,"max_hp_per_floor":[75,75,75,75,75,75,75,75,75,75,75,75,75,75,75,75,75,75,75,75,75,75,75,75,75,75,75,75,75,75,75,75,85,85,85,85,85,85,85,85,85,85,85,85,85,85,85,85,85,85,85,85,85,85,85,85],"card_choices":[{"not_picked":["TheCursedMod:SpitefulStrike","TheCursedMod:EmpowerCircles"],"picked":"TheCursedMod:LuckyCharm","floor":1},{"not_picked":["TheCursedMod:CursedBoomerang","TheCursedMod:Mangle"],"picked":"TheCursedMod:CircleOfFlame","floor":2},{"not_picked":["TheCursedMod:CircleOfCorruption","TheCursedMod:CursedShiv"],"picked":"TheCursedMod:SoulReap","floor":3},{"not_picked":["TheCursedMod:CircleOfCorruption","TheCursedMod:SoulCrush"],"picked":"TheCursedMod:CursedAmulet","floor":5},{"not_picked":["TheCursedMod:FuryStrike","TheCursedMod:CircleOfAmplification"],"picked":"TheCursedMod:ShockAndAwe","floor":6},{"not_picked":["TheCursedMod:FleshFromBone","TheCursedMod:CursedShiv","TheCursedMod:TacticalStrike"],"picked":"SKIP","floor":8},{"not_picked":["TheCursedMod:RavingStaff","TheCursedMod:Wield","TheCursedMod:CircleOfCorruption"],"picked":"SKIP","floor":11},{"not_picked":["TheCursedMod:DemonSword","TheCursedMod:DemonicPact"],"picked":"TheCursedMod:CollectTribute","floor":16},{"not_picked":["TheCursedMod:AshesToAshes","TheCursedMod:ManaBullet","TheCursedMod:RapidMovement"],"picked":"SKIP","floor":18},{"not_picked":["TheCursedMod:BloodBarrier","TheCursedMod:CircleOfFlame","TheCursedMod:FleshFromBone"],"picked":"SKIP","floor":19},{"not_picked":["TheCursedMod:CircleOfFlame","TheCursedMod:CursedAmulet+1","TheCursedMod:Grudge+1"],"picked":"TheCursedMod:Obscuration","floor":21},{"not_picked":["TheCursedMod:CircleOfWindfury","TheCursedMod:CursedBlade","TheCursedMod:CursedShiv","TheCursedMod:Obscuration"],"picked":"SKIP","floor":22},{"not_picked":["TheCursedMod:CursedBoomerang","TheCursedMod:SoulCrush","TheCursedMod:CircleOfAbyss","TheCursedMod:VitalStrike+1"],"picked":"SKIP","floor":23},{"not_picked":["TheCursedMod:HellsGateOpen","TheCursedMod:CursedArmor","TheCursedMod:Stretching+1","TheCursedMod:ForbiddenAlchemy"],"picked":"SKIP","floor":24},{"not_picked":["TheCursedMod:Stigma","TheCursedMod:SpitefulStrike","TheCursedMod:RapidMovement"],"picked":"TheCursedMod:SmokeScreen+1","floor":31},{"not_picked":["TheCursedMod:Neurasthenia","TheCursedMod:ManaCirculation","TheCursedMod:CollectTribute"],"picked":"TheCursedMod:DemonSword","floor":33},{"not_picked":["TheCursedMod:BloodBarrier+1","TheCursedMod:BlessingInDisguise","TheCursedMod:Torture+1","TheCursedMod:CursedSpellbook+1"],"picked":"SKIP","floor":35},{"not_picked":["TheCursedMod:AshesToAshes+1","TheCursedMod:SpitefulPray","TheCursedMod:CursedAmulet+1","TheCursedMod:VitalStrike"],"picked":"SKIP","floor":38},{"not_picked":["TheCursedMod:CircleOfBlood","TheCursedMod:CursedArmor","TheCursedMod:WearCloak"],"picked":"TheCursedMod:SmokeScreen+1","floor":39},{"not_picked":["TheCursedMod:RapidMovement+1","TheCursedMod:SpitefulStrike","TheCursedMod:Stigma","TheCursedMod:LuckyCharm"],"picked":"SKIP","floor":40},{"not_picked":["TheCursedMod:DoubleShield+1","TheCursedMod:FuryStrike","TheCursedMod:SoulCrush","TheCursedMod:RavingStaff"],"picked":"SKIP","floor":41},{"not_picked":["TheCursedMod:CursedShiv","TheCursedMod:SoulReap","TheCursedMod:Torture"],"picked":"TheCursedMod:Hemoplague+1","floor":45},{"not_picked":["TheCursedMod:HellfireBreathing+1","TheCursedMod:CursedStaff+1","TheCursedMod:CircleOfFocus","TheCursedMod:Stretching+1"],"picked":"SKIP","floor":48},{"not_picked":["TheCursedMod:CursedShiv+1","TheCursedMod:SmokeScreen","TheCursedMod:Torture"],"picked":"TheCursedMod:CursedMace+1","floor":54}],"player_experience":359289,"relics_obtained":[{"floor":6,"key":"infinitespire:Lucky Rock"},{"floor":9,"key":"Bronze Scales"},{"floor":16,"key":"Vajra"},{"floor":23,"key":"hubris:Reverence"},{"floor":26,"key":"Juzu Bracelet"},{"floor":30,"key":"Replay:Blank Codex"},{"floor":33,"key":"Pear"},{"floor":40,"key":"Replay:Bottled Steam"},{"floor":54,"key":"infinitespire:PuzzleCube"}],"event_choices":[{"damage_healed":0,"gold_gain":1,"player_choice":"LEAVE","damage_taken":0,"max_hp_gain":0,"max_hp_loss":0,"event_name":"betterThird:BetterScrap","floor":12,"gold_loss":0,"cards_obtained":["Sentinel"]},{"damage_healed":0,"gold_gain":0,"player_choice":"Paid Gold","damage_taken":0,"relics_obtained":["Question Card"],"max_hp_gain":0,"max_hp_loss":0,"event_name":"WeMeetAgain","floor":20,"gold_loss":67},{"damage_healed":0,"gold_gain":0,"player_choice":"Ignored","damage_taken":0,"max_hp_gain":0,"max_hp_loss":0,"event_name":"Beggar","floor":28,"gold_loss":0},{"damage_healed":0,"gold_gain":0,"player_choice":"Obtained Book","damage_taken":16,"max_hp_gain":0,"max_hp_loss":0,"event_name":"Cursed Tome","floor":30,"gold_loss":0}],"is_beta":false,"boss_relics":[{"not_picked":["hubris:ScarierMask","ReplayTheSpireMod:DimensionalGlitch"],"picked":"Astrolabe"},{"not_picked":["Replay:Drink Me","hubris:Stopwatch"],"picked":"TheCursedMod:FourLeafCloverCharm"}],"items_purged_floors":[14,37,47],"is_endless":false,"potions_floor_spawned":[3,5,6,8,23,24,31,38,39,48],"killed_by":"The Heart","ascension_level":0}}