{"host":"qw1m3zcvi888b4j7","time":1608704437,"event":{"mods":["AchievementEnabler","Act Like it!","BaseMod","Block Reminder","Colored Map","Colored Powertips","Curses Come First","DeckTracker","Hermit","Highlight Path","Hubris","Minty Spire (QoL Compilation)","Quick Restart","Rare Cards Sparkle","Relic Sorter","Relic Stats","Replay The Spire","StSLib","SuperFastMode","The Blue Laboratory","The Cursed","The Servant 0.9.4","everything is the same but u backflip on backflip"],"gold_per_floor":[114,14,26,36,36,63,63,63,63,74,74,90,121,86,86,86,86],"floor_reached":16,"playtime":592,"items_purged":["Regret"],"score":116,"play_id":"f966860f-817d-49e9-8cbc-a100a7ca7cd7","local_time":"20201223072037","is_ascension_mode":true,"campfire_choices":[{"floor":8,"key":"RECALL"},{"floor":11,"key":"REST"},{"data":"Inflame","floor":15,"key":"SMITH"}],"circlet_count":0,"master_deck":["Strike_R","Strike_R","Strike_R","Strike_R","Strike_R","Defend_R+1","Defend_R","Defend_R","Bash","Thunderclap","Clothesline+1","Carnage","Inflame+1","Pot Of Greed","Pot Of Greed","Demonic Infusion","Warcry","Run Through","Replay:Undeath\u0027s Touch"],"relics":["Burning Blood","ReplayTheSpireMod:TigerMarble","Grinning Jar","hubris:SlimyHat"],"acts_visited":["Exordium"],"potions_floor_usage":[6,13,13,16],"damage_taken":[{"damage":2,"enemies":"2 Louse","floor":1,"turns":4},{"damage":0,"enemies":"Small Slimes","floor":3,"turns":3},{"damage":0,"enemies":"Cultist","floor":4,"turns":3},{"damage":29,"enemies":"Lagavulin","floor":6,"turns":6},{"damage":12,"enemies":"Exordium Thugs","floor":10,"turns":4},{"damage":12,"enemies":"Blue Slaver","floor":12,"turns":3},{"damage":19,"enemies":"Gremlin Nob","floor":13,"turns":4},{"damage":101,"enemies":"Fading Forest","floor":16,"turns":10}],"seed_played":"7226817801026573673","potions_obtained":[{"floor":3,"key":"BloodPotion"},{"floor":4,"key":"blueLaboratory:ImpenetrablePotion"},{"floor":10,"key":"Adrenaline Potion"},{"floor":12,"key":"Fire Potion"}],"is_trial":false,"path_per_floor":["M","$","M","M","?","E","?","R","T","M","R","M","E","?","R","B"],"character_chosen":"IRONCLAD","items_purchased":["Clothesline"],"campfire_rested":1,"item_purchase_floors":[2],"current_hp_per_floor":[80,80,80,80,80,57,41,41,41,35,59,53,56,76,76,0,0],"gold":86,"neow_bonus":"RANDOM_EVENT","is_daily":false,"chose_seed":false,"campfire_upgraded":1,"win_rate":0.0,"timestamp":1608704437,"path_taken":["M","$","M","M","?","E","?","R","T","M","R","M","E","?","R","BOSS"],"items_purchased_type":["Card"],"build_version":"2020-12-13","purchased_purges":1,"victory":false,"max_hp_per_floor":[80,80,80,80,80,80,80,80,80,80,80,80,80,80,80,80,80],"relic_stats":{"counters":[8,37],"obtain_stats":[{"ReplayTheSpireMod:TigerMarble":0,"hubris:SlimyHat":13,"Grinning Jar":6,"Burning Blood":0},{"ReplayTheSpireMod:TigerMarble":0,"hubris:SlimyHat":7,"Grinning Jar":4,"Burning Blood":0},{"ReplayTheSpireMod:TigerMarble":0,"hubris:SlimyHat":27,"Grinning Jar":16,"Burning Blood":0}],"Burning Blood":26},"card_choices":[{"not_picked":["Iron Wave","Second Wind"],"picked":"Thunderclap","floor":1},{"not_picked":["Searing Blow","ReplayReversal"],"picked":"Carnage","floor":3},{"not_picked":["Sentinel","Feel No Pain"],"picked":"Inflame","floor":4},{"not_picked":["Double Tap","Whirlwind"],"picked":"Demonic Infusion","floor":6},{"not_picked":["Clothesline","ReplayTheSpireMod:Corrosion Curse"],"picked":"Warcry","floor":10},{"not_picked":["Uppercut","Warcry"],"picked":"Run Through","floor":12},{"not_picked":["Cleave","Wild Strike"],"picked":"Replay:Undeath\u0027s Touch","floor":13}],"player_experience":126172,"relics_obtained":[{"floor":6,"key":"Grinning Jar"},{"floor":13,"key":"hubris:SlimyHat"}],"event_choices":[{"damage_healed":0,"gold_gain":0,"player_choice":"Box","damage_taken":0,"relics_obtained":["ReplayTheSpireMod:TigerMarble"],"max_hp_gain":0,"max_hp_loss":0,"event_name":"Big Fish","floor":0,"gold_loss":0,"cards_obtained":["Regret"]},{"damage_healed":0,"gold_gain":0,"player_choice":"Entered Light","damage_taken":16,"max_hp_gain":0,"max_hp_loss":0,"event_name":"Shining Light","floor":7,"gold_loss":0,"cards_upgraded":["Clothesline","Defend_R"]},{"damage_healed":20,"gold_gain":0,"player_choice":"Healed","damage_taken":0,"max_hp_gain":0,"max_hp_loss":0,"event_name":"The Cleric","floor":14,"gold_loss":35}],"is_beta":false,"boss_relics":[],"items_purged_floors":[2],"is_endless":false,"potions_floor_spawned":[3,4,10,12],"killed_by":"Fading Forest","ascension_level":1}}