{"host":"5fasz840ryq7obdf","time":1608752082,"event":{"mods":["AchievementEnabler","BaseMod","Bestiary","Better Altar","Better Skull","Better Third Choice","BetterRewards","Block Reminder","Colored Powertips","Curses Come First","Minty Spire (QoL Compilation)","Quick Restart","Relic Stats","Shop Mod","Spicy Shops","StSLib"],"gold_per_floor":[263,281,295,9,9,9,9],"floor_reached":6,"playtime":364,"items_purged":["Defend_P"],"score":72,"play_id":"ce2114e8-3d01-43ee-9b6d-50d652546fe3","local_time":"20201223193442","is_ascension_mode":true,"campfire_choices":[],"circlet_count":0,"master_deck":["AscendersBane","Strike_P","Strike_P","Strike_P","Defend_P","Defend_P","Defend_P","Eruption","Vigilance","ClearTheMind","Indignation","Adaptation","CrushJoints"],"relics":["PureWater","Vajra","Lantern","Sling","Membership Card","Happy Flower"],"acts_visited":["Exordium"],"potions_floor_usage":[6,6],"damage_taken":[{"damage":3.0,"enemies":"Small Slimes","floor":1.0,"turns":3.0},{"damage":7.0,"enemies":"Jaw Worm","floor":2.0,"turns":3.0},{"damage":0.0,"enemies":"2 Louse","floor":3.0,"turns":4.0},{"damage":10,"enemies":"3 Sentries","floor":6,"turns":3}],"seed_played":"4881843070481209415","potions_obtained":[{"floor":1.0,"key":"Explosive Potion"},{"floor":2.0,"key":"StancePotion"}],"is_trial":false,"path_per_floor":["M","M","M","$","?","E"],"character_chosen":"WATCHER","items_purchased":["Vajra","Lantern","ClearTheMind","Sling","Membership Card","Happy Flower"],"campfire_rested":0,"item_purchase_floors":[0,0,0,0,4,4],"current_hp_per_floor":[27,20,20,20,13,3,3],"gold":9,"neow_bonus":"","is_daily":false,"chose_seed":false,"campfire_upgraded":0,"win_rate":0.0,"timestamp":1608752082,"path_taken":["M","M","M","$","?","E"],"items_purchased_type":["Relic","Relic","Card","Relic","Relic","Relic"],"build_version":"2020-12-22","purchased_purges":1,"victory":false,"max_hp_per_floor":[68,68,68,68,68,68,68],"relic_stats":{"Happy Flower":[1],"counters":[152,500],"obtain_stats":[{"Ice Cream":30,"Tiny House":17,"Gremlin Horn":40,"CeramicFish":14,"Vajra":11,"Ginger":27,"Whetstone":54,"Bottled Tornado":9,"Sling":37,"Blood Vial":0,"Centennial Puzzle":42,"Lizard Tail":44,"HornCleat":0,"DollysMirror":0,"MealTicket":13,"Philosopher\u0027s Stone":17,"Prayer Wheel":48,"Fusion Hammer":17,"HandDrill":12,"Kunai":0,"Toxic Egg 2":26,"Girya":34,"Pear":47,"Happy Flower":0,"Dead Branch":13,"Blue Candle":47,"Oddly Smooth Stone":0,"Eternal Feather":46,"Pen Nib":40,"Letter Opener":27,"War Paint":42,"Akabeko":31,"WarpedTongs":21,"OrangePellets":0,"SlaversCollar":34,"Bottled Flame":13,"Shuriken":20,"Bronze Scales":43,"Bird Faced Urn":0,"Molten Egg 2":40,"Pandora\u0027s Box":17,"Black Star":34,"StrikeDummy":46,"Unceasing Top":26,"Meat on the Bone":0,"Darkstone Periapt":31,"Lantern":0,"Torii":0,"Singing Bowl":0,"Yang":8,"StoneCalendar":25,"Juzu Bracelet":26,"Incense Burner":23,"Bag of Preparation":46,"CloakClasp":0,"TeardropLocket":0,"Ancient Tea Set":12,"Cursed Key":17,"Smiling Mask":14,"ClockworkSouvenir":46,"Nunchaku":46,"Mummified Hand":44,"Pantograph":0,"Gambling Chip":0,"Toolbox":0,"Tiny Chest":9,"Red Mask":36,"InkBottle":24,"Potion Belt":28,"Lee\u0027s Waffle":0,"Golden Idol":3,"Damaru":6,"PreservedInsect":25,"The Courier":9,"Omamori":23,"Odd Mushroom":10,"Orichalcum":27,"Medical Kit":0,"GoldenEye":25,"White Beast Statue":36,"Peace Pipe":28,"Calling Bell":34,"Strange Spoon":37,"Cauldron":47,"Anchor":9,"Busted Crown":34,"Ornamental Fan":19,"Orrery":0,"Bag of Marbles":0,"Art of War":46,"Membership Card":0,"PureWater":0,"Toy Ornithopter":40,"TungstenRod":45},{"Ice Cream":16,"Tiny House":33,"Gremlin Horn":97,"CeramicFish":9,"Vajra":8,"Ginger":39,"Whetstone":137,"Bottled Tornado":56,"Sling":71,"Blood Vial":107,"Centennial Puzzle":22,"Lizard Tail":131,"HornCleat":53,"DollysMirror":53,"MealTicket":32,"Philosopher\u0027s Stone":86,"Prayer Wheel":103,"Fusion Hammer":147,"HandDrill":8,"Kunai":53,"Toxic Egg 2":37,"Girya":125,"Pear":51,"Happy Flower":0,"Dead Branch":59,"Blue Candle":75,"Oddly Smooth Stone":0,"Eternal Feather":101,"Pen Nib":21,"Letter Opener":39,"War Paint":22,"Akabeko":42,"WarpedTongs":63,"OrangePellets":0,"SlaversCollar":70,"Bottled Flame":9,"Shuriken":12,"Bronze Scales":22,"Bird Faced Urn":25,"Molten Egg 2":21,"Pandora\u0027s Box":115,"Black Star":18,"StrikeDummy":101,"Unceasing Top":66,"Meat on the Bone":0,"Darkstone Periapt":17,"Lantern":25,"Torii":53,"Singing Bowl":107,"Yang":6,"StoneCalendar":90,"Juzu Bracelet":15,"Incense Burner":36,"Bag of Preparation":50,"CloakClasp":107,"TeardropLocket":78,"Ancient Tea Set":8,"Cursed Key":10,"Smiling Mask":85,"ClockworkSouvenir":50,"Nunchaku":24,"Mummified Hand":75,"Pantograph":25,"Gambling Chip":139,"Toolbox":107,"Tiny Chest":6,"Red Mask":19,"InkBottle":14,"Potion Belt":16,"Lee\u0027s Waffle":53,"Golden Idol":26,"Damaru":28,"PreservedInsect":37,"The Courier":143,"Omamori":88,"Odd Mushroom":7,"Orichalcum":121,"Medical Kit":53,"GoldenEye":66,"White Beast Statue":71,"Peace Pipe":40,"Calling Bell":125,"Strange Spoon":71,"Cauldron":75,"Anchor":81,"Busted Crown":43,"Ornamental Fan":62,"Orrery":78,"Bag of Marbles":0,"Art of War":24,"Membership Card":0,"PureWater":0,"Toy Ornithopter":47,"TungstenRod":50},{"Ice Cream":36,"Tiny House":86,"Gremlin Horn":295,"CeramicFish":29,"Vajra":22,"Ginger":105,"Whetstone":441,"Bottled Tornado":176,"Sling":214,"Blood Vial":334,"Centennial Puzzle":47,"Lizard Tail":415,"HornCleat":167,"DollysMirror":167,"MealTicket":80,"Philosopher\u0027s Stone":269,"Prayer Wheel":316,"Fusion Hammer":484,"HandDrill":22,"Kunai":167,"Toxic Egg 2":99,"Girya":397,"Pear":154,"Happy Flower":0,"Dead Branch":183,"Blue Candle":225,"Oddly Smooth Stone":0,"Eternal Feather":309,"Pen Nib":46,"Letter Opener":105,"War Paint":47,"Akabeko":116,"WarpedTongs":196,"OrangePellets":0,"SlaversCollar":210,"Bottled Flame":29,"Shuriken":32,"Bronze Scales":47,"Bird Faced Urn":57,"Molten Egg 2":46,"Pandora\u0027s Box":364,"Black Star":39,"StrikeDummy":309,"Unceasing Top":201,"Meat on the Bone":0,"Darkstone Periapt":38,"Lantern":57,"Torii":167,"Singing Bowl":334,"Yang":19,"StoneCalendar":283,"Juzu Bracelet":35,"Incense Burner":96,"Bag of Preparation":150,"CloakClasp":334,"TeardropLocket":244,"Ancient Tea Set":22,"Cursed Key":30,"Smiling Mask":264,"ClockworkSouvenir":150,"Nunchaku":50,"Mummified Hand":225,"Pantograph":57,"Gambling Chip":455,"Toolbox":334,"Tiny Chest":19,"Red Mask":40,"InkBottle":34,"Potion Belt":36,"Lee\u0027s Waffle":167,"Golden Idol":62,"Damaru":69,"PreservedInsect":99,"The Courier":467,"Omamori":279,"Odd Mushroom":21,"Orichalcum":384,"Medical Kit":167,"GoldenEye":201,"White Beast Statue":214,"Peace Pipe":109,"Calling Bell":397,"Strange Spoon":214,"Cauldron":225,"Anchor":253,"Busted Crown":121,"Ornamental Fan":194,"Orrery":244,"Bag of Marbles":0,"Art of War":50,"Membership Card":0,"PureWater":0,"Toy Ornithopter":137,"TungstenRod":150}]},"card_choices":[{"not_picked":["Pray","EmptyBody"],"picked":"Indignation","floor":1.0},{"not_picked":["Consecrate","Crescendo"],"picked":"Adaptation","floor":2.0},{"not_picked":["Crescendo","WheelKick"],"picked":"CrushJoints","floor":3.0}],"player_experience":1005720,"relics_obtained":[],"event_choices":[{"cards_removed":["Strike_P"],"damage_healed":0.0,"max_hp_gain":0.0,"max_hp_loss":0.0,"gold_gain":0.0,"event_name":"Golden Wing","player_choice":"Card Removal","floor":5.0,"gold_loss":0.0,"damage_taken":7.0}],"is_beta":false,"boss_relics":[],"items_purged_floors":[4],"is_endless":false,"potions_floor_spawned":[1,2],"killed_by":"3 Sentries","ascension_level":20}}