{"host":"f9ntswufr8mq3t4y","time":1608729072,"event":{"mods":["AchievementEnabler","BaseMod","Best Route Mod","Block Reminder","Colored Map","Colored Powertips","DeckTracker","Highlight Path","Minty Spire (QoL Compilation)","Permanent Neow","Quick Restart"],"gold_per_floor":[114,126,141,152,152,152,177,177,200,200,216,245,255,283,283,381,381,398,398,22,22,22,56,56,70,70,101,101,101,118,118,118,223,223,242,57,72,72,72,72,101,101,101,101,119,119,129,159,159,159],"floor_reached":51,"playtime":3368,"items_purged":["Strike_B"],"score":1002,"play_id":"eea62365-4f1a-4ab6-8c84-eab3117e6e06","local_time":"20201223161112","is_ascension_mode":true,"campfire_choices":[{"data":"Self Repair","floor":6,"key":"SMITH"},{"data":"Sunder","floor":8,"key":"SMITH"},{"data":"Go for the Eyes","floor":10,"key":"SMITH"},{"data":"Reboot","floor":15,"key":"SMITH"},{"data":"Double Energy","floor":24,"key":"SMITH"},{"data":"FTL","floor":28,"key":"SMITH"},{"floor":32,"key":"REST"},{"data":"Apotheosis","floor":40,"key":"SMITH"},{"data":"White Noise","floor":44,"key":"SMITH"},{"data":"Buffer","floor":46,"key":"SMITH"},{"floor":49,"key":"REST"}],"circlet_count":0,"master_deck":["Defend_B","Defend_B","Defend_B","Zap","Dualcast","Barrage","Melter","Self Repair+1","Go for the Eyes+1","Sweeping Beam","Gash","Sunder+1","Reboot+1","White Noise+1","Beam Cell","FTL+1","All For One","Reinforced Body","Double Energy+1","Conserve Battery+1","BootSequence+1","Buffer+1","Chill","Apotheosis+1","Purity","Amplify","Seek"],"relics":["Cracked Core","DataDisk","Omamori","MealTicket","Tiny Chest","Nuclear Battery","Bag of Marbles","Mango","Letter Opener","Ginger","Question Card","Blood Vial","Gambling Chip","Inserter","Singing Bowl","Art of War","Sundial","Regal Pillow"],"acts_visited":["TheCity","TheBeyond"],"potions_floor_usage":[7,12,12,39,45,50,50,50],"damage_taken":[{"damage":1,"enemies":"Cultist","floor":1,"turns":3},{"damage":0,"enemies":"Small Slimes","floor":2,"turns":2},{"damage":4,"enemies":"2 Louse","floor":3,"turns":2},{"damage":0,"enemies":"Exordium Wildlife","floor":4,"turns":3},{"damage":24,"enemies":"Lagavulin","floor":7,"turns":7},{"damage":0,"enemies":"2 Fungi Beasts","floor":11,"turns":2},{"damage":0,"enemies":"3 Sentries","floor":12,"turns":2},{"damage":8,"enemies":"3 Louse","floor":13,"turns":2},{"damage":10,"enemies":"Gremlin Nob","floor":14,"turns":3},{"damage":2,"enemies":"Slime Boss","floor":16,"turns":6},{"damage":0,"enemies":"Spheric Guardian","floor":18,"turns":2},{"damage":47,"enemies":"Slavers","floor":23,"turns":5},{"damage":7,"enemies":"Chosen","floor":25,"turns":3},{"damage":29,"enemies":"Book of Stabbing","floor":27,"turns":4},{"damage":10,"enemies":"Centurion and Healer","floor":30,"turns":3},{"damage":43,"enemies":"Champ","floor":33,"turns":8},{"damage":0,"enemies":"Orb Walker","floor":35,"turns":3},{"damage":0,"enemies":"3 Shapes","floor":37,"turns":4},{"damage":0,"enemies":"3 Darklings","floor":39,"turns":2},{"damage":6,"enemies":"Giant Head","floor":41,"turns":8},{"damage":1,"enemies":"Maw","floor":45,"turns":6},{"damage":5,"enemies":"Spire Growth","floor":47,"turns":3},{"damage":28,"enemies":"Reptomancer","floor":48,"turns":7},{"damage":51,"enemies":"Awakened One","floor":50,"turns":12}],"seed_played":"-2483793758612743909","potions_obtained":[{"floor":3,"key":"Explosive Potion"},{"floor":4,"key":"FocusPotion"},{"floor":7,"key":"Swift Potion"},{"floor":23,"key":"Fire Potion"},{"floor":27,"key":"Strength Potion"},{"floor":35,"key":"SmokeBomb"},{"floor":47,"key":"Strength Potion"},{"floor":48,"key":"ColorlessPotion"}],"is_trial":false,"path_per_floor":["M","M","M","M","?","R","E","R","T","R","M","E","M","E","R","B",null,"M","?","$","?","?","E","R","M","T","E","R","T","M","$","R","B",null,"M","$","M","?","M","R","E","T","T","R","M","R","M","E","R","B",null],"character_chosen":"DEFECT","items_purchased":["Mango","Apotheosis"],"campfire_rested":2,"item_purchase_floors":[20,36],"current_hp_per_floor":[67,67,68,68,68,68,54,54,54,54,64,64,66,66,66,68,68,68,68,82,82,82,45,45,48,48,29,29,29,31,46,70,39,82,82,82,82,82,82,82,84,84,84,84,85,85,83,67,88,47],"gold":159,"neow_bonus":"TRANSFORM_TWO_CARDS","is_daily":false,"chose_seed":false,"campfire_upgraded":9,"win_rate":0.0,"timestamp":1608729072,"path_taken":["M","?","M","M","?","R","E","R","T","R","M","E","?","E","R","BOSS","M","?","$","?","?","E","R","M","T","E","R","?","M","$","R","BOSS","M","$","?","?","?","R","E","?","T","R","M","R","M","E","R","BOSS"],"items_purchased_type":["Relic","Card"],"build_version":"2020-12-22","purchased_purges":1,"victory":true,"max_hp_per_floor":[68,68,68,68,68,68,68,68,68,68,68,68,68,68,68,68,68,68,68,82,82,82,82,82,82,82,82,82,82,82,82,82,82,82,82,82,82,82,82,82,84,84,84,84,86,86,88,88,88,88],"card_choices":[{"not_picked":["Go for the Eyes","Barrage"],"picked":"Self Repair","floor":1},{"not_picked":["Melter","Ball Lightning"],"picked":"Go for the Eyes","floor":2},{"not_picked":["Go for the Eyes","Barrage"],"picked":"Sweeping Beam","floor":3},{"not_picked":["Thunder Strike","Turbo"],"picked":"Gash","floor":4},{"not_picked":["Go for the Eyes","Stack"],"picked":"Sunder","floor":7},{"not_picked":["Redo","Rebound"],"picked":"Reboot","floor":11},{"not_picked":["FTL","Compile Driver"],"picked":"White Noise","floor":12},{"not_picked":["Coolheaded","Sweeping Beam"],"picked":"Beam Cell","floor":13},{"not_picked":["Beam Cell","Sweeping Beam"],"picked":"FTL","floor":14},{"not_picked":["Amplify","Biased Cognition"],"picked":"All For One","floor":16},{"not_picked":["Storm+1","Turbo"],"picked":"Reinforced Body","floor":18},{"not_picked":["Streamline+1","Rip and Tear"],"picked":"Double Energy","floor":23},{"not_picked":["Skim","Blizzard","Hologram"],"picked":"SKIP","floor":25},{"not_picked":["Rainbow","Lockon+1","Rebound+1"],"picked":"Conserve Battery+1","floor":27},{"not_picked":["Redo","Ball Lightning+1","FTL+1"],"picked":"BootSequence+1","floor":30},{"not_picked":["Electrodynamics","Biased Cognition","Creative AI"],"picked":"Buffer","floor":33},{"not_picked":["Hello World+1","Leap+1","Sweeping Beam"],"picked":"Chill","floor":35},{"not_picked":["Conserve Battery","Skim","Force Field+1","Capacitor+1"],"picked":"SKIP","floor":37},{"not_picked":["Skim+1","Sweeping Beam","Streamline","Cold Snap"],"picked":"Singing Bowl","floor":41},{"not_picked":["Turbo+1","Rebound+1","BootSequence+1","Glacier+1"],"picked":"Singing Bowl","floor":45},{"not_picked":["Compile Driver","Recycle+1","Stack+1","Hyperbeam"],"picked":"Singing Bowl","floor":47},{"not_picked":["FTL+1","Steam Power+1","Cold Snap"],"picked":"Seek","floor":48}],"player_experience":323684,"relics_obtained":[{"floor":7,"key":"DataDisk"},{"floor":9,"key":"Omamori"},{"floor":12,"key":"MealTicket"},{"floor":14,"key":"Tiny Chest"},{"floor":23,"key":"Ginger"},{"floor":26,"key":"Question Card"},{"floor":27,"key":"Blood Vial"},{"floor":29,"key":"Gambling Chip"},{"floor":41,"key":"Singing Bowl"},{"floor":42,"key":"Art of War"},{"floor":43,"key":"Sundial"},{"floor":48,"key":"Regal Pillow"}],"event_choices":[{"cards_removed":["Strike_B"],"damage_healed":0,"gold_gain":0,"player_choice":"Card Removal","damage_taken":0,"max_hp_gain":0,"max_hp_loss":0,"event_name":"Wheel of Change","floor":5,"gold_loss":0},{"damage_healed":0,"gold_gain":0,"player_choice":"Stole Relic","damage_taken":0,"relics_obtained":["Bag of Marbles"],"max_hp_gain":0,"max_hp_loss":0,"event_name":"Addict","floor":19,"gold_loss":0,"cards_obtained":["Shame"]},{"damage_healed":0,"gold_gain":0,"player_choice":"Opened","damage_taken":0,"relics_obtained":["Letter Opener"],"max_hp_gain":0,"max_hp_loss":0,"event_name":"The Mausoleum","floor":21,"gold_loss":0,"cards_obtained":["Writhe"]},{"cards_removed":["Strike_B"],"damage_healed":0,"gold_gain":0,"player_choice":"Elegance","damage_taken":0,"max_hp_gain":0,"max_hp_loss":0,"event_name":"Back to Basics","floor":22,"gold_loss":0},{"damage_healed":0,"gold_gain":0,"player_choice":"2 cards matched","damage_taken":0,"max_hp_gain":0,"max_hp_loss":0,"event_name":"Match and Keep!","floor":38,"gold_loss":0,"cards_obtained":["Purity","Amplify"]}],"is_beta":false,"boss_relics":[{"not_picked":["Black Star","Runic Pyramid"],"picked":"Nuclear Battery"},{"not_picked":["Empty Cage","Pandora\u0027s Box"],"picked":"Inserter"}],"items_purged_floors":[20],"is_endless":false,"potions_floor_spawned":[3,4,7,23,27,35,47,48],"ascension_level":3}}