{"host":"a8rzj4nfw2w5de5r","time":1608742574,"event":{"mods":["BaseMod","Block Reminder","Colored Map","Downfall","Highlight Path","Minty Spire (QoL Compilation)","Relic Sorter","Relic Stats","StSLib"],"gold_per_floor":[99,99,115,390,407,407,431,136,149,165,165,190,209,224,243,338,338,263,277,277,294,312,337,337,187,205,224,6,35,35,52,72,170,170,170,65,79,79,132,132,157,169,201,240,252,292,304,331,353,365],"floor_reached":51,"playtime":4362,"items_purged":["Regret","Guardian:Strike_Guardian"],"score":826,"play_id":"fd296f16-87a2-447c-bfe6-2dbd249b0a99","local_time":"20201223222614","is_ascension_mode":false,"campfire_choices":[{"data":"Guardian:AncientConstruct","floor":1,"key":"SMITH"},{"data":"Guardian:WalkerClaw","floor":6,"key":"SMITH"},{"data":"Guardian:MultiBeam","floor":11,"key":"SMITH"},{"floor":18,"key":"RECALL"},{"data":"Guardian:FuturePlans","floor":25,"key":"SMITH"},{"data":"Guardian:CompilePackage","floor":30,"key":"SMITH"},{"data":"Guardian:PiercingHide","floor":35,"key":"SMITH"},{"floor":42,"key":"REST"},{"floor":45,"key":"REST"},{"floor":47,"key":"REST"}],"circlet_count":0,"master_deck":["Guardian:Strike_Guardian+1","Guardian:Strike_Guardian+1","Guardian:CurlUp+1","Guardian:TwinSlam+1","Guardian:AncientConstruct+1","Guardian:DonusPower+1","Guardian:WalkerClaw+1","Guardian:Recover+1","Guardian:SentryBeam+1","Guardian:Recover+1","Guardian:ArmoredProtocol+1","Guardian:PiercingHide+1","Guardian:MultiBeam+1","Guardian:FloatingOrbs+1","Guardian:TemporalShield+1","Guardian:Repulse+1","Guardian:FuturePlans+1","Guardian:CompilePackage+1","Guardian:TemporalShield+1","Guardian:SpikerProtocol+1","Guardian:ChargeUp+1","Guardian:TemporalShield+1","Guardian:ExploitGems+1","Guardian:TemporalStrike+1","Guardian:EvasiveProtocol+1","Guardian:Harden+1","Guardian:Orbwalk+1","Guardian:PolyBeam+1","Guardian:WalkerClaw+1","Guardian:FloatingOrbs+1"],"relics":["Guardian:ModeShifterPlus","downfall:ShatteredFragment","Strawberry","Boot","The Courier","Regal Pillow","Astrolabe","Torii","MawBank","Blue Candle","Bag of Marbles"],"acts_visited":["Exordium","TheCity","TheBeyond"],"potions_floor_usage":[16,39,46],"damage_taken":[{"damage":2,"enemies":"Small Slimes","floor":3,"turns":3},{"damage":1,"enemies":"2 Louse","floor":5,"turns":2},{"damage":8,"enemies":"downfall:FleeingMerchant","floor":8,"turns":4},{"damage":0,"enemies":"Cultist","floor":9,"turns":3},{"damage":5,"enemies":"Exordium Thugs","floor":10,"turns":5},{"damage":15,"enemies":"Lagavulin","floor":12,"turns":8},{"damage":8,"enemies":"Exordium Wildlife","floor":13,"turns":3},{"damage":0,"enemies":"Blue Slaver","floor":14,"turns":3},{"damage":12,"enemies":"Exordium Thugs","floor":15,"turns":4},{"damage":0,"enemies":"downfall:Silent","floor":16,"turns":6},{"damage":0,"enemies":"Spheric Guardian","floor":19,"turns":3},{"damage":0,"enemies":"Chosen","floor":21,"turns":4},{"damage":0,"enemies":"Snake Plant","floor":22,"turns":4},{"damage":25,"enemies":"Slavers","floor":23,"turns":4},{"damage":8,"enemies":"3 Cultists","floor":26,"turns":5},{"damage":4,"enemies":"Centurion and Healer","floor":27,"turns":5},{"damage":0,"enemies":"downfall:FleeingMerchant","floor":28,"turns":4},{"damage":2,"enemies":"Book of Stabbing","floor":29,"turns":5},{"damage":0,"enemies":"Snecko","floor":31,"turns":5},{"damage":0,"enemies":"Cultist and Chosen","floor":32,"turns":4},{"damage":9,"enemies":"downfall:Ironclad","floor":33,"turns":8},{"damage":0,"enemies":"downfall:FleeingMerchant","floor":36,"turns":4},{"damage":4,"enemies":"3 Shapes","floor":37,"turns":4},{"damage":37,"enemies":"2 Orb Walkers","floor":39,"turns":6},{"damage":1,"enemies":"Orb Walker","floor":43,"turns":4},{"damage":0,"enemies":"Giant Head","floor":44,"turns":7},{"damage":38,"enemies":"Reptomancer","floor":46,"turns":5},{"damage":2,"enemies":"Transient","floor":48,"turns":5},{"damage":1,"enemies":"Sphere and 2 Shapes","floor":49,"turns":5},{"damage":4,"enemies":"downfall:Defect","floor":50,"turns":7}],"seed_played":"5468113503495215025","potions_obtained":[{"floor":3,"key":"LiquidBronze"},{"floor":5,"key":"Guardian:DefensiveModePotion"},{"floor":9,"key":"Swift Potion"},{"floor":22,"key":"Block Potion"},{"floor":43,"key":"ColorlessPotion"},{"floor":46,"key":"Ancient Potion"},{"floor":48,"key":"FairyPotion"}],"is_trial":false,"path_per_floor":["R","?","M","?","M","R","T","$","M","M","R","E","M","M","M","B",null,"R","M","?","M","M","E","T","R","M","M","$","E","R","M","M","B",null,"R","$","M","?","?","?","T","R","M","E","R","E","R","M","M","B",null],"character_chosen":"GUARDIAN","items_purchased":["Guardian:SentryBeam","Guardian:Recover","Guardian:ArmoredProtocol","Guardian:SpikerProtocol","Guardian:ChargeUp","Guardian:Orbwalk","Guardian:PolyBeam"],"campfire_rested":3,"item_purchase_floors":[8,8,8,28,28,36,36],"current_hp_per_floor":[80,56,54,54,53,53,60,52,52,47,47,32,24,24,12,12,87,87,87,79,79,79,54,54,64,56,52,52,50,50,50,50,41,97,97,97,93,93,56,56,56,97,96,96,97,59,97,95,94,90],"gold":377,"neow_bonus":"ONE_RANDOM_RARE_CARD","is_daily":false,"chose_seed":false,"campfire_upgraded":6,"win_rate":0.0,"timestamp":1608742574,"path_taken":["R","?","M","?","M","R","T","$","?","M","R","E","M","M","M","BOSS","R","M","?","M","M","E","T","R","M","M","?","E","R","M","M","BOSS","R","$","M","?","?","?","T","R","M","E","R","E","R","M","M","BOSS"],"items_purchased_type":["Card","Card","Card","Card","Card","Card","Card"],"build_version":"2020-12-22","purchased_purges":2,"victory":true,"max_hp_per_floor":[80,80,80,80,80,80,87,87,87,87,87,87,87,87,87,87,87,87,87,87,87,87,87,87,97,97,97,97,97,97,97,97,97,97,97,97,97,97,97,97,97,97,97,97,97,97,97,97,97,97],"relic_stats":{"Regal Pillow":21,"Torii":5,"counters":[30,139],"Astrolabe":["Guardian:TemporalStrike","Guardian:Gem_Blue","Guardian:EvasiveProtocol"],"Blue Candle":[0],"Boot":[207],"MawBank":120,"obtain_stats":[{"Regal Pillow":29,"downfall:ShatteredFragment":2,"Guardian:ModeShifterPlus":17,"downfall:HeartBlessingRed":25,"Torii":39,"Astrolabe":34,"Blue Candle":44,"Guardian:ModeShifter":0,"downfall:HeartBlessingGreen":18,"The Courier":23,"Boot":12,"MawBank":41,"downfall:HeartBlessingBlue":25,"Strawberry":7,"Bag of Marbles":46},{"Regal Pillow":18,"downfall:ShatteredFragment":0,"Guardian:ModeShifterPlus":10,"downfall:HeartBlessingRed":14,"Torii":24,"Astrolabe":21,"Blue Candle":26,"Guardian:ModeShifter":0,"downfall:HeartBlessingGreen":10,"The Courier":14,"Boot":6,"MawBank":24,"downfall:HeartBlessingBlue":14,"Strawberry":2,"Bag of Marbles":27},{"Regal Pillow":75,"downfall:ShatteredFragment":0,"Guardian:ModeShifterPlus":41,"downfall:HeartBlessingRed":56,"Torii":106,"Astrolabe":92,"Blue Candle":117,"Guardian:ModeShifter":0,"downfall:HeartBlessingGreen":41,"The Courier":56,"Boot":25,"MawBank":106,"downfall:HeartBlessingBlue":56,"Strawberry":5,"Bag of Marbles":122}]},"card_choices":[{"not_picked":["Guardian:PolyBeam","Guardian:Gem_Crimson"],"picked":"Guardian:DonusPower","floor":3},{"not_picked":["Guardian:Planning","Guardian:Recover"],"picked":"Guardian:WalkerClaw","floor":5},{"not_picked":["Guardian:TimeCapacitor","Guardian:FastForward"],"picked":"Guardian:Recover","floor":8},{"not_picked":["Guardian:Clone","Guardian:WalkerClaw"],"picked":"Guardian:PiercingHide","floor":9},{"not_picked":["Guardian:FuturePlans","Guardian:ShieldCharger"],"picked":"Guardian:MultiBeam","floor":10},{"not_picked":["Guardian:RevengeProtocol","Guardian:Planning"],"picked":"Guardian:FloatingOrbs","floor":12},{"not_picked":["Guardian:DecasProtection","Guardian:Suspension"],"picked":"Guardian:TemporalShield","floor":13},{"not_picked":["Guardian:RollAttack","Guardian:PiercingHide","Guardian:TemporalStrike"],"picked":"SKIP","floor":14},{"not_picked":["Guardian:Planning","Guardian:BronzeArmor","Guardian:TimeBomb"],"picked":"SKIP","floor":15},{"not_picked":["Guardian:Suspension","Guardian:BronzeOrb"],"picked":"Guardian:Gem_Blue","floor":19},{"not_picked":["Guardian:Gem_Lightblue","Guardian:ChargeCore"],"picked":"Guardian:Repulse+1","floor":21},{"not_picked":["Guardian:DonusPower","Guardian:RollAttack"],"picked":"Guardian:FuturePlans","floor":22},{"not_picked":["Guardian:Planning","Guardian:PiercingHide"],"picked":"Guardian:Suspension+1","floor":23},{"not_picked":["Guardian:PrimingBeam","Guardian:PrismaticBarrier+1"],"picked":"Guardian:CompilePackage","floor":26},{"not_picked":["Guardian:Suspension","Guardian:PrimingBeam"],"picked":"Guardian:TemporalShield","floor":27},{"not_picked":["Guardian:Clone","Guardian:Incinerate"],"picked":"Guardian:Gem_Blue","floor":28},{"not_picked":["Guardian:Gem_Lightblue","Guardian:GuardianWhirl+1","Guardian:Suspension"],"picked":"SKIP","floor":29},{"not_picked":["Guardian:Gem_Red","Guardian:TemporalShield","Guardian:RollAttack"],"picked":"SKIP","floor":31},{"not_picked":["Guardian:TemporalStrike","Guardian:TimeSifter"],"picked":"Guardian:TemporalShield+1","floor":32},{"not_picked":["Guardian:SphericShield","Guardian:GemFire"],"picked":"Guardian:ExploitGems","floor":33},{"not_picked":["Guardian:CrystalBeam+1","Guardian:FuturePlans"],"picked":"Guardian:Harden","floor":36},{"not_picked":["Guardian:Gem_Cyan","Guardian:GuardianWhirl+1"],"picked":"Guardian:Gem_White","floor":37},{"not_picked":["Guardian:RollAttack+1","Guardian:Gem_Blue"],"picked":"Guardian:WalkerClaw","floor":39},{"not_picked":["Guardian:PrimingBeam+1","Guardian:PiercingHide","Guardian:PrismaticBeam+1"],"picked":"SKIP","floor":43},{"not_picked":["Guardian:Preprogram","Guardian:Clone+1"],"picked":"Guardian:FloatingOrbs+1","floor":44},{"not_picked":["Guardian:Orbwalk","Guardian:Gem_Fragmented"],"picked":"Guardian:Gem_Cyan","floor":46},{"not_picked":["Guardian:PrimingBeam+1","Guardian:RefractedBeam+1","Guardian:Gem_Red"],"picked":"SKIP","floor":48},{"not_picked":["Guardian:BronzeOrb","Guardian:Reroute","Guardian:GuardianWhirl"],"picked":"SKIP","floor":49}],"player_experience":578598,"relics_obtained":[{"floor":7,"key":"Strawberry"},{"floor":12,"key":"Boot"},{"floor":23,"key":"The Courier"},{"floor":29,"key":"Regal Pillow"},{"floor":39,"key":"Torii"},{"floor":41,"key":"MawBank"},{"floor":44,"key":"Blue Candle"},{"floor":46,"key":"Bag of Marbles"}],"event_choices":[{"damage_healed":0,"gold_gain":0,"player_choice":"Fight","damage_taken":0,"max_hp_gain":0,"max_hp_loss":0,"event_name":"Mysterious Sphere","floor":39,"gold_loss":0}],"is_beta":false,"boss_relics":[{"not_picked":["Runic Dome","Calling Bell"],"picked":"Guardian:ModeShifterPlus"},{"not_picked":["Busted Crown","Cursed Key"],"picked":"Astrolabe"}],"items_purged_floors":[8,28],"is_endless":false,"potions_floor_spawned":[3,5,9,12,13,15,22,23,31,33,37,43,46,48,49],"ascension_level":0}}