{"host":"vc42n08di9czm3e7","time":1608748942,"event":{"mods":["AchievementEnabler","Act Like it!","BaseMod","Colored Powertips","Downfall","Friendly Minions","GifTheSpireLib","Jorbs\u0027s Wanderer Trilogy","Minty Spire (QoL Compilation)","Rare Cards Sparkle","StSLib","The Bug Knight"],"gold_per_floor":[99,119,25,48,41,71,95,121,148,166,193,527,527,128,147,147,147,147],"floor_reached":16,"playtime":910,"items_purged":["hexamod:Defend"],"score":104,"play_id":"d04a9ec7-1494-4128-9c47-4943da191fff","local_time":"20201223134222","is_ascension_mode":false,"campfire_choices":[{"data":"hexamod:Sear","floor":1,"key":"SMITH"}],"circlet_count":0,"master_deck":["hexamod:Strike","hexamod:Strike","hexamod:Strike","hexamod:Strike","hexamod:Defend","hexamod:Defend","hexamod:Defend","hexamod:Sear+1","hexamod:Float","hexamod:SoulSteal","hexamod:EmpoweringStance","hexamod:SecondSeal","hexamod:FastForward","hexamod:NightmareGuise","hexamod:GhostShield","hexamod:GhostflameBarrier","hexamod:SpectersWail","hexamod:FifthSeal","hexamod:SixthSeal","hexamod:Rewind+1","hexamod:PhantomFireball","hexamod:ThirdSeal"],"relics":["hexamod:SpiritBrand","TungstenRod","Ornamental Fan","Anchor","Old Coin","Bottled Tornado"],"acts_visited":["Exordium"],"potions_floor_usage":[],"damage_taken":[{"damage":0,"enemies":"Cultist","floor":2,"turns":3},{"damage":0,"enemies":"downfall:FleeingMerchant","floor":3,"turns":4},{"damage":0,"enemies":"Small Slimes","floor":4,"turns":3},{"damage":0,"enemies":"downfall:FleeingMerchant","floor":5,"turns":4},{"damage":0,"enemies":"Jaw Worm","floor":8,"turns":3},{"damage":0,"enemies":"Exordium Thugs","floor":9,"turns":6},{"damage":0,"enemies":"Gremlin Gang","floor":10,"turns":4},{"damage":2,"enemies":"2 Fungi Beasts","floor":11,"turns":3},{"damage":16,"enemies":"3 Sentries","floor":12,"turns":14},{"damage":0,"enemies":"downfall:FleeingMerchant","floor":14,"turns":4},{"damage":0,"enemies":"3 Louse","floor":15,"turns":4},{"damage":44,"enemies":"downfall:Defect","floor":16,"turns":6}],"seed_played":"2938612973928038039","potions_obtained":[{"floor":8,"key":"Swift Potion"},{"floor":9,"key":"Guardian:BlockOnCardUsePotion"},{"floor":11,"key":"FearPotion"}],"is_trial":false,"path_per_floor":["R","M","$","M","$","?","T","M","M","M","M","E","?","$","M","B"],"character_chosen":"THE_SPIRIT","items_purchased":["hexamod:SecondSeal","Bottled Tornado","hexamod:PhantomFireball"],"campfire_rested":0,"item_purchase_floors":[3,14,14],"current_hp_per_floor":[63,63,63,63,63,63,63,63,63,63,61,45,40,40,40,0,0,0],"gold":147,"neow_bonus":"ONE_RARE_RELIC","is_daily":false,"chose_seed":false,"campfire_upgraded":1,"win_rate":0.0,"timestamp":1608748942,"path_taken":["R","M","$","M","$","?","T","M","M","M","M","E","?","$","M","BOSS"],"items_purchased_type":["Card","Relic","Card"],"build_version":"2020-12-13","purchased_purges":1,"victory":false,"max_hp_per_floor":[63,63,63,63,63,63,63,63,63,63,63,63,63,63,63,63,63,63],"card_choices":[{"not_picked":["hexamod:HauntingEcho","hexamod:RainOfEmbers"],"picked":"hexamod:SoulSteal","floor":2},{"not_picked":["hexamod:RainOfEmbers","hexamod:FastForward"],"picked":"hexamod:EmpoweringStance","floor":3},{"not_picked":["hexamod:BacktrackSmack","hexamod:SecondSeal"],"picked":"hexamod:FastForward","floor":4},{"not_picked":["hexamod:CatchUp","hexamod:Incineration"],"picked":"hexamod:NightmareGuise","floor":5},{"not_picked":["hexamod:BacktrackSmack","hexamod:NightmareStrike"],"picked":"hexamod:GhostShield","floor":8},{"not_picked":["hexamod:NightmareGuise","hexamod:GhostLash"],"picked":"hexamod:GhostflameBarrier","floor":9},{"not_picked":["hexamod:ShieldOfDarkness","hexamod:PhantomCloak","hexamod:HauntingEcho"],"picked":"SKIP","floor":10},{"not_picked":["hexamod:Haunt","hexamod:SoulSteal"],"picked":"hexamod:SpectersWail","floor":11},{"not_picked":["hexamod:GhostShield","hexamod:Hexaguard"],"picked":"hexamod:FifthSeal","floor":12},{"not_picked":["hexamod:SecondSeal","hexamod:ThirdSeal"],"picked":"hexamod:SixthSeal","floor":14},{"not_picked":["hexamod:InspiringFlames","hexamod:SwordOfDarkness"],"picked":"hexamod:Rewind","floor":14},{"not_picked":["hexamod:SpectersWail","hexamod:NightmareStrike"],"picked":"hexamod:ThirdSeal","floor":15}],"player_experience":170369,"relics_obtained":[{"floor":7,"key":"Anchor"},{"floor":12,"key":"Old Coin"}],"event_choices":[{"damage_healed":0,"gold_gain":0,"player_choice":"Damaged","damage_taken":6,"max_hp_gain":0,"max_hp_loss":0,"event_name":"Wheel of Change","floor":13,"gold_loss":0}],"is_beta":false,"boss_relics":[],"items_purged_floors":[14],"is_endless":false,"potions_floor_spawned":[8,9,11,12],"killed_by":"downfall:Defect","ascension_level":0}}