{"host":"ci7ivtocgfxh0ueo","time":1608766677,"event":{"mods":["BaseMod","GifTheSpireLib","Minty Spire (QoL Compilation)","StSLib"],"gold_per_floor":[110,57,77,95,370,396,6,20,43,60,60,60],"floor_reached":11,"playtime":354,"items_purged":["Regret"],"score":139,"play_id":"26054bd3-5c64-4d16-ac75-3e17d7fd2007","local_time":"20201224073757","is_ascension_mode":true,"campfire_choices":[],"circlet_count":0,"master_deck":["AscendersBane","Strike_G","Strike_G","Strike_G","Strike_G","Strike_G","Defend_G","Defend_G","Defend_G","Defend_G","Defend_G","Survivor","Neutralize","Riddle With Holes","Sucker Punch","Backstab","Poisoned Stab","Die Die Die","Poisoned Stab","Bouncing Flask","Grand Finale"],"relics":["Ring of the Snake","Blood Vial","Nunchaku","Bag of Marbles"],"acts_visited":["Exordium"],"potions_floor_usage":[6,11,11,11,11],"damage_taken":[{"damage":3,"enemies":"Cultist","floor":1,"turns":4},{"damage":0,"enemies":"Small Slimes","floor":3,"turns":4},{"damage":18,"enemies":"Jaw Worm","floor":4,"turns":6},{"damage":27,"enemies":"3 Sentries","floor":6,"turns":9},{"damage":9,"enemies":"3 Louse","floor":8,"turns":3},{"damage":0,"enemies":"2 Fungi Beasts","floor":10,"turns":1},{"damage":25,"enemies":"Lagavulin","floor":11,"turns":4}],"seed_played":"-6788955229377609778","potions_obtained":[{"floor":1,"key":"Strength Potion"},{"floor":4,"key":"CultistPotion"}],"is_trial":false,"path_per_floor":["M","$","M","M","?","E","$","M","T","M","E"],"character_chosen":"THE_SILENT","items_purchased":["SteroidPotion","EntropicBrew","Die Die Die","Poisoned Stab"],"campfire_rested":0,"item_purchase_floors":[2,7,7,7],"current_hp_per_floor":[58,58,60,44,44,19,19,12,12,14,0,0],"gold":60,"neow_bonus":"RANDOM_COMMON_RELIC","is_daily":false,"chose_seed":false,"campfire_upgraded":0,"win_rate":0.0,"timestamp":1608766677,"path_taken":["M","$","?","M","?","E","$","M","T","?","E"],"items_purchased_type":["Potion","Potion","Card","Card"],"build_version":"2020-12-22","purchased_purges":1,"victory":false,"max_hp_per_floor":[66,66,66,66,66,66,66,66,66,66,66,66],"card_choices":[{"not_picked":["Eviscerate","Blade Dance"],"picked":"Riddle With Holes","floor":1},{"not_picked":["Noxious Fumes","Underhanded Strike"],"picked":"Sucker Punch","floor":3},{"not_picked":["Outmaneuver","Prepared"],"picked":"Backstab","floor":4},{"not_picked":["Deadly Poison","Caltrops"],"picked":"Poisoned Stab","floor":6},{"not_picked":["Cloak And Dagger","Underhanded Strike"],"picked":"Bouncing Flask","floor":8},{"not_picked":["Dagger Spray","Choke"],"picked":"Grand Finale","floor":10}],"player_experience":1283453,"relics_obtained":[{"floor":6,"key":"Nunchaku"},{"floor":9,"key":"Bag of Marbles"}],"event_choices":[{"damage_healed":0,"gold_gain":275,"player_choice":"Desecrate","damage_taken":0,"max_hp_gain":0,"max_hp_loss":0,"event_name":"Golden Shrine","floor":5,"gold_loss":0,"cards_obtained":["Regret"]}],"is_beta":false,"boss_relics":[],"items_purged_floors":[7],"is_endless":false,"potions_floor_spawned":[1,4],"killed_by":"Lagavulin","ascension_level":17}}