{"host":"873t0y8ybyo38pfq","time":1608746814,"event":{"mods":["BaseMod","Colored Map","Highlight Path","Minty Spire (QoL Compilation)","Rare Cards Sparkle","StSLib"],"gold_per_floor":[113,213,230,247,84,111,24,42,42,42,2,2,16,16,16,92,92,105,105,105,115,134,134,47,65,90,190,190,206,206,206,206,280,280,290,290,308,333,359,359,359],"floor_reached":40,"playtime":1774,"items_purged":["Strike_G"],"score":768,"play_id":"a36dcfed-b5fc-4d13-8078-46dee3e8163f","local_time":"20201223130654","is_ascension_mode":true,"campfire_choices":[{"floor":10,"key":"REST"},{"data":"Noxious Fumes","floor":12,"key":"SMITH"},{"floor":15,"key":"REST"},{"floor":23,"key":"REST"},{"floor":28,"key":"REST"},{"floor":32,"key":"REST"}],"circlet_count":0,"master_deck":["AscendersBane","Strike_G+1","Strike_G+1","Defend_G+1","Defend_G+1","Defend_G+1","Defend_G+1","Defend_G+1","Survivor","Neutralize","Footwork","Predator","Noxious Fumes+1","Noxious Fumes","Backflip","Malaise","Backstab","Crippling Poison","Adrenaline","Envenom","Wraith Form v2","Predator","Dash","Dash","Catalyst","After Image","Footwork+1","Pain"],"relics":["Ring of the Snake","NeowsBlessing","Unceasing Top","Letter Opener","Snecko Eye","Tiny Chest","FossilizedHelix","The Courier","InkBottle","WristBlade","WarpedTongs","Torii"],"acts_visited":["Exordium","TheCity","TheBeyond"],"potions_floor_usage":[6,13,27,40,40],"damage_taken":[{"damage":0,"enemies":"2 Louse","floor":1,"turns":1},{"damage":0,"enemies":"Cultist","floor":3,"turns":1},{"damage":0,"enemies":"Small Slimes","floor":4,"turns":1},{"damage":42,"enemies":"Gremlin Nob","floor":6,"turns":5},{"damage":3,"enemies":"2 Fungi Beasts","floor":8,"turns":6},{"damage":1,"enemies":"Looter","floor":11,"turns":4},{"damage":0,"enemies":"Exordium Wildlife","floor":13,"turns":4},{"damage":48,"enemies":"Hexaghost","floor":16,"turns":11},{"damage":5,"enemies":"Spheric Guardian","floor":18,"turns":6},{"damage":2,"enemies":"Chosen","floor":21,"turns":6},{"damage":21,"enemies":"Shelled Parasite and Fungi","floor":22,"turns":7},{"damage":14,"enemies":"Centurion and Healer","floor":25,"turns":6},{"damage":3,"enemies":"Colosseum Slavers","floor":27,"turns":5},{"damage":18,"enemies":"Colosseum Nobs","floor":27,"turns":6},{"damage":7,"enemies":"Sentry and Sphere","floor":29,"turns":7},{"damage":42,"enemies":"Automaton","floor":33,"turns":11},{"damage":0,"enemies":"3 Darklings","floor":35,"turns":5},{"damage":24,"enemies":"3 Shapes","floor":37,"turns":5},{"damage":8,"enemies":"Mind Bloom Boss Battle","floor":38,"turns":8},{"damage":46,"enemies":"Giant Head","floor":40,"turns":7}],"seed_played":"-5196856361229271959","potions_obtained":[{"floor":1,"key":"SkillPotion"},{"floor":6,"key":"GamblersBrew"},{"floor":13,"key":"FairyPotion"},{"floor":22,"key":"GhostInAJar"},{"floor":27,"key":"FearPotion"},{"floor":33,"key":"BlessingOfTheForge"},{"floor":35,"key":"Swift Potion"}],"is_trial":false,"path_per_floor":["M","?","M","M","$","E","$","M","T","R","M","R","M","$","R","B",null,"M","?","?","M","M","R","$","M","T","?","R","M","?","T","R","B",null,"M","?","M","?","T","E"],"character_chosen":"THE_SILENT","items_purchased":["Noxious Fumes","Malaise","Dash"],"campfire_rested":5,"item_purchase_floors":[5,7,24],"current_hp_per_floor":[59,59,59,59,59,17,17,14,14,33,32,32,32,32,51,3,50,45,45,27,25,4,25,25,11,11,15,36,29,29,29,50,8,55,55,55,31,23,23,0,0],"gold":359,"neow_bonus":"THREE_ENEMY_KILL","is_daily":false,"chose_seed":false,"campfire_upgraded":1,"win_rate":0.0,"timestamp":1608746814,"path_taken":["M","?","?","M","$","E","?","M","T","R","?","R","M","$","R","BOSS","M","?","?","M","M","R","$","M","T","?","R","?","?","?","R","BOSS","M","?","?","?","?","E"],"items_purchased_type":["Card","Card","Card"],"build_version":"2020-12-22","purchased_purges":1,"victory":false,"max_hp_per_floor":[66,66,66,66,66,66,66,66,66,66,66,66,66,66,66,66,66,66,66,71,71,71,71,71,71,71,71,71,71,71,71,71,71,71,71,71,71,71,71,71,71],"card_choices":[{"not_picked":["Escape Plan","Outmaneuver"],"picked":"Footwork","floor":1},{"not_picked":["Endless Agony","Flying Knee"],"picked":"Predator","floor":3},{"not_picked":["Infinite Blades","Bane"],"picked":"Noxious Fumes","floor":4},{"not_picked":["Acrobatics","Dagger Spray"],"picked":"Backflip","floor":6},{"not_picked":["Deflect","Flying Knee"],"picked":"Backstab","floor":8},{"not_picked":["Skewer","Prepared","Quick Slash"],"picked":"SKIP","floor":11},{"not_picked":["Terror","Poisoned Stab"],"picked":"Crippling Poison","floor":13},{"not_picked":["Phantasmal Killer","Grand Finale"],"picked":"Adrenaline","floor":16},{"not_picked":["Poisoned Stab+1","Infinite Blades","Slice"],"picked":"SKIP","floor":18},{"not_picked":["Dagger Throw","Flying Knee"],"picked":"Predator","floor":21},{"not_picked":["Riddle With Holes","Setup","Outmaneuver"],"picked":"SKIP","floor":22},{"not_picked":["Escape Plan","Underhanded Strike"],"picked":"Dash","floor":25},{"not_picked":["Underhanded Strike","Escape Plan"],"picked":"Catalyst","floor":29},{"not_picked":["Doppelganger","Night Terror"],"picked":"After Image","floor":33},{"not_picked":["Deadly Poison+1","Backflip"],"picked":"Footwork+1","floor":35},{"not_picked":["Outmaneuver","Sucker Punch+1","Expertise+1"],"picked":"SKIP","floor":37}],"player_experience":1334772,"relics_obtained":[{"floor":6,"key":"Unceasing Top"},{"floor":9,"key":"Letter Opener"},{"floor":26,"key":"Tiny Chest"},{"floor":27,"key":"FossilizedHelix"},{"floor":27,"key":"The Courier"},{"floor":31,"key":"InkBottle"},{"floor":38,"key":"Torii"}],"event_choices":[{"damage_healed":0,"gold_gain":100,"player_choice":"Gold","damage_taken":0,"max_hp_gain":0,"max_hp_loss":0,"event_name":"Wheel of Change","floor":2,"gold_loss":0},{"damage_healed":0,"gold_gain":0,"cards_transformed":["Strike_G","Strike_G"],"player_choice":"Became Test Subject","damage_taken":0,"max_hp_gain":0,"max_hp_loss":0,"event_name":"Drug Dealer","floor":19,"gold_loss":0,"cards_obtained":["Envenom","Wraith Form v2"]},{"damage_healed":0,"gold_gain":0,"player_choice":"Shed Blood","damage_taken":23,"max_hp_gain":5,"max_hp_loss":0,"event_name":"Forgotten Altar","floor":20,"gold_loss":0},{"damage_healed":0,"gold_gain":0,"player_choice":"Fight","damage_taken":0,"max_hp_gain":0,"max_hp_loss":0,"event_name":"Colosseum","floor":27,"gold_loss":0},{"damage_healed":0,"gold_gain":0,"player_choice":"Fought Nobs","damage_taken":0,"max_hp_gain":0,"max_hp_loss":0,"event_name":"Colosseum","floor":27,"gold_loss":0},{"damage_healed":0,"gold_gain":0,"player_choice":"Simplicity","damage_taken":0,"max_hp_gain":0,"max_hp_loss":0,"event_name":"Back to Basics","floor":30,"gold_loss":0,"cards_upgraded":["Strike_G","Strike_G","Defend_G","Defend_G","Defend_G","Defend_G","Defend_G"]},{"damage_healed":0,"gold_gain":0,"player_choice":"Rummage","damage_taken":0,"relics_obtained":["WarpedTongs"],"max_hp_gain":0,"max_hp_loss":0,"event_name":"Accursed Blacksmith","floor":36,"gold_loss":0,"cards_obtained":["Pain"]},{"damage_healed":0,"gold_gain":0,"player_choice":"Fight","damage_taken":0,"max_hp_gain":0,"max_hp_loss":0,"event_name":"MindBloom","floor":38,"gold_loss":0}],"is_beta":false,"boss_relics":[{"not_picked":["Philosopher\u0027s Stone","Tiny House"],"picked":"Snecko Eye"},{"not_picked":["Coffee Dripper","SacredBark"],"picked":"WristBlade"}],"items_purged_floors":[5],"is_endless":false,"potions_floor_spawned":[1,6,13,22,25,27,33,35,37],"killed_by":"Giant Head","ascension_level":20}}