{"host":"kh1j1cf337zr4nij","time":1608694929,"event":{"mods":["2.2 Compatiblity","AchievementEnabler","Act Like it!","Aspiration","BaseMod","Beaked The Cultist","Bestiary","CCEM","Colored Map","Colored Powertips","Conspire","Downfall","Energized Spire","Friendly Minions","FruityMod","GifTheSpireLib","Halation","Hermit","Highlight Path","Hubris","Jedi Mod","Minty Spire (QoL Compilation)","Quick Restart","Random Character Button","Relic Stats","Replay The Spire","StSLib","Stuff the Spire","SuperFastMode","Synergy Search","The Mystic","The Necromancer","TheFirefly","Trackpad","vexMod"],"gold_per_floor":[99,99,99,109,109,125,142,154,177,196,213,138,157,167,167,183,194,194,194],"floor_reached":18,"playtime":1354,"items_purged":[],"score":110,"play_id":"4da46d0b-2648-4dee-8faf-09d74ab6482f","local_time":"20201222224209","is_ascension_mode":false,"campfire_choices":[{"floor":3,"key":"RECALL"},{"data":"thefirefly:QuantumTunneling","floor":12,"key":"SMITH"}],"circlet_count":0,"master_deck":["thefirefly:Strike","thefirefly:Strike","thefirefly:Strike","thefirefly:Defend","thefirefly:Defend","thefirefly:Defend","thefirefly:Defend","thefirefly:StealthMode","thefirefly:PhotonBlast","thefirefly:InterceptingShot","thefirefly:Cosmogenesis","thefirefly:Reposition","thefirefly:ShieldGenerator","thefirefly:Preload","thefirefly:QuantumTunneling+1","thefirefly:ShieldGenerator","thefirefly:Pacify","thefirefly:Lamentation","thefirefly:Nova"],"relics":["thefirefly:StealthSystem","Bag of Marbles","downfall:HeartBlessingRed"],"acts_visited":["Exordium"],"potions_floor_usage":[18,18,18],"damage_taken":[{"damage":13,"enemies":"Jaw Worm","floor":4,"turns":6},{"damage":2,"enemies":"Cultist","floor":6,"turns":5},{"damage":3,"enemies":"Small Slimes","floor":7,"turns":5},{"damage":4,"enemies":"Red Slaver","floor":8,"turns":7},{"damage":1,"enemies":"Exordium Thugs","floor":10,"turns":7},{"damage":0,"enemies":"Gremlin Gang","floor":11,"turns":7},{"damage":1,"enemies":"2 Fungi Beasts","floor":13,"turns":4},{"damage":3,"enemies":"Large Slime","floor":14,"turns":8},{"damage":0,"enemies":"Blue Slaver","floor":16,"turns":7},{"damage":0,"enemies":"Red Slaver","floor":17,"turns":6},{"damage":34,"enemies":"downfall:Ironclad","floor":18,"turns":13}],"seed_played":"-7439282031727563631","potions_obtained":[{"floor":7,"key":"Swift Potion"},{"floor":11,"key":"LifebloodPotion"},{"floor":14,"key":"SteroidPotion"},{"floor":17,"key":"Elixir"}],"is_trial":false,"path_per_floor":["PTL","PTL","R","M","?","M","M","M","T","M","M","R","M","M","?","M","M","B"],"character_chosen":"THE_FIREFLY","items_purchased":[],"campfire_rested":0,"item_purchase_floors":[],"current_hp_per_floor":[60,60,60,47,47,45,42,38,38,37,37,37,36,33,33,33,33,0,0],"gold":194,"neow_bonus":"TEN_PERCENT_HP_BONUS","is_daily":false,"chose_seed":false,"campfire_upgraded":1,"win_rate":0.0,"timestamp":1608694929,"path_taken":["PTL","PTL","R","M","?","M","M","M","T","M","?","R","M","M","?","M","M","BOSS"],"items_purchased_type":[],"build_version":"2020-12-13","purchased_purges":0,"victory":false,"max_hp_per_floor":[60,60,60,60,60,60,60,60,60,60,60,60,60,60,60,60,60,60,60],"relic_stats":{"counters":[11,75],"obtain_stats":[{"thefirefly:StealthSystem":0,"downfall:HeartBlessingRed":12,"Bag of Marbles":9},{"thefirefly:StealthSystem":0,"downfall:HeartBlessingRed":6,"Bag of Marbles":4},{"thefirefly:StealthSystem":0,"downfall:HeartBlessingRed":37,"Bag of Marbles":23}]},"card_choices":[{"not_picked":["thefirefly:SteadyAim","thefirefly:Lamentation"],"picked":"thefirefly:InterceptingShot","floor":4},{"not_picked":["thefirefly:ArtillleryBeam","thefirefly:HyperFocus"],"picked":"thefirefly:Reposition","floor":6},{"not_picked":["thefirefly:LaserMail","thefirefly:RecollectionSubroutine"],"picked":"thefirefly:ShieldGenerator","floor":7},{"not_picked":["thefirefly:InterceptingShot","thefirefly:Teleport"],"picked":"thefirefly:Preload","floor":8},{"not_picked":["thefirefly:RecollectionSubroutine","thefirefly:EvasiveManeuver"],"picked":"thefirefly:QuantumTunneling","floor":10},{"not_picked":["thefirefly:Pacify","thefirefly:FlareScreen"],"picked":"thefirefly:ShieldGenerator","floor":11},{"not_picked":["thefirefly:RollBack","thefirefly:IonizedBarrier"],"picked":"thefirefly:Pacify","floor":13},{"not_picked":["thefirefly:Rend","thefirefly:PhantomStrike"],"picked":"thefirefly:Lamentation","floor":14},{"not_picked":["thefirefly:Boost","thefirefly:Bombardment"],"picked":"thefirefly:Nova","floor":16},{"not_picked":["thefirefly:RecollectionSubroutine","thefirefly:AccountUncertainty","thefirefly:SteadyAim"],"picked":"SKIP","floor":17}],"player_experience":19660,"relics_obtained":[{"floor":9,"key":"Bag of Marbles"}],"event_choices":[{"damage_healed":0,"gold_gain":0,"cards_transformed":["thefirefly:Strike"],"player_choice":"Transformed","damage_taken":0,"max_hp_gain":0,"max_hp_loss":0,"event_name":"Transmorgrifier","floor":5,"gold_loss":0,"cards_obtained":["thefirefly:Cosmogenesis"]}],"is_beta":false,"boss_relics":[],"items_purged_floors":[],"is_endless":false,"potions_floor_spawned":[7,11,14,17],"killed_by":"downfall:Ironclad","ascension_level":0}}