{"host":"8aazbu429xvxw5ti","time":1608709170,"event":{"mods":["2.2 Compatiblity","BaseMod","Colored Map","DeckTracker","Highlight Path","Keyboard Shortcuts","Minty Spire (QoL Compilation)","Permanent Neow","Quick Restart","StSLib","SuperFastMode","everything is the same but u backflip on backflip"],"gold_per_floor":[215,69,88,104,104,104,129,129,129,29,48,48,65,80,80,178,178,198,211,211,211],"floor_reached":20,"playtime":767,"items_purged":["Defend_R","Defend_R"],"score":264,"play_id":"960fcdb7-7ae8-4504-9c8f-920d64562b67","local_time":"20201223163930","is_ascension_mode":true,"campfire_choices":[{"data":"Flex","floor":6.0,"key":"SMITH"},{"data":"Hemokinesis","floor":8.0,"key":"SMITH"},{"floor":12.0,"key":"REST"},{"data":"Bash","floor":15.0,"key":"SMITH"}],"circlet_count":0,"master_deck":["AscendersBane","Strike_R","Strike_R","Strike_R","Strike_R","Strike_R","Defend_R","Bash+1","Hemokinesis+1","Flex+1","Battle Trance","Offering"],"relics":["Burning Blood","CaptainsWheel","Singing Bowl","Black Star"],"acts_visited":["Exordium","TheCity"],"potions_floor_usage":[],"damage_taken":[{"damage":12.0,"enemies":"Jaw Worm","floor":1.0,"turns":2.0},{"damage":5.0,"enemies":"Cultist","floor":3.0,"turns":3.0},{"damage":8.0,"enemies":"Small Slimes","floor":4.0,"turns":2.0},{"damage":41.0,"enemies":"Lagavulin","floor":7.0,"turns":5.0},{"damage":21.0,"enemies":"Exordium Thugs","floor":11.0,"turns":3.0},{"damage":2.0,"enemies":"Gremlin Gang","floor":13.0,"turns":2.0},{"damage":10.0,"enemies":"Blue Slaver","floor":14.0,"turns":2.0},{"damage":37.0,"enemies":"Hexaghost","floor":16.0,"turns":5.0},{"damage":27.0,"enemies":"2 Thieves","floor":18.0,"turns":3.0},{"damage":10.0,"enemies":"Spheric Guardian","floor":19.0,"turns":2.0},{"damage":0,"enemies":"Snake Plant","floor":20,"turns":1}],"seed_played":"7488251918644048809","potions_obtained":[{"floor":1.0,"key":"Explosive Potion"},{"floor":7.0,"key":"BlessingOfTheForge"},{"floor":11.0,"key":"AttackPotion"},{"floor":13.0,"key":"GamblersBrew"},{"floor":18.0,"key":"Dexterity Potion"},{"floor":19.0,"key":"CultistPotion"}],"is_trial":false,"path_per_floor":["M","$","M","M","?","R","E","R","T","$","M","R","M","M","R","B",null,"M","M","M"],"character_chosen":"IRONCLAD","items_purchased":["Hemokinesis"],"campfire_rested":1,"item_purchase_floors":[2],"current_hp_per_floor":[66,66,67,65,65,65,30,30,30,30,17,41,47,45,45,14,68,49,47,47,47],"gold":211,"neow_bonus":"HUNDRED_GOLD","is_daily":false,"chose_seed":false,"campfire_upgraded":3,"win_rate":0.0,"timestamp":1608709170,"path_taken":["M","$","M","M","?","R","E","R","T","$","M","R","?","M","R","BOSS","M","M","M"],"items_purchased_type":["Card"],"build_version":"2020-12-22","purchased_purges":2,"victory":false,"max_hp_per_floor":[80,80,80,80,80,80,80,80,80,80,82,82,84,86,86,86,86,88,90,90,90],"card_choices":[{"not_picked":["Metallicize","Headbutt","Dual Wield"],"picked":"SKIP","floor":1.0},{"not_picked":["Anger","Flame Barrier"],"picked":"Flex","floor":3.0},{"not_picked":["Clothesline","Twin Strike","Clash"],"picked":"SKIP","floor":4.0},{"not_picked":["Disarm","Demon Form"],"picked":"Battle Trance","floor":7.0},{"not_picked":["Inflame","Body Slam","Searing Blow"],"picked":"Singing Bowl","floor":11.0},{"not_picked":["Heavy Blade","Pommel Strike","Shrug It Off"],"picked":"Singing Bowl","floor":13.0},{"not_picked":["Body Slam","Inflame","Entrench"],"picked":"Singing Bowl","floor":14.0},{"not_picked":["Barricade","Corruption"],"picked":"Offering","floor":16.0},{"not_picked":["Anger","Havoc","Sword Boomerang"],"picked":"Singing Bowl","floor":18.0},{"not_picked":["Clothesline","Shockwave","Shrug It Off"],"picked":"Singing Bowl","floor":19.0}],"player_experience":434506,"relics_obtained":[{"floor":7.0,"key":"CaptainsWheel"},{"floor":9.0,"key":"Singing Bowl"}],"event_choices":[{"cards_removed":["Defend_R"],"damage_healed":0.0,"max_hp_gain":0.0,"max_hp_loss":0.0,"gold_gain":0.0,"event_name":"Purifier","player_choice":"Purged","floor":5.0,"gold_loss":0.0,"damage_taken":0.0}],"is_beta":false,"boss_relics":[{"not_picked":["Coffee Dripper","Pandora\u0027s Box"],"picked":"Black Star"}],"items_purged_floors":[2,10],"is_endless":false,"potions_floor_spawned":[1,7,11,13,18,19],"killed_by":"Snake Plant","ascension_level":10}}