{"host":"kpyoctgc7jne3jiy","time":1608736065,"event":{"mods":["AchievementEnabler","BaseMod","Minty Spire (QoL Compilation)"],"gold_per_floor":[114,114,133,152,58,96,171,171,171,190,190,228,228,266,266,391,391,410,429,448,448,467,467,486,524,524,57,57,76,76,95,95,220,220,239,258,258,277,99,137,156,156,156,194,194,213,232,232,232,232],"floor_reached":51,"playtime":5850,"items_purged":[],"score":799,"play_id":"2e0548f5-2c7a-4cfe-b160-e94a561a776e","local_time":"20201223160745","daily_mods":["SealedDeck","Red Cards","Night Terrors"],"is_ascension_mode":false,"campfire_choices":[{"floor":8.0,"key":"REST"},{"data":"Rage","floor":11.0,"key":"SMITH"},{"data":"Ragnarok","floor":13.0,"key":"SMITH"},{"data":"Dark Shackles","floor":15.0,"key":"SMITH"},{"data":"Armaments","floor":23.0,"key":"SMITH"},{"data":"ClearTheMind","floor":30.0,"key":"SMITH"},{"data":"FlurryOfBlows","floor":32.0,"key":"SMITH"},{"data":"Apotheosis","floor":42,"key":"SMITH"},{"floor":49,"key":"REST"}],"circlet_count":0,"master_deck":["CutThroughFate","CrushJoints","Evaluate","Shrug It Off","FlurryOfBlows+1","EmptyFist","ClearTheMind","Indignation","Rage+1","Wallop","Crescendo","Dark Shackles+1","ClearTheMind+1","Pommel Strike","Ragnarok+1","CutThroughFate","Offering","Armaments+1","Havoc+1","Spot Weakness+1","SandsOfTime+1","Entrench+1","Burning Pact","Tantrum","Vault","Feel No Pain","EmptyFist+1","Apotheosis+1","Bloodletting+1","Inflame+1"],"relics":["PureWater","Golden Idol","Blue Candle","StrikeDummy","Question Card","StoneCalendar","Runic Pyramid","Smiling Mask","Dead Branch","Eternal Feather","Lee\u0027s Waffle","VioletLotus","MealTicket","Nunchaku","CaptainsWheel","Gambling Chip"],"acts_visited":["Exordium","TheCity","TheBeyond"],"potions_floor_usage":[41,50,50,50,50,50],"damage_taken":[{"damage":0.0,"enemies":"2 Louse","floor":1.0,"turns":2.0},{"damage":0.0,"enemies":"Jaw Worm","floor":3.0,"turns":3.0},{"damage":0.0,"enemies":"Small Slimes","floor":4.0,"turns":3.0},{"damage":16.0,"enemies":"Gremlin Nob","floor":6.0,"turns":3.0},{"damage":0.0,"enemies":"2 Fungi Beasts","floor":10.0,"turns":3.0},{"damage":9.0,"enemies":"3 Sentries","floor":12.0,"turns":4.0},{"damage":0.0,"enemies":"Lagavulin","floor":14.0,"turns":4.0},{"damage":8.0,"enemies":"Hexaghost","floor":16.0,"turns":7.0},{"damage":0.0,"enemies":"Shell Parasite","floor":18.0,"turns":5.0},{"damage":6.0,"enemies":"3 Byrds","floor":19.0,"turns":3.0},{"damage":17.0,"enemies":"Snecko","floor":20.0,"turns":6.0},{"damage":13.0,"enemies":"Shelled Parasite and Fungi","floor":22.0,"turns":2.0},{"damage":11.0,"enemies":"Snake Plant","floor":24.0,"turns":2.0},{"damage":18.0,"enemies":"Slavers","floor":25.0,"turns":4.0},{"damage":6.0,"enemies":"Centurion and Healer","floor":29.0,"turns":2.0},{"damage":0.0,"enemies":"Snecko","floor":31.0,"turns":2.0},{"damage":6.0,"enemies":"Collector","floor":33.0,"turns":4.0},{"damage":6.0,"enemies":"3 Darklings","floor":35.0,"turns":3.0},{"damage":2,"enemies":"3 Shapes","floor":36,"turns":4},{"damage":0,"enemies":"Transient","floor":38,"turns":6},{"damage":6,"enemies":"Nemesis","floor":40,"turns":4},{"damage":0,"enemies":"Maw","floor":41,"turns":6},{"damage":3,"enemies":"Giant Head","floor":44,"turns":5},{"damage":6,"enemies":"Writhing Mass","floor":46,"turns":5},{"damage":30,"enemies":"Jaw Worm Horde","floor":47,"turns":3},{"damage":13,"enemies":"Donu and Deca","floor":50,"turns":5}],"seed_played":"4926568582952100995","potions_obtained":[{"floor":1.0,"key":"EntropicBrew"},{"floor":3.0,"key":"Dexterity Potion"},{"floor":4.0,"key":"ColorlessPotion"},{"floor":14.0,"key":"DistilledChaos"},{"floor":20.0,"key":"GamblersBrew"},{"floor":22.0,"key":"PowerPotion"},{"floor":24.0,"key":"StancePotion"},{"floor":25.0,"key":"DistilledChaos"},{"floor":31.0,"key":"CultistPotion"},{"floor":38,"key":"SteroidPotion"},{"floor":40,"key":"CultistPotion"},{"floor":46,"key":"BottledMiracle"}],"is_trial":false,"path_per_floor":["M","?","M","M","$","E","?","R","T","M","R","E","R","E","R","B",null,"M","M","M","?","M","R","M","E","T","$","?","M","R","M","R","B",null,"M","M","?","M","$","E","M","R","T","E","?","M","M","?","R","B",null],"character_chosen":"WATCHER","items_purchased":["Dark Shackles","Eternal Feather","Burning Pact","Lee\u0027s Waffle","Apotheosis"],"campfire_rested":2,"item_purchase_floors":[5,27,27,27,39],"current_hp_per_floor":[72,54,54,54,54,38,27,67,67,67,67,58,58,58,58,50,67,67,61,44,44,31,31,20,2,2,74,74,68,74,74,74,68,74,68,66,66,66,66,60,60,74,74,71,71,65,35,35,69,56],"gold":232,"neow_bonus":"","is_daily":true,"chose_seed":false,"campfire_upgraded":7,"win_rate":0.0,"timestamp":1608736065,"path_taken":["M","?","M","M","$","E","?","R","T","M","R","E","R","E","R","BOSS","M","M","M","?","M","R","M","E","T","$","?","M","R","M","R","BOSS","M","M","?","M","$","E","M","R","T","E","?","M","M","?","R","BOSS"],"items_purchased_type":["Card","Relic","Card","Relic","Card"],"build_version":"2020-12-22","purchased_purges":0,"victory":true,"max_hp_per_floor":[72,72,72,72,72,72,72,67,67,67,67,67,67,67,67,67,67,67,67,67,67,67,67,67,67,67,74,74,74,74,74,74,74,74,74,74,74,74,74,74,74,74,74,74,74,74,74,74,69,69],"card_choices":[{"not_picked":["Blood for Blood","Sword Boomerang"],"picked":"Wallop","floor":1.0},{"not_picked":["Consecrate","Second Wind"],"picked":"SashWhip","floor":3.0},{"not_picked":["Burning Pact","WindmillStrike"],"picked":"Crescendo","floor":4.0},{"not_picked":["Corruption","WreathOfFlame"],"picked":"ClearTheMind","floor":6.0},{"not_picked":["JustLucky","Burning Pact"],"picked":"Pommel Strike","floor":10.0},{"not_picked":["Combust","FlyingSleeves"],"picked":"Ragnarok","floor":12.0},{"not_picked":["Iron Wave","Flex","Nirvana"],"picked":"CutThroughFate","floor":14.0},{"not_picked":["Feed","Blasphemy","Omniscience"],"picked":"Offering","floor":16.0},{"not_picked":["Havoc","Shrug It Off","Cleave+1"],"picked":"Armaments","floor":18.0},{"not_picked":["Prostrate","Thunderclap","Flex+1"],"picked":"Havoc+1","floor":19.0},{"not_picked":["Sentinel","Sever Soul","PathToVictory"],"picked":"Spot Weakness+1","floor":20.0},{"not_picked":["Thunderclap","SashWhip","Crescendo"],"picked":"SandsOfTime+1","floor":22.0},{"not_picked":["BowlingBash","ConjureBlade","True Grit","Wild Strike"],"picked":"SKIP","floor":24.0},{"not_picked":["Headbutt","Hemokinesis","Shockwave+1"],"picked":"Entrench+1","floor":25.0},{"not_picked":["Shrug It Off","Sever Soul","ReachHeaven"],"picked":"Tantrum","floor":29.0},{"not_picked":["Hemokinesis","CutThroughFate","Twin Strike","Wild Strike"],"picked":"SKIP","floor":31.0},{"not_picked":["Demon Form","Feed","Juggernaut"],"picked":"Vault","floor":33.0},{"not_picked":["Warcry+1","PathToVictory+1","EmptyFist+1"],"picked":"Feel No Pain","floor":35.0},{"not_picked":["Dropkick","PathToVictory","CarveReality"],"picked":"EmptyFist+1","floor":36},{"not_picked":["BowlingBash+1","Thunderclap","SignatureMove","CutThroughFate+1"],"picked":"SKIP","floor":38},{"not_picked":["Pommel Strike","Thunderclap","FlurryOfBlows","Entrench+1"],"picked":"SKIP","floor":40},{"not_picked":["PathToVictory+1","Weave+1","Corruption","Twin Strike+1"],"picked":"SKIP","floor":41},{"not_picked":["Clash+1","Body Slam+1","Brutality"],"picked":"Bloodletting+1","floor":44},{"not_picked":["Perfected Strike+1","Meditate","Shrug It Off+1"],"picked":"Inflame+1","floor":46},{"not_picked":["Rampage+1","Protect","Heavy Blade+1","SashWhip+1"],"picked":"SKIP","floor":47}],"player_experience":240210,"relics_obtained":[{"floor":6.0,"key":"Blue Candle"},{"floor":9.0,"key":"StrikeDummy"},{"floor":12.0,"key":"Question Card"},{"floor":14.0,"key":"StoneCalendar"},{"floor":25.0,"key":"Smiling Mask"},{"floor":26.0,"key":"Dead Branch"},{"floor":40,"key":"MealTicket"},{"floor":43,"key":"Nunchaku"},{"floor":44,"key":"CaptainsWheel"},{"floor":48,"key":"Gambling Chip"}],"event_choices":[{"damage_healed":0.0,"max_hp_gain":0.0,"max_hp_loss":0.0,"gold_gain":0.0,"event_name":"Golden Idol","player_choice":"Take Damage","floor":2.0,"gold_loss":0.0,"damage_taken":18.0,"relics_obtained":["Golden Idol"]},{"damage_healed":0.0,"max_hp_gain":0.0,"max_hp_loss":0.0,"gold_gain":75.0,"event_name":"World of Goop","player_choice":"Gather Gold","floor":7.0,"gold_loss":0.0,"damage_taken":11.0},{"damage_healed":0.0,"max_hp_gain":0.0,"max_hp_loss":0.0,"gold_gain":0.0,"event_name":"Vampires","player_choice":"Ignored","floor":21.0,"gold_loss":0.0,"damage_taken":0.0},{"cards_removed":["Shockwave"],"damage_healed":0.0,"max_hp_gain":0.0,"max_hp_loss":0.0,"gold_gain":0.0,"event_name":"Back to Basics","player_choice":"Elegance","floor":28.0,"gold_loss":0.0,"damage_taken":0.0},{"cards_removed":["SashWhip"],"damage_healed":0,"gold_gain":0,"player_choice":"Removed Attack","damage_taken":0,"max_hp_gain":0,"max_hp_loss":0,"event_name":"Falling","floor":37,"gold_loss":0},{"damage_healed":0,"gold_gain":0,"player_choice":"Ignored","damage_taken":0,"max_hp_gain":0,"max_hp_loss":0,"event_name":"The Moai Head","floor":45,"gold_loss":0},{"damage_healed":0,"gold_gain":0,"player_choice":"Relic","damage_taken":0,"max_hp_gain":0,"max_hp_loss":0,"event_name":"Wheel of Change","floor":48,"gold_loss":0}],"is_beta":false,"boss_relics":[{"not_picked":["Busted Crown","Ectoplasm"],"picked":"Runic Pyramid"},{"not_picked":["SlaversCollar","Astrolabe"],"picked":"VioletLotus"}],"items_purged_floors":[],"is_endless":false,"potions_floor_spawned":[1,3,4,14,20,22,24,25,31,38,40,46],"ascension_level":0}}