{"host":"qw1m3zcvi888b4j7","time":1608709812,"event":{"mods":["AchievementEnabler","Act Like it!","BaseMod","Block Reminder","Colored Map","Colored Powertips","Curses Come First","DeckTracker","Hermit","Highlight Path","Hubris","Minty Spire (QoL Compilation)","Quick Restart","Rare Cards Sparkle","Relic Sorter","Relic Stats","Replay The Spire","StSLib","SuperFastMode","The Blue Laboratory","The Cursed","The Servant 0.9.4","everything is the same but u backflip on backflip"],"gold_per_floor":[115,163,16,16,27,27,45,45,45,45,45,78,91,40,40,144,144,155,171,96,96,113,113,113],"floor_reached":23,"playtime":662,"items_purged":[],"score":198,"play_id":"bf1665d0-9ad9-47fc-b5a4-e50fe72c5234","local_time":"20201223085012","is_ascension_mode":true,"campfire_choices":[{"floor":6,"key":"RECALL"},{"data":"ReplayReversal","floor":8,"key":"SMITH"},{"data":"Havoc","floor":11,"key":"SMITH"},{"data":"ReplayTheSpireMod:LeadingStrike","floor":15,"key":"SMITH"}],"circlet_count":0,"master_deck":["Strike_R","Strike_R","Strike_R","Strike_R","Strike_R","Defend_R","Defend_R+1","Defend_R","Defend_R+1","Bash","Havoc+1","ReplayReversal+1","Iron Wave","hubris:StunningStrike","ReplayTheSpireMod:LeadingStrike+1","Fire Breathing","Fire Breathing","Fiend Fire","Sentinel+1","Run Through+1","Anger+1"],"relics":["Burning Blood","NeowsBlessing","Blood Vial","Medical Kit","Ring of Peace","Ring of Hypnosis","Iron Hammer","Simple Rune","hubris:ScarierMask","Enchiridion"],"acts_visited":["Exordium","TheCity"],"potions_floor_usage":[12,16],"damage_taken":[{"damage":0,"enemies":"Cultist","floor":1,"turns":1},{"damage":0,"enemies":"2 Louse","floor":5,"turns":1},{"damage":0,"enemies":"Small Slimes","floor":7,"turns":1},{"damage":13,"enemies":"Gremlin Nob","floor":12,"turns":6},{"damage":0,"enemies":"Exordium Wildlife","floor":13,"turns":4},{"damage":30,"enemies":"The Guardian","floor":16,"turns":10},{"damage":12,"enemies":"Shell Parasite","floor":18,"turns":8},{"damage":26,"enemies":"Chosen","floor":19,"turns":7},{"damage":18,"enemies":"Snecko","floor":22,"turns":8},{"damage":41,"enemies":"Gremlin Leader","floor":23,"turns":6}],"seed_played":"1277366964913894092","potions_obtained":[{"floor":1,"key":"blueLaboratory:FrostheartPotion"},{"floor":13,"key":"blueLaboratory:BottleOfVodka"}],"is_trial":false,"path_per_floor":["M","T","$","?","M","R","M","R","T","?","R","E","M","$","R","B",null,"M","M","?","?","M","E"],"character_chosen":"IRONCLAD","items_purchased":["Medical Kit","Fire Breathing"],"campfire_rested":0,"item_purchase_floors":[3,14],"current_hp_per_floor":[80,80,80,80,80,80,80,80,80,68,68,63,71,71,71,49,80,74,56,56,40,30,0,0],"gold":113,"neow_bonus":"THREE_ENEMY_KILL","is_daily":false,"chose_seed":false,"campfire_upgraded":3,"win_rate":0.0,"timestamp":1608709812,"path_taken":["M","?","$","?","M","R","M","R","T","?","R","E","M","$","R","BOSS","M","M","?","?","M","E"],"items_purchased_type":["Relic","Card"],"build_version":"2020-12-13","purchased_purges":0,"victory":false,"max_hp_per_floor":[80,80,80,80,80,80,80,80,80,80,80,80,80,80,80,80,80,80,80,80,80,80,80,80],"relic_stats":{"Blood Vial":12,"counters":[10,52],"Medical Kit":[1],"obtain_stats":[{"Blood Vial":2,"NeowsBlessing":0,"Ring of Hypnosis":4,"Ring of Peace":4,"hubris:ScarierMask":17,"Enchiridion":21,"Simple Rune":12,"Iron Hammer":10,"Medical Kit":3,"Burning Blood":0},{"Blood Vial":1,"NeowsBlessing":0,"Ring of Hypnosis":1,"Ring of Peace":1,"hubris:ScarierMask":6,"Enchiridion":8,"Simple Rune":4,"Iron Hammer":3,"Medical Kit":1,"Burning Blood":0},{"Blood Vial":1,"NeowsBlessing":0,"Ring of Hypnosis":1,"Ring of Peace":1,"hubris:ScarierMask":23,"Enchiridion":38,"Simple Rune":9,"Iron Hammer":3,"Medical Kit":1,"Burning Blood":0}],"Burning Blood":36},"card_choices":[{"not_picked":["Body Slam","Sentinel"],"picked":"Havoc","floor":1},{"not_picked":["Body Slam","True Grit"],"picked":"ReplayReversal","floor":5},{"not_picked":["Perfected Strike","Pommel Strike"],"picked":"Iron Wave","floor":7},{"not_picked":["hubris:ReadiedAction","Iron Wave"],"picked":"hubris:StunningStrike","floor":12},{"not_picked":["Anger","Power Through"],"picked":"ReplayTheSpireMod:LeadingStrike","floor":13},{"not_picked":["Exhume","Corruption"],"picked":"Fiend Fire","floor":16},{"not_picked":["Power Through","ReplayTheSpireMod:Stacked+1"],"picked":"Sentinel+1","floor":18},{"not_picked":["Shrug It Off","Thunderclap"],"picked":"Run Through+1","floor":19},{"not_picked":["Replay:Undeath\u0027s Touch","Abandon+1"],"picked":"Anger+1","floor":22}],"player_experience":126172,"relics_obtained":[{"floor":2,"key":"Blood Vial"},{"floor":4,"key":"Ring of Peace"},{"floor":4,"key":"Ring of Hypnosis"},{"floor":12,"key":"Simple Rune"},{"floor":21,"key":"Enchiridion"}],"event_choices":[{"damage_healed":0,"gold_gain":0,"player_choice":"Success","damage_taken":12,"relics_obtained":["Iron Hammer"],"max_hp_gain":0,"max_hp_loss":0,"event_name":"Scrap Ooze","floor":10,"gold_loss":0},{"cards_removed":["Doubt"],"damage_healed":0,"gold_gain":0,"player_choice":"Gave Gold","damage_taken":0,"max_hp_gain":0,"max_hp_loss":0,"event_name":"Beggar","floor":20,"gold_loss":75},{"damage_healed":0,"gold_gain":0,"player_choice":"Obtained Book","damage_taken":16,"max_hp_gain":0,"max_hp_loss":0,"event_name":"Cursed Tome","floor":21,"gold_loss":0}],"is_beta":false,"boss_relics":[{"not_picked":["Sozu","Electric Blood"],"picked":"hubris:ScarierMask"}],"items_purged_floors":[],"is_endless":false,"potions_floor_spawned":[1,13],"killed_by":"Gremlin Leader","ascension_level":1}}