{"host":"pqhwp6kmk3x070f7","time":1608692206,"event":{"mods":["Act Like it!","BaseMod","Better Altar","Better Match","Better Note","Better Sensory Stone","Better Skull","Better Third Choice","Downfall","Energized Spire","Hallownest","Hubris","Infinite Spire","Minty Spire (QoL Compilation)","Replay The Spire","StSLib","The Animator","The Bug Knight","The Marked"],"gold_per_floor":[111,111,130,148,0,0,27,27,27,27,27,42,42,42,42,142,142,156,156,222,234,234,261,261,261,261,261,274,308,324,334,334,430,430,441,441,341,341,355,355,37,37,37,187,198,231,231,246,246,246],"floor_reached":51,"playtime":4217,"items_purged":["theMarked:Strike","theMarked:Strike","theMarked:Strike"],"score":736,"play_id":"77b231e9-e10e-4268-804d-e9925d979f76","local_time":"20201222185646","is_ascension_mode":false,"campfire_choices":[{"data":"theMarked:Reabsorb","floor":6,"key":"SMITH"},{"data":"theMarked:Panic","floor":8,"key":"SMITH"},{"data":"theMarked:MagicAdept","floor":11,"key":"SMITH"},{"floor":15,"key":"REST"},{"data":"theMarked:TurnInvisible","floor":24,"key":"SMITH"},{"data":"theMarked:MaelstromOfLightning","floor":27,"key":"SMITH"},{"floor":32,"key":"REST"},{"floor":40,"key":"REST"},{"data":"ReplayTheSpireMod:Faulty Equipment","floor":47,"key":"SMITH"},{"floor":49,"key":"REST"}],"circlet_count":0,"master_deck":["theMarked:TakeOffHeels","theMarked:Defend","theMarked:Defend","theMarked:Defend","theMarked:Defend","theMarked:SoldierOfQuellstein","theMarked:Reabsorb+1","theMarked:MagicAdept+1","theMarked:Panic+1","theMarked:Static","theMarked:MagicAdept+1","theMarked:DispelDoubt","theMarked:MaelstromOfLightning+1","theMarked:TurnInvisible+1","theMarked:Convert+1","Madness","Madness","Panache+1"],"relics":["theMarked:ArtifactOfAir","hubris:Metronome","Frozen Egg 2","White Beast Statue","Toy Ornithopter","hubris:ScarierMask","Centennial Puzzle","Strawberry","PrismaticShard","Sundial","Quantum Egg","energizedSpire:MagnifyingGlass","ClockworkSouvenir","Blue Doll","ReplayTheSpireMod:CursedCoin","infinitespire:Lucky Rock"],"acts_visited":["Exordium","TheCity","TheBeyond"],"potions_floor_usage":[7,7,23,30,35,50,50],"damage_taken":[{"damage":0,"enemies":"Jaw Worm","floor":1,"turns":4},{"damage":0,"enemies":"Small Slimes","floor":3,"turns":3},{"damage":0,"enemies":"2 Louse","floor":4,"turns":2},{"damage":11,"enemies":"HollowMod:MossKnight","floor":7,"turns":7},{"damage":6,"enemies":"Exordium Thugs","floor":12,"turns":3},{"damage":41,"enemies":"The Guardian","floor":16,"turns":7},{"damage":0,"enemies":"Spheric Guardian","floor":18,"turns":3},{"damage":8,"enemies":"Shell Parasite","floor":21,"turns":5},{"damage":0,"enemies":"Gremlin Leader","floor":23,"turns":6},{"damage":0,"enemies":"Centurion and Healer","floor":28,"turns":3},{"damage":23,"enemies":"Nightmare","floor":29,"turns":6},{"damage":13,"enemies":"Cultist and Chosen","floor":30,"turns":4},{"damage":5,"enemies":"Shelled Parasite and Fungi","floor":31,"turns":2},{"damage":36,"enemies":"hubris:MusketHawk","floor":33,"turns":6},{"damage":2,"enemies":"3 Shapes","floor":35,"turns":3},{"damage":12,"enemies":"3 Darklings","floor":39,"turns":5},{"damage":15,"enemies":"Maw","floor":45,"turns":5},{"damage":0,"enemies":"Reptomancer","floor":46,"turns":3},{"damage":2,"enemies":"Sphere and 2 Shapes","floor":48,"turns":3},{"damage":77,"enemies":"Time Eater","floor":50,"turns":5}],"seed_played":"2527109925829641051","potions_obtained":[{"floor":1,"key":"Languid Potion"},{"floor":3,"key":"FairyPotion"},{"floor":4,"key":"Dexterity Potion"},{"floor":12,"key":"Milkshake"},{"floor":16,"key":"ColorlessPotion"},{"floor":23,"key":"Fire Potion"},{"floor":29,"key":"SkillPotion"},{"floor":30,"key":"LiquidMemories"},{"floor":35,"key":"theMarked:ChargePotion"}],"is_trial":false,"path_per_floor":["M","?","M","M","$","R","E","R","T","?","R","M","$","?","R","B",null,"M","?","?","M","?","E","R","AVR","T","R","M","NM","M","M","R","B",null,"M","?","$","?","M","R","$","?","T","AVR","M","E","R","M","R","B",null],"character_chosen":"THE_DEFAULT","items_purchased":["theMarked:Panic","Panache+1","ClockworkSouvenir"],"campfire_rested":4,"item_purchase_floors":[5,41,41],"current_hp_per_floor":[70,70,70,70,70,70,59,59,59,52,52,46,46,46,67,26,70,70,70,53,45,45,57,57,57,57,57,57,34,26,21,44,8,77,77,77,77,67,55,77,77,77,77,77,62,62,62,60,77,5],"gold":246,"neow_bonus":"TRANSFORM_CARD","is_daily":false,"chose_seed":false,"campfire_upgraded":6,"win_rate":0.0,"timestamp":1608692206,"path_taken":["M","?","M","M","$","R","E","R","T","?","R","M","$","?","R","BOSS","M","?","?","M","?","E","R","AVR","T","R","M","NM","M","?","R","BOSS","M","?","$","?","M","R","$","?","T","AVR","?","E","R","M","R","BOSS"],"items_purchased_type":["Card","Card","Relic"],"build_version":"2020-12-13","purchased_purges":3,"victory":true,"max_hp_per_floor":[70,70,70,70,70,70,70,70,70,70,70,70,70,70,70,70,70,70,70,70,70,70,77,77,77,77,77,77,77,77,77,77,77,77,77,77,77,77,77,77,77,77,77,77,77,77,77,77,77,77],"card_choices":[{"not_picked":["theMarked:Aftermath","theMarked:Electrocute","theMarked:WastefulAttack"],"picked":"SKIP","floor":1},{"not_picked":["theMarked:ElectricStrings","theMarked:MysticalArsenal"],"picked":"theMarked:Reabsorb","floor":3},{"not_picked":["theMarked:Electrify","theMarked:Electrocute"],"picked":"theMarked:MagicAdept","floor":4},{"not_picked":["theMarked:EmpowerWeapon","theMarked:ElectricStrings"],"picked":"theMarked:Static","floor":7},{"not_picked":["theMarked:Static","theMarked:Aftermath"],"picked":"theMarked:MagicAdept+1","floor":12},{"not_picked":["theMarked:Challenge","theMarked:UnarmedFury"],"picked":"theMarked:DispelDoubt","floor":16},{"not_picked":["theMarked:TwofoldDefense+1","theMarked:EmpowerWeapon+1","theMarked:RepellingDischarge"],"picked":"SKIP","floor":18},{"not_picked":["theMarked:SwordAndMagic","theMarked:WastefulAttack"],"picked":"theMarked:MaelstromOfLightning","floor":20},{"not_picked":["theMarked:BanishingStrike","theMarked:RepellingDischarge+1"],"picked":"theMarked:TurnInvisible","floor":21},{"not_picked":["theMarked:SelfDefenseTraining","theMarked:RepellingDischarge"],"picked":"theMarked:Convert+1","floor":23},{"not_picked":["animator:Yoichi+1","theMarked:Aftermath","hexamod:FastForward"],"picked":"SKIP","floor":28},{"not_picked":["Dramatic Entrance","HollowMod:SharpenedNail","HollowMod:ZotesMagnificence"],"picked":"SKIP","floor":29},{"not_picked":["Dramatic Entrance","HollowMod:SharpenedNail","HollowMod:ZotesMagnificence"],"picked":"SKIP","floor":29},{"not_picked":["Armaments","Guardian:Recover","theMarked:ChainLightning+1"],"picked":"SKIP","floor":30},{"not_picked":["Guardian:Harden","theMarked:MysticalArsenal+1","sneckomod:SoulCleanse"],"picked":"SKIP","floor":31},{"not_picked":["Slimebound:LeadByExample+1","Panic Button+1","champ:Backstep+1"],"picked":"SKIP","floor":35},{"not_picked":["Blade Dance+1","animator:Guy+1","Replay:Bootleg Shield Generator"],"picked":"SKIP","floor":39},{"not_picked":["HollowMod:HeavyBlow","animator:IzunaHatsuse","Discovery"],"picked":"SKIP","floor":45},{"not_picked":["animator:Lancer+1","Slimebound:LeadByExample+1","Slimebound:FormOfPuddle+1"],"picked":"SKIP","floor":46},{"not_picked":["Perfected Strike","champ:FocusedDefense","HollowMod:BaldurShell+1"],"picked":"SKIP","floor":48}],"player_experience":1976195,"relics_obtained":[{"floor":2,"key":"hubris:Metronome"},{"floor":7,"key":"Frozen Egg 2"},{"floor":9,"key":"White Beast Statue"},{"floor":20,"key":"Centennial Puzzle"},{"floor":23,"key":"Strawberry"},{"floor":26,"key":"Sundial"},{"floor":29,"key":"Quantum Egg"},{"floor":43,"key":"Blue Doll"},{"floor":46,"key":"infinitespire:Lucky Rock"}],"event_choices":[{"damage_healed":0,"gold_gain":0,"player_choice":"Relic ","damage_taken":7,"max_hp_gain":0,"max_hp_loss":0,"event_name":"betterThird:BetterScrap","floor":10,"gold_loss":0,"cards_obtained":["Hemogenesis"]},{"cards_removed":["theMarked:Panic"],"damage_healed":0,"gold_gain":0,"player_choice":"Give","damage_taken":0,"max_hp_gain":0,"max_hp_loss":0,"event_name":"betterNote:BetterNote","floor":19,"gold_loss":0,"cards_obtained":["None"]},{"cards_removed":["theMarked:ElectricStrings"],"damage_healed":0,"gold_gain":0,"player_choice":"Removed Attack","damage_taken":0,"max_hp_gain":0,"max_hp_loss":0,"event_name":"Falling","floor":36,"gold_loss":0},{"damage_healed":0,"gold_gain":0,"player_choice":"Embrace Madness","damage_taken":10,"max_hp_gain":0,"max_hp_loss":0,"event_name":"Winding Halls","floor":38,"gold_loss":0,"cards_obtained":["Madness","Madness"]}],"is_beta":false,"boss_relics":[{"not_picked":["Coffee Dripper","energizedSpire:EnergizedDie"],"picked":"hubris:ScarierMask"},{"not_picked":["Replay:Wanted Poster","Fusion Hammer"],"picked":"energizedSpire:MagnifyingGlass"}],"items_purged_floors":[5,25,37],"is_endless":false,"potions_floor_spawned":[1,3,4,12,16,18,21,23,28,29,30,31,33,35,39,45,46,48],"ascension_level":0}}