{"host":"5fasz840ryq7obdf","time":1608753096,"event":{"mods":["AchievementEnabler","BaseMod","Bestiary","Better Altar","Better Skull","Better Third Choice","BetterRewards","Block Reminder","Colored Powertips","Curses Come First","Minty Spire (QoL Compilation)","Quick Restart","Relic Stats","Shop Mod","Spicy Shops","StSLib"],"gold_per_floor":[122,131,56,83,102,102,102],"floor_reached":6,"playtime":301,"items_purged":["Strike_P","Strike_P"],"score":72,"play_id":"3f969e9c-ab71-49ff-a456-c939dca34387","local_time":"20201223195136","is_ascension_mode":true,"campfire_choices":[],"circlet_count":0,"master_deck":["AscendersBane","Strike_P","Strike_P","Defend_P","Defend_P","Defend_P","Defend_P","Eruption","Vigilance","SignatureMove","FlurryOfBlows","Collect","EmptyBody","Indignation"],"relics":["PureWater","Oddly Smooth Stone","CeramicFish","PreservedInsect"],"acts_visited":["Exordium"],"potions_floor_usage":[],"damage_taken":[{"damage":0,"enemies":"Jaw Worm","floor":1,"turns":3},{"damage":0,"enemies":"Small Slimes","floor":4,"turns":2},{"damage":0,"enemies":"2 Louse","floor":5,"turns":3},{"damage":13,"enemies":"3 Sentries","floor":6,"turns":4}],"seed_played":"8521357008645191576","potions_obtained":[{"floor":4,"key":"FearPotion"}],"is_trial":false,"path_per_floor":["M","?","?","M","M","E"],"character_chosen":"WATCHER","items_purchased":["SignatureMove","Oddly Smooth Stone","CeramicFish","PreservedInsect","FlurryOfBlows","Collect"],"campfire_rested":0,"item_purchase_floors":[0,0,0,0,0,0],"current_hp_per_floor":[30,30,30,30,30,17,17],"gold":102,"neow_bonus":"","is_daily":false,"chose_seed":false,"campfire_upgraded":0,"win_rate":0.0,"timestamp":1608753096,"path_taken":["M","?","?","M","M","E"],"items_purchased_type":["Card","Relic","Relic","Relic","Card","Card"],"build_version":"2020-12-22","purchased_purges":2,"victory":false,"max_hp_per_floor":[68,68,68,68,68,68,68],"relic_stats":{"counters":[4,12],"CeramicFish":45,"PreservedInsect":32,"obtain_stats":[{"CeramicFish":0,"Oddly Smooth Stone":0,"PreservedInsect":0,"PureWater":0},{"CeramicFish":0,"Oddly Smooth Stone":0,"PreservedInsect":0,"PureWater":0},{"CeramicFish":0,"Oddly Smooth Stone":0,"PreservedInsect":0,"PureWater":0}]},"card_choices":[{"not_picked":["Consecrate","Worship"],"picked":"EmptyBody","floor":1},{"not_picked":["Evaluate","EmptyBody"],"picked":"Indignation","floor":4},{"not_picked":["Nirvana","Pray","Prostrate"],"picked":"SKIP","floor":5}],"player_experience":1005720,"relics_obtained":[],"event_choices":[{"damage_healed":30,"gold_gain":0,"player_choice":"Embrace Burn","damage_taken":0,"max_hp_gain":0,"max_hp_loss":68,"event_name":"betterThird:BetterShining","floor":2,"gold_loss":0},{"cards_removed":["Burn"],"damage_healed":0,"gold_gain":0,"player_choice":"Card Removal","damage_taken":0,"max_hp_gain":0,"max_hp_loss":0,"event_name":"The Cleric","floor":3,"gold_loss":75}],"is_beta":false,"boss_relics":[],"items_purged_floors":[0,0],"is_endless":false,"potions_floor_spawned":[4],"killed_by":"3 Sentries","ascension_level":20}}