{"host":"q0qnzbgdx8oqogg9","time":1608685715,"event":{"mods":["BaseMod","Minty Spire (QoL Compilation)","Slay-I","StSLib"],"gold_per_floor":[110,126,141,123,123,154,167,197,221,233,253,253,271,288,288,387,387,405,7,7,22,22,22,49,49,49,65,65,81,81,81],"floor_reached":30,"playtime":1125,"items_purged":["Strike_B"],"score":304,"play_id":"2f0ee306-6a1d-42ea-859c-f7042d669333","local_time":"20201222200835","is_ascension_mode":true,"campfire_choices":[{"data":"Defragment","floor":12.0,"key":"SMITH"},{"data":"Loop","floor":15.0,"key":"SMITH"},{"data":"Hyperbeam","floor":23,"key":"SMITH"},{"data":"Defragment","floor":25,"key":"SMITH"}],"circlet_count":0,"master_deck":["Strike_B","Strike_B","Strike_B","Defend_B","Defend_B","Defend_B","Defend_B","Zap","Dualcast","Loop+1","Defragment+1","Coolheaded","Cold Snap","Cold Snap","Self Repair","Genetic Algorithm","Go for the Eyes","Sweeping Beam","Hyperbeam+1","Defragment+1","Necronomicurse","Compile Driver","Multi-Cast"],"relics":["Cracked Core","HornCleat","Cables","Nunchaku","Inserter","Pear","Necronomicon","Art of War","Akabeko","Bottled Flame"],"acts_visited":["Exordium","TheCity"],"potions_floor_usage":[30],"damage_taken":[{"damage":6.0,"enemies":"Jaw Worm","floor":1.0,"turns":4.0},{"damage":9.0,"enemies":"Small Slimes","floor":2.0,"turns":4.0},{"damage":8.0,"enemies":"2 Louse","floor":3.0,"turns":2.0},{"damage":7.0,"enemies":"Exordium Thugs","floor":4.0,"turns":4.0},{"damage":13.0,"enemies":"3 Sentries","floor":6.0,"turns":12.0},{"damage":0.0,"enemies":"Blue Slaver","floor":7.0,"turns":4.0},{"damage":3.0,"enemies":"Gremlin Nob","floor":8.0,"turns":7.0},{"damage":13.0,"enemies":"Exordium Wildlife","floor":10.0,"turns":6.0},{"damage":4.0,"enemies":"Looter","floor":11.0,"turns":3.0},{"damage":0.0,"enemies":"Large Slime","floor":13.0,"turns":4.0},{"damage":7.0,"enemies":"2 Fungi Beasts","floor":14.0,"turns":4.0},{"damage":2.0,"enemies":"The Guardian","floor":16.0,"turns":14.0},{"damage":22.0,"enemies":"2 Thieves","floor":18.0,"turns":4.0},{"damage":0,"enemies":"Spheric Guardian","floor":21,"turns":2},{"damage":24,"enemies":"Slavers","floor":24,"turns":3},{"damage":21,"enemies":"Snake Plant","floor":27,"turns":3},{"damage":2,"enemies":"Chosen and Byrds","floor":29,"turns":6},{"damage":13,"enemies":"Gremlin Leader","floor":30,"turns":1}],"seed_played":"9187333588991525455","potions_obtained":[{"floor":1.0,"key":"CultistPotion"},{"floor":3.0,"key":"DistilledChaos"},{"floor":8.0,"key":"Regen Potion"},{"floor":11.0,"key":"Explosive Potion"},{"floor":14.0,"key":"Fruit Juice"},{"floor":18.0,"key":"Explosive Potion"}],"is_trial":false,"path_per_floor":["M","M","M","M","?","E","M","E","T","M","M","R","M","M","R","B",null,"M","$","?","M","?","R","E","R","T","M","?","M","E"],"character_chosen":"DEFECT","items_purchased":["Defragment","Pear"],"campfire_rested":0,"item_purchase_floors":[19,19],"current_hp_per_floor":[69,60,52,45,70,57,57,61,61,55,58,58,65,70,70,75,80,58,68,52,52,52,52,28,28,28,7,7,12,0,0],"gold":81,"neow_bonus":"THREE_CARDS","is_daily":false,"chose_seed":false,"campfire_upgraded":4,"win_rate":0.0,"timestamp":1608685715,"path_taken":["M","M","M","M","?","E","M","E","T","M","M","R","M","M","R","BOSS","M","$","?","M","?","R","E","R","T","M","?","M","E"],"items_purchased_type":["Card","Relic"],"build_version":"2020-12-13","purchased_purges":1,"victory":false,"max_hp_per_floor":[75,75,75,75,75,75,75,75,75,75,75,75,75,80,80,80,80,80,90,90,90,90,90,90,90,90,90,90,90,90,90],"card_choices":[{"not_picked":["Fusion","Gash"],"picked":"Loop","floor":0.0},{"not_picked":["Reinforced Body","Fusion"],"picked":"Defragment","floor":1.0},{"not_picked":["Beam Cell","Heatsinks"],"picked":"Coolheaded","floor":2.0},{"not_picked":["Undo","Steam"],"picked":"Cold Snap","floor":3.0},{"not_picked":["Reprogram","Ball Lightning"],"picked":"Cold Snap","floor":4.0},{"not_picked":["Cold Snap","Amplify","Heatsinks"],"picked":"SKIP","floor":6.0},{"not_picked":["Beam Cell","Leap"],"picked":"Self Repair","floor":7.0},{"not_picked":["Go for the Eyes","Streamline","Gash"],"picked":"SKIP","floor":8.0},{"not_picked":["Steam Power","FTL"],"picked":"Genetic Algorithm","floor":10.0},{"not_picked":["Chaos","Streamline"],"picked":"Go for the Eyes","floor":11.0},{"not_picked":["Rip and Tear","Undo","Gash"],"picked":"SKIP","floor":13.0},{"not_picked":["Beam Cell","Hello World"],"picked":"Sweeping Beam","floor":14.0},{"not_picked":["Thunder Strike","Reboot"],"picked":"Hyperbeam","floor":16.0},{"not_picked":["Rebound","Rip and Tear+1","Steam"],"picked":"SKIP","floor":18.0},{"not_picked":["Beam Cell","Undo+1"],"picked":"Compile Driver","floor":21},{"not_picked":["Gash","Barrage"],"picked":"Multi-Cast","floor":24},{"not_picked":["Reprogram+1","Sweeping Beam","Darkness"],"picked":"SKIP","floor":27},{"not_picked":["Redo+1","Undo","Double Energy"],"picked":"SKIP","floor":29}],"player_experience":192400,"relics_obtained":[{"floor":6.0,"key":"HornCleat"},{"floor":8.0,"key":"Cables"},{"floor":9.0,"key":"Nunchaku"},{"floor":20,"key":"Necronomicon"},{"floor":24,"key":"Akabeko"},{"floor":26,"key":"Bottled Flame"}],"event_choices":[{"damage_healed":25.0,"max_hp_gain":0.0,"max_hp_loss":0.0,"gold_gain":0.0,"event_name":"Big Fish","player_choice":"Banana","floor":5.0,"gold_loss":0.0,"damage_taken":0.0},{"damage_healed":0,"gold_gain":0,"player_choice":"Obtained Book","damage_taken":16,"max_hp_gain":0,"max_hp_loss":0,"event_name":"Cursed Tome","floor":20,"gold_loss":0},{"damage_healed":0,"gold_gain":0,"player_choice":"Opened","damage_taken":0,"relics_obtained":["Art of War"],"max_hp_gain":0,"max_hp_loss":0,"event_name":"The Mausoleum","floor":22,"gold_loss":0},{"damage_healed":0,"gold_gain":0,"player_choice":"Ignored","damage_taken":0,"max_hp_gain":0,"max_hp_loss":0,"event_name":"Vampires","floor":28,"gold_loss":0}],"is_beta":false,"boss_relics":[{"not_picked":["FrozenCore","Philosopher\u0027s Stone"],"picked":"Inserter"}],"items_purged_floors":[19],"is_endless":false,"potions_floor_spawned":[1,3,8,11,13,14,18,21],"killed_by":"Gremlin Leader","ascension_level":1}}