{"host":"of0s4io1nhspfcuu","time":1608748941,"event":{"mods":["ATMod(°¢èªMod)","Act Like it!","Ascension Reborn","BaseMod","CapriCore","Gensokyo","Minty Spire (QoL Compilation)","MostiFishMod","Pale of the Ancients","Remilia£¨ÀÙÃ×ÀòÑÇ£©","RumiaBox-Â¶Ã×æ«µÄÉñÃØºÐ×Ó","RyuuouÁúÍõ","StSLib","Waifu the Spire","Youmu£¨»êÆÇÑýÃÎ£©","noobMod","¡¾ÒÅÎï¿¨ÅÆ¡¿REMEMod","óô»ðÖ¸ÄÏ"],"gold_per_floor":[119,119,119,329,294,328,342,355,378,412,412,188,249,300,45,142,142,154,173,423,435,75,75,75,75,101,113,113,113,113,132,132,233,233,245,245,98,98,98,1128,1128,1178,1178,1213,1229,1229,1229,1229,935,1935,2951,2971,2971,2766,2358,3375,3174,2734,2734,3734],"floor_reached":61,"playtime":1878,"items_purged":["HumanKnowledgeSword+1"],"score":1728,"play_id":"5ce7fe68-119f-4ba9-a873-02436a75b45a","local_time":"20201224024221","daily_mods":["Heirloom","Time Dilation","Flight"],"is_ascension_mode":true,"campfire_choices":[{"floor":23,"key":"REST"},{"data":"HumanGodSword","floor":24,"key":"SMITH"},{"data":"IrresoluteSoul","floor":25,"key":"SMITH"},{"data":"ReincarnationSword","floor":32,"key":"SMITH"},{"data":"Ryuuou:NotRegret","floor":46,"key":"SMITH"}],"circlet_count":0,"master_deck":["Master of Strategy+1","AT_FamilyPortrait+1","SpiderLilyBurial+1","SuddenPhantomFormationSlashOfKarmicWind+1","StrangeHalfBody+1","FlashingScatteredFlowers+1","ThreeKonsSevenHakus+1","SwordExtraction+1","Iron Wave+1","AsuraSword+1","IrresoluteSoul+1","LotusPostureSlash+1","HumanGodSword+1","ReincarnationSword+1","HellFireSword+1","SpiritCuttingSword+1","CherryBlossomSword+1","ThoughtCuttingSword+1","PhosphoricSlash+1","ObsessionSword+1","PhosphoricSlash+1","HeavenSword+1","HeartExcerptSlash+1","Sadistic Nature+1","Enlightenment+1","Thinking Ahead+1","Ryuuou:NotRegret+1","SpiritMediumsBind+1","Madness","Madness+1","HumanRealmSword","GhostSword+1","FlashingScatteredFlowers+1","CelestialStarSword","SlashOfDelusionalInnerEye+1","HiganSword","AT_FalsePromise","AT_LightSaberMaster","HeavenSword","SuddenDivineSeveringOfKarmicWind+1","FastingOfTheYoungPreta+1","HeavenGodSword+1","DeadlyForm+1","ReincarnationSword+1","ASingleThoughtAndInfiniteKalpas+1","GreatEnlightenmentAppearingAndDisappearing+1","GreatEnlightenmentAppearingAndDisappearing+1","DeadlyForm+1","AT_EmpoweredMortalDraw"],"relics":["HalfPhantom","DaveBox","ice","REME_ComplimentaryCards","AT_ATBox","SynthV:C4","SecretRecord","SynthV:TestCard","AT_EbonyIvory","SynthV:TestCard","ice","AT_SunfireAegis","SynthV","Ancient Tea Set","FencingExperience","AddBug","DaveBox","HollowDreamFlower","CombinedTypeHook","Vajra","Gensokyo:ConquerorOfFear","SynthV","JellyFishMachine","Membership Card","Hakurouken","PlanX","Baka2","AT_ImmortalShieldbow","ChaoDraw","Question Card","REME_CardOfGreed","BionicSphere","Toy Ornithopter","paleoftheancients:Timepiece","Ice Cream","SecretRecord","War Paint","Art of War","MagicDraw3","SSSystem","Lee\u0027s Waffle","AT_RedTearstoneRing","SumBook","Ying","Bottled Tornado","Lizard Tail"],"acts_visited":["Exordium","Gensokyo:Gensokyoer","TheBeyond","paleoftheancients:PaleOfTheAncients"],"potions_floor_usage":[21,60,60,60,60],"damage_taken":[{"damage":1,"enemies":"Jaw Worm","floor":1,"turns":2},{"damage":0,"enemies":"2 Louse","floor":4,"turns":2},{"damage":18,"enemies":"Lagavulin","floor":6,"turns":3},{"damage":3,"enemies":"Cultist","floor":7,"turns":3},{"damage":0,"enemies":"3 Louse","floor":8,"turns":3},{"damage":9,"enemies":"3 Sentries","floor":10,"turns":5},{"damage":0,"enemies":"Slime Boss","floor":16,"turns":2},{"damage":0,"enemies":"Gensokyo:CosmicMonolith","floor":18,"turns":1},{"damage":6,"enemies":"Gensokyo:Chomper","floor":19,"turns":2},{"damage":12,"enemies":"Gensokyo:Wraith","floor":21,"turns":2},{"damage":42,"enemies":"Gensokyo:Chomper_and_Gloop","floor":27,"turns":3},{"damage":0,"enemies":"Gensokyo:3_Gloops","floor":31,"turns":3},{"damage":36,"enemies":"Gensokyo:Kaguya","floor":33,"turns":5},{"damage":12,"enemies":"Orb Walker","floor":35,"turns":2},{"damage":0,"enemies":"Reptomancer","floor":40,"turns":2},{"damage":0,"enemies":"Mind Bloom Boss Battle","floor":42,"turns":2},{"damage":8,"enemies":"2 Orb Walkers","floor":44,"turns":2},{"damage":0,"enemies":"3 Shapes","floor":45,"turns":1},{"damage":0,"enemies":"Donu and Deca","floor":50,"turns":1},{"damage":9,"enemies":"Donu and Deca","floor":51,"turns":2},{"damage":0,"enemies":"Donu and Deca","floor":52,"turns":3},{"damage":0,"enemies":"Donu and Deca","floor":56,"turns":3},{"damage":8,"enemies":"paleoftheancients:N","floor":60,"turns":3}],"seed_played":"6979471725377693435","potions_obtained":[{"floor":8,"key":"CausticAgent"},{"floor":21,"key":"ColorlessPotion"}],"is_trial":true,"path_per_floor":["M","?","?","M","$","E","M","M","T","E","?","$","?","T","R","B",null,"M","M","?","M","$","R","R","R","T","M","?","?","?","M","R","B",null,"M","$","$","?","?","E","?","?","T","?","M","R","?","T","R","B","M","M","?","$","R","M","R","$","?","B",null],"character_chosen":"YOUMU","items_purchased":["SuddenPhantomFormationSlashOfKarmicWind","SynthV","AsuraSword","FencingExperience","CombinedTypeHook","HellFireSword","Membership Card","REME_CardOfGreed","BionicSphere","Toy Ornithopter","War Paint","Art of War","HiganSword","MagicDraw3","SSSystem","Lee\u0027s Waffle","AT_FalsePromise","AT_LightSaberMaster","AT_RedTearstoneRing","SumBook","Ying","Bottled Tornado","Lizard Tail","AT_EmpoweredMortalDraw"],"campfire_rested":1,"item_purchase_floors":[5,12,12,15,22,22,37,49,49,49,54,54,54,55,55,55,55,55,57,57,58,58,58,58],"current_hp_per_floor":[74,74,67,71,71,38,35,35,35,26,26,26,26,26,26,30,83,83,77,77,69,69,83,83,83,83,62,62,62,62,66,66,34,83,71,71,71,61,83,83,73,77,77,73,77,77,77,77,77,83,83,83,83,83,90,90,90,90,90,86],"gold":3734,"neow_bonus":"","is_daily":false,"chose_seed":false,"campfire_upgraded":4,"win_rate":0.0,"timestamp":1608748941,"path_taken":["M","?","?","M","$","E","M","?","T","E","?","?","?","?","R","BOSS","M","?","?","M","?","R","R","R","T","?","?","?","?","?","R","BOSS","M","$","$","?","?","E","?","?","T","?","?","R","?","?","R","BOSS","M","M","?","$","R","M","R","$","?","BOSS"],"items_purchased_type":["Card","Relic","Card","Relic","Relic","Card","Relic","Relic","Relic","Relic","Relic","Relic","Card","Relic","Relic","Relic","Card","Card","Relic","Relic","Relic","Relic","Relic","Card"],"build_version":"2020-12-22","purchased_purges":1,"victory":true,"max_hp_per_floor":[75,75,75,75,75,83,83,83,83,83,83,83,83,83,83,83,83,83,83,83,83,83,83,83,83,83,83,83,83,83,83,83,83,83,83,83,83,83,83,83,83,83,83,83,83,83,83,83,83,83,83,83,83,83,90,90,90,90,90,90],"card_choices":[{"not_picked":["HeartExcerptSlash","SlashOfAscensionToBuddhahood"],"picked":"SpiderLilyBurial","floor":1},{"not_picked":["TwoHundredYojanaInOneSlash","ConstancyOfTheConventionalTruth","LowerRealmReflectionSlash","SlashClearingTheSixSenses"],"picked":"HumanKnowledgeSword","floor":4},{"not_picked":["GhostSword","LotusPostureSlash","LowerRealmReflectionSlash","SanzenSekai"],"picked":"StrangeHalfBody","floor":6},{"not_picked":["LightFlashOfTheNetherworld","HesitationCuttingSword","CherryBlossomFlashing","TurningAngelCut","BloodOfAsura","DispleasureOfTheSevenHakus"],"picked":"FlashingScatteredFlowers","floor":7},{"not_picked":["LifeCuttingSword","PhosphoricSlash","FlashingScatteredFlowers","TwoHundredYojanaInOneSlash","ASingleThoughtAndInfiniteKalpas","RapidSlash"],"picked":"ThreeKonsSevenHakus","floor":8},{"not_picked":["LifeCuttingSword","FlashingScatteredFlowers","SpiritCuttingSword","CherryBlossomFlashing","TwoHundredYojanaInOneSlash","ThreeKonsSevenHakus"],"picked":"SwordExtraction","floor":10},{"not_picked":["StrangeHalfBody","HellRealmSword","WickedSoul","MatsuyoiReflectingSatelliteSlash","CherryBlossomSword","ReincarnationSword"],"picked":"IrresoluteSoul","floor":16},{"not_picked":["LowerRealmReflectionSlash","HellGodSword+1","TurningAngelCut+1","ThreeKonsSevenHakus","ConstancyOfTheConventionalTruth","DispleasureOfTheSevenHakus"],"picked":"LotusPostureSlash+1","floor":18},{"not_picked":["TwoHundredYojanaInOneSlash","SpiritCuttingSword","SlashOfAscensionToBuddhahood","LotusPostureSlash","ConstancyOfTheConventionalTruth","HumanKnowledgeSword"],"picked":"HumanGodSword","floor":19},{"not_picked":["LifeCuttingSword+1","SanzenSekai","HeavenlyHaloSlash+1","HumanGodSword","TwoHundredYojanaInOneSlash","CrescentMoonSlash"],"picked":"ReincarnationSword","floor":21},{"not_picked":["TwoHundredYojanaInOneSlash+1","ThreeKonsSevenHakus","BloodOfAsura+1","HeavenlyHaloSlash+1","CherryBlossomFlashing","SlashOfMeditation"],"picked":"SpiritCuttingSword","floor":27},{"not_picked":["LifeCuttingSword+1","SwordExtraction","ThoughtCuttingSword+1","SlashOfMeditation+1","CherryBlossomFlashing","TransmigrationSlash"],"picked":"CherryBlossomSword","floor":27},{"not_picked":["PreachingAvici","BloodOfAsura","ConstancyOfTheConventionalTruth+1","LowerRealmReflectionSlash+1","EchoesOfTheInclemencyOfAllBeings+1","SwordOfBindingDesires+1"],"picked":"ThoughtCuttingSword+1","floor":27},{"not_picked":["SpiritCuttingSword","SwordOfBindingDesires+1","DispleasureOfTheSevenHakus+1","LowerRealmReflectionSlash+1","CrescentMoonSlash","ConstancyOfTheConventionalTruth+1"],"picked":"PhosphoricSlash","floor":27},{"not_picked":["HumanKnowledgeSword","CrescentMoonSlash+1","CherryBlossomFlashing","DispleasureOfTheSevenHakus","LifeCuttingSword","SwordOfBindingDesires"],"picked":"ObsessionSword+1","floor":31},{"not_picked":["HellRealmSword","GreatEnlightenmentAppearingAndDisappearing","FastingOfTheYoungPreta","WickedSoul","StrangeHalfBody","DeadlyForm"],"picked":"HeavenSword","floor":33},{"not_picked":["CherryBlossomFlashing","SlashOfMeditation","SlashOfAscensionToBuddhahood","CrescentMoonSlash","SanzenSekai+1","DispleasureOfTheSevenHakus+1"],"picked":"HeartExcerptSlash+1","floor":35},{"not_picked":["Jack Of All Trades","Forethought","MostiFishMod:MusicBox","Flash of Steel","Madness","Mind Blast"],"picked":"Sadistic Nature","floor":38},{"not_picked":["Finesse","Trip","AT_CelerityRune","Discovery","Forethought","Mind Blast"],"picked":"Enlightenment","floor":38},{"not_picked":["Blind","REME_PuzzleBox","MostiFishMod:SupremeArchaeology","AT_BreakingExtremeWeapon","AT_Homeward","Bandage Up"],"picked":"Thinking Ahead","floor":38},{"not_picked":["CrescentMoonSlash","SpiritCuttingSword","TwoHundredYojanaInOneSlash+1","SanzenSekai","SuddenPhantomFormationSlashOfKarmicWind","LifeCuttingSword+1"],"picked":"SpiritMediumsBind+1","floor":40},{"not_picked":["ThreeKonsSevenHakus+1","SlashOfMeditation","LowerRealmReflectionSlash","LifeCuttingSword","CherryBlossomFlashing","DoubleWheelOfPain+1"],"picked":"HumanRealmSword","floor":42},{"not_picked":["CherryBlossomFlashing","TwoHundredYojanaInOneSlash+1","SpiritCuttingSword","BizarrenessOfSixRealms+1","SlashOfMeditation+1","HeavenlyHaloSlash+1"],"picked":"FlashingScatteredFlowers+1","floor":44},{"not_picked":["TransmigrationSlash+1","ObsessionWithThePresentWorld","PhosphoricSlash","DoubleWheelOfPain","HesitationCuttingSword+1","LightFlashOfTheNetherworld+1"],"picked":"CelestialStarSword","floor":45},{"not_picked":["FiveSignsOfTheDyingDeva+1","DispleasureOfTheSevenHakus","FlashingScatteredFlowers","PreachingAvici","TwoHundredYojanaInOneSlash+1","ObsessionWithThePresentWorld+1","AsTheSilentNirvana+1","SpiritMediumsBind+1"],"picked":"SKIP","floor":51},{"not_picked":["LifeCuttingSword","SpiritCuttingSword+1","TransmigrationSlash","SwordOfBindingDesires+1","SwordExtraction+1","SlashOfMeditation","HumanKnowledgeSword"],"picked":"SlashOfDelusionalInnerEye+1","floor":52},{"not_picked":["PhosphoricSlash","SpiderLilyBurial+1","ObsessionSword","SpiritCuttingSword+1","TurningAngelCut","SwordExtraction","SlashOfDelusionalInnerEye+1"],"picked":"HeavenSword","floor":56}],"player_experience":54004,"relics_obtained":[{"floor":1,"key":"Baka"},{"floor":1,"key":"SynthV:TestCard"},{"floor":6,"key":"AT_EbonyIvory"},{"floor":6,"key":"SynthV:TestCard"},{"floor":9,"key":"AT_BellDemon"},{"floor":10,"key":"ice"},{"floor":10,"key":"AT_SunfireAegis"},{"floor":14,"key":"Ancient Tea Set"},{"floor":18,"key":"DaveBox"},{"floor":26,"key":"Vajra"},{"floor":31,"key":"Gensokyo:ConquerorOfFear"},{"floor":33,"key":"SynthV"},{"floor":40,"key":"Hakurouken"},{"floor":42,"key":"PlanX"},{"floor":42,"key":"Baka2"},{"floor":43,"key":"AT_ImmortalShieldbow"},{"floor":44,"key":"ChaoDraw"},{"floor":48,"key":"Question Card"},{"floor":51,"key":"SecretRecord"}],"event_choices":[{"damage_healed":0,"gold_gain":0,"player_choice":"Grow","damage_taken":0,"max_hp_gain":0,"max_hp_loss":0,"event_name":"Living Wall","floor":2,"gold_loss":0,"cards_upgraded":["AT_FamilyPortrait"]},{"damage_healed":0,"gold_gain":0,"player_choice":"Damaged","damage_taken":7,"max_hp_gain":0,"max_hp_loss":0,"event_name":"Wheel of Change","floor":3,"gold_loss":0},{"cards_removed":["Gensokyo:ImpossibleRequest"],"damage_healed":0,"gold_gain":0,"player_choice":"Took Card","damage_taken":0,"max_hp_gain":0,"max_hp_loss":0,"event_name":"NoteForYourself","floor":11,"gold_loss":0,"cards_obtained":["Iron Wave"]},{"damage_healed":0,"gold_gain":61,"player_choice":"Gained Gold","damage_taken":0,"max_hp_gain":0,"max_hp_loss":0,"event_name":"Golden Wing","floor":13,"gold_loss":0},{"damage_healed":0,"gold_gain":0,"player_choice":"Memory 3","damage_taken":10,"max_hp_gain":0,"max_hp_loss":0,"event_name":"SensoryStone","floor":38,"gold_loss":0},{"damage_healed":0,"gold_gain":0,"player_choice":"Embrace Madness","damage_taken":10,"max_hp_gain":0,"max_hp_loss":0,"event_name":"Winding Halls","floor":41,"gold_loss":0,"cards_obtained":["Madness","Madness"]},{"damage_healed":0,"gold_gain":0,"player_choice":"Fight","damage_taken":0,"max_hp_gain":0,"max_hp_loss":0,"event_name":"MindBloom","floor":42,"gold_loss":0},{"damage_healed":0,"gold_gain":0,"player_choice":"Fight","damage_taken":0,"max_hp_gain":0,"max_hp_loss":0,"event_name":"Mysterious Sphere","floor":44,"gold_loss":0},{"cards_removed":["Defend_YM"],"damage_healed":0,"gold_gain":0,"player_choice":"Removed Skill","damage_taken":0,"max_hp_gain":0,"max_hp_loss":0,"event_name":"Falling","floor":47,"gold_loss":0},{"damage_healed":0,"gold_gain":0,"player_choice":"Ignored","damage_taken":0,"max_hp_gain":0,"max_hp_loss":0,"event_name":"Transmorgrifier","floor":53,"gold_loss":0}],"is_beta":false,"boss_relics":[{"not_picked":["PatriotShield","REME_ChargedStone"],"picked":"AddBug"},{"not_picked":["Calling Bell","Black Star"],"picked":"JellyFishMachine"}],"items_purged_floors":[54],"is_endless":false,"potions_floor_spawned":[6,8,10,19,21,31,35,42,45,51,56],"ascension_level":0}}