{"host":"htqwg582tjjtn9p7","time":1608734691,"event":{"mods":["2.2 Compatiblity","AchievementEnabler","Act Like it!","Aspiration","BaseMod","Better Third Choice","Colored Map","Conspire","Curses Come First","Displayed Cursed Tome","Energized Spire","Force Act Four","GifTheSpireLib","Hermit","Highlight Path","JesterMod","Mad Scientist","Minty Spire (QoL Compilation)","Pale of the Ancients","Permanent Neow","Random Character Button","Relic Stats","Replay The Spire","Robot Space Explorer","Somnambulant","Spicy Shops","Spikes Relics","StSLib","Stuff the Spire","The Blue Laboratory","The Disciple","The Dragon Tamer","The Forsaken","The Gatherer","The Judge","The Jungle","The Runesmith","The Servant 0.9.4"],"gold_per_floor":[110,123,146,157,167,167,200,229,229,260,260,275,310,328,328,405,405,389,37,54,104,118,118,118],"floor_reached":23,"playtime":1554,"items_purged":["conspire:Blindness"],"score":373,"play_id":"9cb3671f-13ee-45f2-9ad6-042a1c5908fb","local_time":"20201223154451","is_ascension_mode":true,"campfire_choices":[{"data":"theForsaken:Smite","floor":6,"key":"SMITH"},{"data":"theForsaken:Smite+1","floor":11,"key":"SMITH"},{"data":"theForsaken:Smite+2","floor":15,"key":"SMITH"}],"circlet_count":0,"master_deck":["AscendersBane","theForsaken:Smite+3","theForsaken:Penitence","theForsaken:InspiringBlow+1","theForsaken:SolarFlare+1","theForsaken:TearsOfSunlight+1","theForsaken:StoreUp","theForsaken:WardingHymn","theForsaken:DivineGuidance","theForsaken:HymnOfPatience","theForsaken:NobleSacrifice","theForsaken:SpreadingPlague","ReplayTheSpireMod:Faulty Equipment","theForsaken:ShieldBash","theForsaken:NobleSacrifice"],"relics":["Astrolabe","conspire:InfiniteJournal","Smiling Mask","Odd Mushroom","Runesmith:AutoHammer","Replay:Baseball","Kintsugi","Replay:Arrowhead"],"acts_visited":["Exordium","TheCity"],"potions_floor_usage":[7,13,20,23],"damage_taken":[{"damage":0,"enemies":"Small Slimes","floor":1,"turns":7},{"damage":15,"enemies":"2 Louse","floor":2,"turns":7},{"damage":48,"enemies":"Jaw Worm","floor":4,"turns":17},{"damage":4,"enemies":"3 Louse","floor":5,"turns":6},{"damage":27,"enemies":"3 Sentries","floor":7,"turns":8},{"damage":77,"enemies":"The Mushroom Lair","floor":8,"turns":10},{"damage":57,"enemies":"Lagavulin","floor":10,"turns":10},{"damage":0,"enemies":"Lots of Slimes","floor":12,"turns":6},{"damage":29,"enemies":"Gremlin Nob","floor":13,"turns":5},{"damage":14,"enemies":"Looter","floor":14,"turns":4},{"damage":107,"enemies":"The Guardian","floor":16,"turns":16},{"damage":33,"enemies":"2 Thieves","floor":18,"turns":4},{"damage":22,"enemies":"conspire:FuzzyDice","floor":20,"turns":6},{"damage":94,"enemies":"Centurion and Healer","floor":22,"turns":13},{"damage":77,"enemies":"Slavers","floor":23,"turns":3}],"seed_played":"-8304921627498920279","potions_obtained":[{"floor":2,"key":"blueLaboratory:BottleOfRum"},{"floor":5,"key":"BlessingOfTheForge"},{"floor":7,"key":"Strength Potion"},{"floor":13,"key":"blueLaboratory:BottledHope"},{"floor":14,"key":"Swift Potion"}],"is_trial":false,"path_per_floor":["M","M","?","M","M","R","E","?","T","E","R","M","E","M","R","B",null,"M","$","M","?","M","E"],"character_chosen":"THE_FORSAKEN","items_purchased":["Replay:Arrowhead"],"campfire_rested":0,"item_purchase_floors":[19],"current_hp_per_floor":[61,54,34,59,61,61,61,58,58,61,61,61,49,44,44,61,61,46,46,61,61,65,0,0],"gold":118,"neow_bonus":"BOSS_RELIC","is_daily":false,"chose_seed":false,"campfire_upgraded":3,"win_rate":0.0,"timestamp":1608734691,"path_taken":["M","M","?","M","M","R","E","?","T","E","R","M","E","M","R","BOSS","M","$","M","?","M","E"],"items_purchased_type":["Relic"],"build_version":"2020-12-22","purchased_purges":1,"victory":false,"max_hp_per_floor":[61,61,61,61,61,61,61,61,61,61,61,61,61,61,61,61,61,61,61,61,61,65,65,65],"relic_stats":{"counters":[15,122],"Astrolabe":["theForsaken:InspiringBlow","theForsaken:SolarFlare","theForsaken:TearsOfSunlight"],"Smiling Mask":25,"obtain_stats":[{"Replay:Baseball":13,"Astrolabe":0,"Runesmith:AutoHammer":10,"Odd Mushroom":8,"Kintsugi":17,"theForsaken:JudgementScales":0,"Smiling Mask":7,"Replay:Arrowhead":19,"conspire:InfiniteJournal":3},{"Replay:Baseball":9,"Astrolabe":0,"Runesmith:AutoHammer":7,"Odd Mushroom":6,"Kintsugi":11,"theForsaken:JudgementScales":0,"Smiling Mask":5,"Replay:Arrowhead":12,"conspire:InfiniteJournal":2},{"Replay:Baseball":76,"Astrolabe":0,"Runesmith:AutoHammer":65,"Odd Mushroom":55,"Kintsugi":96,"theForsaken:JudgementScales":0,"Smiling Mask":45,"Replay:Arrowhead":100,"conspire:InfiniteJournal":14}]},"card_choices":[{"not_picked":["theForsaken:RainingSunlight","theForsaken:Backlash","theForsaken:HorrifyingStrike"],"picked":"SKIP","floor":1},{"not_picked":["theForsaken:WordsOfMight","theForsaken:CowardsBrand","theForsaken:Backlash"],"picked":"SKIP","floor":2},{"not_picked":["theForsaken:BlindFaith","theForsaken:ChargeAttack"],"picked":"theForsaken:StoreUp","floor":3},{"not_picked":["theForsaken:Preservation","theForsaken:HorrifyingStrike","theForsaken:BlindFaith"],"picked":"SKIP","floor":4},{"not_picked":["theForsaken:WrathOfGod","theForsaken:PowerUp"],"picked":"theForsaken:WardingHymn","floor":5},{"not_picked":["theForsaken:RainingSunlight","theForsaken:BottledPlague"],"picked":"theForsaken:DivineGuidance","floor":7},{"not_picked":["theForsaken:SiphonStrike","theForsaken:FuryStrikes","theForsaken:PanicDive"],"picked":"SKIP","floor":10},{"not_picked":["theForsaken:PowerUp","theForsaken:TearsOfSunlight"],"picked":"theForsaken:HymnOfPatience","floor":12},{"not_picked":["theForsaken:Eulogy","theForsaken:ShieldBash"],"picked":"theForsaken:NobleSacrifice","floor":13},{"not_picked":["theForsaken:Parry","theForsaken:ShieldCharge","theForsaken:Backlash"],"picked":"SKIP","floor":14},{"not_picked":["theForsaken:TearsOfSunlight","theForsaken:Confusion"],"picked":"theForsaken:SpreadingPlague","floor":16},{"not_picked":["theForsaken:Enfeeble","theForsaken:Eulogy"],"picked":"theForsaken:ShieldBash","floor":18},{"not_picked":["theForsaken:Tranquility+1","theForsaken:HorrifyingStrike"],"picked":"theForsaken:NobleSacrifice","floor":20},{"not_picked":["theForsaken:BlessedWeapon","theForsaken:RainingSunlight","theForsaken:WordsOfPestilence"],"picked":"SKIP","floor":22}],"player_experience":1749576,"relics_obtained":[{"floor":3,"key":"conspire:InfiniteJournal"},{"floor":7,"key":"Smiling Mask"},{"floor":8,"key":"Odd Mushroom"},{"floor":10,"key":"Runesmith:AutoHammer"},{"floor":13,"key":"Replay:Baseball"}],"event_choices":[{"damage_healed":0,"gold_gain":0,"player_choice":"Fought Mushrooms","damage_taken":0,"max_hp_gain":0,"max_hp_loss":0,"event_name":"Mushrooms","floor":8,"gold_loss":0},{"damage_healed":0,"gold_gain":50,"player_choice":"Steal","damage_taken":0,"max_hp_gain":0,"max_hp_loss":0,"event_name":"betterThird:BetterNest","floor":21,"gold_loss":0}],"is_beta":false,"boss_relics":[{"not_picked":["SacredBark","Snecko Heart"],"picked":"Kintsugi"}],"items_purged_floors":[19],"is_endless":false,"potions_floor_spawned":[2,5,7,12,13,14,18],"killed_by":"Slavers","ascension_level":15}}