{"host":"4tnjxquzd1sn7hrw","time":1608698862,"event":{"mods":["BaseMod","Colored Map","Downfall","Hubris","Minty Spire (QoL Compilation)","Quick Restart","StSLib"],"gold_per_floor":[99,99,99,113,113,141,168,180,180,105,122,122,132,144,159,159,159,159],"floor_reached":16,"playtime":862,"items_purged":[],"score":102,"play_id":"f19d01f0-ff88-483d-a5b3-d408243082e5","local_time":"20201223134742","is_ascension_mode":false,"campfire_choices":[{"data":"champ:Taunt","floor":1,"key":"SMITH"},{"data":"champ:IgnorePain","floor":10,"key":"SMITH"},{"floor":12,"key":"RECALL"}],"circlet_count":0,"master_deck":["champ:Strike","champ:Strike","champ:Strike","champ:Defend","champ:Defend","champ:Defend","champ:Defend","champ:Execute","champ:Taunt+1","champ:FanOfKnives","champ:GutPunch","champ:GladiatorsShout","champ:GladiatorStyle","champ:RisingSlash","champ:IgnorePain+1","champ:FocusedBerserking","champ:ArenaPreparation","champ:BerserkersShout","champ:Encircle"],"relics":["champ:ChampionCrown","champ:FightingForDummies","Centennial Puzzle","downfall:HeartBlessingBlue"],"acts_visited":["Exordium"],"potions_floor_usage":[11,16],"damage_taken":[{"damage":0,"enemies":"2 Louse","floor":4,"turns":3},{"damage":0,"enemies":"Cultist","floor":5,"turns":1},{"damage":38,"enemies":"Gremlin Nob","floor":6,"turns":4},{"damage":7,"enemies":"Small Slimes","floor":8,"turns":3},{"damage":8,"enemies":"Gremlin Gang","floor":11,"turns":3},{"damage":5,"enemies":"3 Louse","floor":13,"turns":2},{"damage":21,"enemies":"Exordium Thugs","floor":14,"turns":3},{"damage":43,"enemies":"Blue Slaver","floor":15,"turns":5},{"damage":60,"enemies":"downfall:Ironclad","floor":16,"turns":2}],"seed_played":"695212883968404795","potions_obtained":[{"floor":6,"key":"Explosive Potion"},{"floor":11,"key":"BlessingOfTheForge"},{"floor":13,"key":"SpeedPotion"}],"is_trial":false,"path_per_floor":["R","?","?","M","M","E","T","M","?","R","M","R","M","M","M","B"],"character_chosen":"THE_CHAMP","items_purchased":[],"campfire_rested":0,"item_purchase_floors":[],"current_hp_per_floor":[90,90,90,90,90,60,60,58,58,68,68,68,68,55,40,0,0,0],"gold":159,"neow_bonus":"RANDOM_COMMON_RELIC","is_daily":false,"chose_seed":false,"campfire_upgraded":2,"win_rate":0.0,"timestamp":1608698862,"path_taken":["R","?","?","M","M","E","T","M","?","R","M","R","M","?","M","BOSS"],"items_purchased_type":[],"build_version":"2020-12-13","purchased_purges":0,"victory":false,"max_hp_per_floor":[90,90,90,90,90,90,90,90,90,100,100,100,100,100,100,100,100,100],"card_choices":[{"not_picked":["champ:AdrenalArmor","champ:FocusedGladiator"],"picked":"champ:GutPunch","floor":4},{"not_picked":["champ:DefensiveShout","champ:SkillfulDodge"],"picked":"champ:GladiatorsShout","floor":5},{"not_picked":["champ:DefensiveShout","champ:EndlessRage"],"picked":"champ:GladiatorStyle","floor":6},{"not_picked":["champ:FlashCut","champ:Riposte"],"picked":"champ:RisingSlash","floor":8},{"not_picked":["champ:DefensiveShout","champ:ShieldWall"],"picked":"champ:FocusedBerserking","floor":11},{"not_picked":["champ:Shatter","champ:FanOfKnives"],"picked":"champ:ArenaPreparation","floor":13},{"not_picked":["champ:AdrenalArmor","champ:FanOfKnives"],"picked":"champ:BerserkersShout","floor":14},{"not_picked":["champ:BladeFlurry","champ:CalledShot"],"picked":"champ:Encircle","floor":15}],"player_experience":486559,"relics_obtained":[{"floor":6,"key":"Centennial Puzzle"}],"event_choices":[{"damage_healed":0,"gold_gain":0,"cards_transformed":["champ:Strike"],"player_choice":"Transformed","damage_taken":0,"max_hp_gain":0,"max_hp_loss":0,"event_name":"Transmorgrifier","floor":9,"gold_loss":0,"cards_obtained":["champ:IgnorePain"]}],"is_beta":false,"boss_relics":[],"items_purged_floors":[],"is_endless":false,"potions_floor_spawned":[6,11,13],"killed_by":"downfall:Ironclad","ascension_level":0}}