{"host":"na09lpbrez4gbfiz","time":1608717351,"event":{"mods":["Act Like it!","BaseMod","BetterRewards","Colored Map","Colored Powertips","DeckTracker","Googly Eyes","Highlight Path","Minty Spire (QoL Compilation)","Quick Restart","Spicy Shops","StSLib","SuperFastMode","Synergy Search"],"gold_per_floor":[113,124,138,151,167,167,182,192,192,211,211,221,221,241,241,338,338,356,356,376,153,172,172,191,191,191,191,191],"floor_reached":27,"playtime":1136,"items_purged":[],"score":470,"play_id":"344f28c9-6d70-4d0e-a07b-5f4b24cdbc35","local_time":"20201223105551","is_ascension_mode":true,"campfire_choices":[{"data":"Armaments","floor":6,"key":"SMITH"},{"data":"True Grit","floor":11,"key":"SMITH"},{"floor":13,"key":"REST"},{"data":"Feel No Pain","floor":15,"key":"SMITH"},{"data":"Demon Form","floor":23,"key":"SMITH"},{"floor":25,"key":"REST"}],"circlet_count":0,"master_deck":["AscendersBane","Strike_R","Strike_R","Strike_R","Strike_R","Strike_R","Defend_R","Defend_R","Defend_R","Defend_R","Bash","Cleave","Armaments+1","Shrug It Off+1","True Grit+1","Pummel","True Grit+1","Feel No Pain+1","Havoc","Berserk+1","Spot Weakness","Sword Boomerang","Rampage","Demon Form+1"],"relics":["Burning Blood","Bronze Scales","Mango","War Paint","Black Star","Torii","Toxic Egg 2"],"acts_visited":["Exordium","TheCity"],"potions_floor_usage":[12,12,16,16,22,27],"damage_taken":[{"damage":1,"enemies":"Cultist","floor":1,"turns":3},{"damage":11,"enemies":"2 Louse","floor":2,"turns":2},{"damage":3,"enemies":"Small Slimes","floor":3,"turns":3},{"damage":30,"enemies":"Exordium Thugs","floor":4,"turns":6},{"damage":0,"enemies":"Blue Slaver","floor":5,"turns":5},{"damage":11,"enemies":"Exordium Wildlife","floor":7,"turns":4},{"damage":5,"enemies":"Large Slime","floor":8,"turns":5},{"damage":7,"enemies":"Exordium Thugs","floor":10,"turns":6},{"damage":34,"enemies":"Gremlin Gang","floor":12,"turns":5},{"damage":14,"enemies":"Red Slaver","floor":14,"turns":5},{"damage":33,"enemies":"The Guardian","floor":16,"turns":18},{"damage":45,"enemies":"Spheric Guardian","floor":18,"turns":8},{"damage":11,"enemies":"Shell Parasite","floor":20,"turns":5},{"damage":2,"enemies":"Centurion and Healer","floor":22,"turns":5},{"damage":12,"enemies":"Sentry and Sphere","floor":24,"turns":5},{"damage":92,"enemies":"Gremlin Leader","floor":27,"turns":7}],"seed_played":"-7141463974333450917","potions_obtained":[{"floor":4,"key":"Swift Potion"},{"floor":5,"key":"EntropicBrew"},{"floor":16,"key":"FearPotion"},{"floor":24,"key":"Regen Potion"}],"is_trial":false,"path_per_floor":["M","M","M","M","M","R","M","M","T","M","R","M","R","M","R","B",null,"M","?","M","$","M","R","M","R","T","E"],"character_chosen":"IRONCLAD","items_purchased":["Bronze Scales","Mango","Rampage","Torii"],"campfire_rested":2,"item_purchase_floors":[0,0,21,21],"current_hp_per_floor":[84,79,82,58,64,64,59,60,60,59,59,31,59,51,51,79,90,51,51,46,46,50,50,44,72,72,0,0],"gold":191,"neow_bonus":"","is_daily":false,"chose_seed":false,"campfire_upgraded":4,"win_rate":0.0,"timestamp":1608717351,"path_taken":["M","M","M","?","M","R","M","M","T","M","R","M","R","M","R","BOSS","M","?","M","$","?","R","M","R","T","E"],"items_purchased_type":["Relic","Relic","Card","Relic"],"build_version":"2020-12-22","purchased_purges":0,"victory":false,"max_hp_per_floor":[94,94,94,94,94,94,94,94,94,94,94,94,94,94,94,94,94,94,94,94,94,94,94,94,94,94,94,94],"card_choices":[{"not_picked":["Hemokinesis","Perfected Strike"],"picked":"Armaments","floor":1},{"not_picked":["Headbutt","Anger"],"picked":"Shrug It Off","floor":2},{"not_picked":["Body Slam","Perfected Strike","Sentinel"],"picked":"SKIP","floor":3},{"not_picked":["Pommel Strike","Burning Pact"],"picked":"True Grit","floor":4},{"not_picked":["Perfected Strike","Thunderclap"],"picked":"Pummel","floor":5},{"not_picked":["Cleave","Armaments","Heavy Blade"],"picked":"SKIP","floor":7},{"not_picked":["Perfected Strike","Armaments"],"picked":"True Grit","floor":8},{"not_picked":["Heavy Blade","Armaments","Warcry"],"picked":"SKIP","floor":10},{"not_picked":["Dual Wield","Sword Boomerang"],"picked":"Feel No Pain","floor":12},{"not_picked":["Shrug It Off","Sword Boomerang"],"picked":"Havoc","floor":14},{"not_picked":["Bludgeon","Impervious"],"picked":"Berserk","floor":16},{"not_picked":["Pummel+1","Cleave"],"picked":"Spot Weakness","floor":18},{"not_picked":["True Grit","Havoc"],"picked":"Sword Boomerang","floor":20},{"not_picked":["Havoc","Spot Weakness"],"picked":"Demon Form","floor":22},{"not_picked":["Body Slam","Sword Boomerang","Thunderclap+1"],"picked":"SKIP","floor":24}],"player_experience":241325,"relics_obtained":[{"floor":9,"key":"War Paint"},{"floor":26,"key":"Toxic Egg 2"}],"event_choices":[{"damage_healed":0,"gold_gain":0,"player_choice":"Upgraded","damage_taken":0,"max_hp_gain":0,"max_hp_loss":0,"event_name":"Upgrade Shrine","floor":19,"gold_loss":0,"cards_upgraded":["Berserk"]}],"is_beta":false,"boss_relics":[{"not_picked":["Tiny House","Runic Pyramid"],"picked":"Black Star"}],"items_purged_floors":[],"is_endless":false,"potions_floor_spawned":[4,5,7,14,16,24],"killed_by":"Gremlin Leader","ascension_level":10}}