{"host":"e51yr5r324k9740w","time":1608690253,"event":{"mods":["BaseMod","Better Third Choice","BetterRewards","Downfall","Minty Spire (QoL Compilation)","Replay The Spire","StSLib"],"gold_per_floor":[99,114,129,144,0,15,15,30,45,75,0,0,15,15,30,130,130,130,145,245,260,275,110,110,35,50,50,80,95,195,210,225,325,325,325,340,76,91,106,136,136,166,181,106,136,151,151,166,181,181],"floor_reached":51,"playtime":6135,"items_purged":[],"score":944,"play_id":"5a56da86-5084-4ea0-918e-d20567b33670","local_time":"20201222202413","daily_mods":["Shiny","Vintage","DeadlyEvents"],"is_ascension_mode":false,"campfire_choices":[{"floor":1,"key":"RECALL"},{"data":"champ:PerfectForm","floor":11,"key":"SMITH"},{"data":"Enlightenment","floor":18,"key":"SMITH"},{"data":"champ:VampiricStrike","floor":25,"key":"SMITH"},{"data":"champ:HeavySlash","floor":35,"key":"SMITH"},{"data":"champ:SteelEdge","floor":44,"key":"SMITH"},{"data":"champ:EnchantCrown","floor":47,"key":"SMITH"}],"circlet_count":0,"master_deck":["champ:LastStand","champ:Improvising","champ:EnchantSword","champ:Devastate+1","champ:PerfectForm+1","champ:CrownThrow","champ:IgnorePain","champ:SwordThrow+1","champ:EnchantShield","champ:ShieldSlam","champ:ShieldThrow","champ:HoldFirm+1","champ:MurderStrike","champ:HeavySlash+1","champ:SteelEdge+1","champ:CheapShot","champ:EnchantCrown+1","champ:DancingMaster","champ:VampiricStrike+1","champ:StrikeOfGenius","Enlightenment+1","champ:FanOfKnives","champ:FocusedDefense","champ:ShieldThrow","champ:RisingSlash+1","champ:DefensiveShout+1","champ:VampiricStrike+1","champ:Control+1","champ:RageSigil+1","champ:ShieldSigil+1","champ:SwordSigil+1"],"relics":["champ:ChampionCrown","Replay:WaspNest","Blue Candle","champ:SignatureFinisher","Replay:Mystery Machine","Mirror","Regal Pillow","Divine Protection","Ginger","downfall:HeartBlessingRed","Matryoshka","Replay:Baseball","Incense Burner","ReplayTheSpireMod:TigerMarble","Coffee Dripper","hexamod:BolsterEngine","champ:BlackKnightHelmet","Garlic","Potion Belt","Molten Egg 2","Guide Book","Quantum Egg","downfall:HeartBlessingBlue","Iron Hammer","Bottled Lightning","HornCleat","downfall:GremlinWheel","Akabeko","FossilizedHelix","Runic Pyramid","Pet Ghost","Strange Spoon","Replay:Bottled Steam","War Paint","Mummified Hand","Prayer Wheel","Ice Cream","champ:FightingForDummies","Replay:Accelerometer","downfall:HeartBlessingGreen","Bag of Marbles","Pen Nib","Sundial","Bag of Preparation"],"acts_visited":["Exordium","TheCity","TheBeyond"],"potions_floor_usage":[6,19,19,28,28,28,28,32,37,37,40,40,50],"damage_taken":[{"damage":0,"enemies":"2 Louse","floor":2,"turns":3},{"damage":12,"enemies":"Jaw Worm","floor":3,"turns":4},{"damage":8,"enemies":"Small Slimes","floor":4,"turns":4},{"damage":0,"enemies":"2 Fungi Beasts","floor":6,"turns":3},{"damage":12,"enemies":"Gremlin Gang","floor":8,"turns":3},{"damage":13,"enemies":"Red Slaver","floor":9,"turns":2},{"damage":20,"enemies":"Replay:BlueRogue","floor":10,"turns":5},{"damage":0,"enemies":"downfall:FleeingMerchant","floor":12,"turns":4},{"damage":0,"enemies":"Exordium Wildlife","floor":13,"turns":4},{"damage":33,"enemies":"Gremlin Gang","floor":15,"turns":5},{"damage":17,"enemies":"Hexaghost","floor":16,"turns":7},{"damage":2,"enemies":"Shell Parasite","floor":19,"turns":2},{"damage":18,"enemies":"Shell Parasite","floor":20,"turns":6},{"damage":0,"enemies":"3 Byrds","floor":21,"turns":4},{"damage":0,"enemies":"Snecko","floor":22,"turns":2},{"damage":0,"enemies":"downfall:FleeingMerchant","floor":23,"turns":4},{"damage":0,"enemies":"Shelled Parasite and Fungi","floor":26,"turns":2},{"damage":0,"enemies":"Gremlin Leader","floor":28,"turns":3},{"damage":0,"enemies":"Snake Plant","floor":29,"turns":1},{"damage":0,"enemies":"Snake Plant","floor":30,"turns":2},{"damage":0,"enemies":"Centurion and Healer","floor":31,"turns":2},{"damage":0,"enemies":"Snecko","floor":32,"turns":3},{"damage":6,"enemies":"downfall:Defect","floor":33,"turns":5},{"damage":15,"enemies":"3 Shapes","floor":36,"turns":3},{"damage":0,"enemies":"downfall:FleeingMerchant","floor":37,"turns":5},{"damage":0,"enemies":"3 Darklings","floor":38,"turns":3},{"damage":18,"enemies":"Transient","floor":39,"turns":5},{"damage":0,"enemies":"R_Hoarder","floor":40,"turns":3},{"damage":6,"enemies":"Nemesis","floor":42,"turns":8},{"damage":6,"enemies":"Maw","floor":43,"turns":5},{"damage":24,"enemies":"R_Hoarder","floor":45,"turns":5},{"damage":0,"enemies":"Writhing Mass","floor":46,"turns":2},{"damage":9,"enemies":"Jaw Worm Horde","floor":48,"turns":2},{"damage":0,"enemies":"3 Darklings","floor":49,"turns":3},{"damage":0,"enemies":"downfall:Ironclad","floor":50,"turns":2}],"seed_played":"4926568582952100995","potions_obtained":[{"floor":2,"key":"Cursed Concoction"},{"floor":3,"key":"SkillPotion"},{"floor":6,"key":"SteroidPotion"},{"floor":10,"key":"SteroidPotion"},{"floor":21,"key":"Toxic Potion"},{"floor":22,"key":"Fire Potion"},{"floor":26,"key":"EntropicBrew"},{"floor":29,"key":"PowerPotion"},{"floor":38,"key":"Death Potion"},{"floor":39,"key":"Elixir"},{"floor":43,"key":"Doom Potion"},{"floor":46,"key":"Fire Potion"},{"floor":48,"key":"Energy Potion"}],"is_trial":false,"path_per_floor":["R","M","M","M","?","M","T","M","M","E","R","$","M","T","M","B",null,"R","M","?","M","M","$","T","R","M","?","E","M","?","M","M","B",null,"R","M","$","M","M","E","T","E","M","R","E","M","R","M","M","B",null],"character_chosen":"THE_CHAMP","items_purchased":["Guide Book","Strange Spoon","champ:RageSigil","sneckomod:MuddlingPotion"],"campfire_rested":0,"item_purchase_floors":[23,37,37,37],"current_hp_per_floor":[90,90,84,82,88,96,96,87,74,64,64,64,64,64,51,76,96,96,96,96,96,96,96,96,106,106,84,107,111,111,111,111,111,111,111,111,111,111,111,111,111,111,111,111,111,111,111,111,111,111],"gold":181,"neow_bonus":"","is_daily":true,"chose_seed":false,"campfire_upgraded":6,"win_rate":0.0,"timestamp":1608690253,"path_taken":["R","M","M","M","?","M","T","M","?","E","R","?","M","?","M","BOSS","R","M","?","M","M","$","T","R","M","?","E","M","?","M","M","BOSS","R","M","$","M","?","E","T","E","M","R","?","M","R","M","M","BOSS"],"items_purchased_type":["Relic","Relic","Card","Potion"],"build_version":"2020-12-13","purchased_purges":0,"victory":true,"max_hp_per_floor":[90,90,90,90,96,96,96,96,96,96,96,96,96,96,96,96,96,96,96,96,96,96,96,96,106,106,111,111,111,111,111,111,111,111,111,111,111,111,111,111,111,111,111,111,111,111,111,111,111,111],"card_choices":[{"not_picked":["champ:PerfectedStrike","champ:BerserkersShout"],"picked":"champ:FanOfKnives","floor":10},{"not_picked":["champ:Haymaker","champ:BerserkersShout"],"picked":"champ:FocusedDefense","floor":12},{"not_picked":["champ:DancingMaster","champ:HoldFirm"],"picked":"champ:ShieldThrow","floor":16},{"not_picked":["champ:BringItOn","champ:RapidStrikes+1"],"picked":"champ:RisingSlash+1","floor":23},{"not_picked":["champ:Backstep","champ:BerserkersShout"],"picked":"champ:DefensiveShout+1","floor":28},{"not_picked":["champ:IgnorePain","champ:EnchantSword"],"picked":"champ:VampiricStrike+1","floor":33},{"not_picked":["champ:GladiatorsShout+1","champ:Encircle+1"],"picked":"champ:Control+1","floor":37},{"not_picked":["champ:BladeFlurry+1","champ:Backstep+1","champ:LastStand"],"picked":"SKIP","floor":40},{"not_picked":["champ:DancingMaster","champ:EnGarde+1"],"picked":"champ:ShieldSigil+1","floor":42},{"not_picked":["champ:DefensiveShout","champ:Encircle+1"],"picked":"champ:SwordSigil+1","floor":45}],"player_experience":274439,"relics_obtained":[{"floor":2,"key":"Replay:WaspNest"},{"floor":3,"key":"Blue Candle"},{"floor":4,"key":"champ:SignatureFinisher"},{"floor":6,"key":"Replay:Mystery Machine"},{"floor":7,"key":"Mirror"},{"floor":8,"key":"Regal Pillow"},{"floor":9,"key":"Divine Protection"},{"floor":10,"key":"Ginger"},{"floor":13,"key":"Matryoshka"},{"floor":14,"key":"Replay:Baseball"},{"floor":14,"key":"Incense Burner"},{"floor":15,"key":"ReplayTheSpireMod:TigerMarble"},{"floor":19,"key":"hexamod:BolsterEngine"},{"floor":20,"key":"champ:BlackKnightHelmet"},{"floor":20,"key":"Garlic"},{"floor":21,"key":"Potion Belt"},{"floor":22,"key":"Molten Egg 2"},{"floor":24,"key":"Quantum Egg"},{"floor":26,"key":"Iron Hammer"},{"floor":28,"key":"Bottled Lightning"},{"floor":29,"key":"HornCleat"},{"floor":30,"key":"downfall:GremlinWheel"},{"floor":31,"key":"Akabeko"},{"floor":32,"key":"FossilizedHelix"},{"floor":36,"key":"Pet Ghost"},{"floor":38,"key":"Replay:Bottled Steam"},{"floor":39,"key":"War Paint"},{"floor":40,"key":"Mummified Hand"},{"floor":41,"key":"Prayer Wheel"},{"floor":42,"key":"Ice Cream"},{"floor":43,"key":"champ:FightingForDummies"},{"floor":44,"key":"Replay:Accelerometer"},{"floor":45,"key":"Bag of Marbles"},{"floor":46,"key":"Pen Nib"},{"floor":48,"key":"Sundial"},{"floor":49,"key":"Bag of Preparation"}],"event_choices":[{"damage_healed":0,"gold_gain":0,"player_choice":"RENOUNCE","damage_taken":144,"max_hp_gain":0,"max_hp_loss":0,"event_name":"betterThird:BetterSerpent","floor":5,"gold_loss":144,"cards_obtained":["Enlightenment"]},{"damage_healed":0,"gold_gain":0,"player_choice":"Relic","damage_taken":0,"max_hp_gain":0,"max_hp_loss":0,"event_name":"Wheel of Change","floor":44,"gold_loss":0}],"is_beta":false,"boss_relics":[{"not_picked":["Astrolabe","Calling Bell"],"picked":"Coffee Dripper"},{"not_picked":["Kintsugi","Replay:Grab Bag"],"picked":"Runic Pyramid"}],"items_purged_floors":[],"is_endless":false,"potions_floor_spawned":[2,3,6,10,21,22,26,29,38,39,43,46,48],"ascension_level":0}}