{"host":"Melcetto","time":1608693641,"event":{"mods":["AlwaysNeverKeys","BaseMod","Better Vampires","Colored Map","Colored Powertips","DeckTracker","Emptier Cage","Minty Spire (QoL Compilation)","Permanent Neow","Quick Restart","Random Character Button","Rare Cards Sparkle","Relic Sorter","Relic Stats","StSLib","Transform Curses"],"gold_per_floor":[99,99,99,99,99,99,99,99,99,99,59,59,59,59,59,59,59,0,0,0,0,0,0,0,0,0,0,0,0,0,0,0,0,0],"floor_reached":33,"playtime":2476,"items_purged":[],"score":844,"play_id":"482d96cf-2b2a-4c5b-b275-e24fcd080cbd","local_time":"20201222222041","is_ascension_mode":true,"campfire_choices":[{"data":"Bash","floor":7,"key":"SMITH"},{"data":"Rage","floor":10,"key":"SMITH"},{"data":"Fiend Fire","floor":15,"key":"SMITH"},{"floor":27,"key":"REST"},{"data":"Demon Form","floor":32,"key":"SMITH"}],"circlet_count":0,"master_deck":["AscendersBane","Strike_R+1","Strike_R+1","Strike_R+1","Strike_R+1","Strike_R+1","Defend_R+1","Defend_R+1","Defend_R+1","Defend_R+1","Bash+1","Dropkick","Hemokinesis+1","Rage+1","Immolate","Demon Form+1","Fiend Fire+1","Impervious","Shockwave+1","Power Through","Shrug It Off","Body Slam","Power Through"],"relics":["Ectoplasm","War Paint","Centennial Puzzle","Question Card","Bronze Scales","Potion Belt","Philosopher\u0027s Stone","Bag of Preparation","Omamori","Smiling Mask","Red Skull","Strawberry","PreservedInsect"],"acts_visited":["Exordium","TheCity"],"potions_floor_usage":[6,19,21,23,33],"damage_taken":[{"damage":7,"enemies":"Jaw Worm","floor":1,"turns":3},{"damage":0,"enemies":"Cultist","floor":2,"turns":3},{"damage":0,"enemies":"2 Louse","floor":4,"turns":2},{"damage":31,"enemies":"3 Sentries","floor":6,"turns":7},{"damage":10,"enemies":"Lagavulin","floor":8,"turns":7},{"damage":0,"enemies":"Looter","floor":11,"turns":3},{"damage":2,"enemies":"3 Louse","floor":12,"turns":2},{"damage":4,"enemies":"3 Sentries","floor":13,"turns":4},{"damage":6,"enemies":"Exordium Wildlife","floor":14,"turns":2},{"damage":2,"enemies":"Hexaghost","floor":16,"turns":6},{"damage":4,"enemies":"2 Thieves","floor":18,"turns":3},{"damage":2,"enemies":"3 Byrds","floor":19,"turns":3},{"damage":13,"enemies":"Shelled Parasite and Fungi","floor":21,"turns":3},{"damage":5,"enemies":"Slavers","floor":23,"turns":3},{"damage":2,"enemies":"Snake Plant","floor":24,"turns":2},{"damage":2,"enemies":"Book of Stabbing","floor":25,"turns":3},{"damage":2,"enemies":"Gremlin Leader","floor":28,"turns":5},{"damage":0,"enemies":"Centurion and Healer","floor":29,"turns":3},{"damage":0,"enemies":"Slavers","floor":31,"turns":3},{"damage":50,"enemies":"Automaton","floor":33,"turns":6}],"seed_played":"-7075341906132931782","potions_obtained":[{"floor":2,"key":"Regen Potion"},{"floor":6,"key":"Swift Potion"},{"floor":8,"key":"SteroidPotion"},{"floor":14,"key":"Block Potion"},{"floor":16,"key":"SkillPotion"},{"floor":18,"key":"AttackPotion"},{"floor":21,"key":"Dexterity Potion"},{"floor":29,"key":"Weak Potion"}],"is_trial":false,"path_per_floor":["M","M","?","M","?","E","R","E","T","R","M","M","E","M","R","B",null,"M","M","?","M","?","E","M","E","T","R","E","M","?","E","R","B"],"character_chosen":"IRONCLAD","items_purchased":[],"campfire_rested":1,"item_purchase_floors":[],"current_hp_per_floor":[61,61,61,61,61,45,45,35,35,35,35,33,29,23,23,21,62,58,56,56,43,22,17,15,13,13,37,35,35,42,42,42,0,0],"gold":0,"neow_bonus":"BOSS_RELIC","is_daily":false,"chose_seed":false,"campfire_upgraded":4,"win_rate":0.0,"timestamp":1608693641,"path_taken":["M","M","?","?","?","E","R","E","T","R","M","M","E","M","R","BOSS","M","M","?","M","?","E","M","E","T","R","E","?","?","E","R","BOSS"],"items_purchased_type":[],"build_version":"2020-12-18","purchased_purges":0,"victory":false,"max_hp_per_floor":[75,75,75,75,75,75,75,75,75,75,75,75,75,75,75,75,75,75,75,75,75,80,80,80,80,80,80,80,80,87,87,87,87,87],"relic_stats":{"Centennial Puzzle":[39],"counters":[20,73],"Bronze Scales":[152],"Ectoplasm":615,"PreservedInsect":0,"Bag of Preparation":[12],"War Paint":["Defend_R","Defend_R"],"Question Card":14,"Smiling Mask":0,"obtain_stats":[{"Potion Belt":13,"PreservedInsect":31,"Bag of Preparation":23,"Omamori":25,"War Paint":3,"Question Card":8,"Smiling Mask":26,"Burning Blood":0,"Centennial Puzzle":6,"Bronze Scales":9,"Strawberry":30,"Philosopher\u0027s Stone":17,"Ectoplasm":0,"Red Skull":28},{"Potion Belt":8,"PreservedInsect":19,"Bag of Preparation":14,"Omamori":16,"War Paint":2,"Question Card":5,"Smiling Mask":16,"Burning Blood":0,"Centennial Puzzle":4,"Bronze Scales":5,"Strawberry":18,"Philosopher\u0027s Stone":10,"Ectoplasm":0,"Red Skull":17},{"Potion Belt":31,"PreservedInsect":67,"Bag of Preparation":51,"Omamori":56,"War Paint":6,"Question Card":22,"Smiling Mask":56,"Burning Blood":0,"Centennial Puzzle":15,"Bronze Scales":22,"Strawberry":64,"Philosopher\u0027s Stone":39,"Ectoplasm":0,"Red Skull":61}]},"card_choices":[{"not_picked":["Clash","Iron Wave"],"picked":"Second Wind","floor":1},{"not_picked":["Feel No Pain","Headbutt"],"picked":"Dropkick","floor":2},{"not_picked":["Rampage","Body Slam"],"picked":"Hemokinesis","floor":4},{"not_picked":["Rage","Seeing Red","Anger"],"picked":"SKIP","floor":6},{"not_picked":["Seeing Red","Anger"],"picked":"Rage","floor":6},{"not_picked":["Pommel Strike","Clothesline","Iron Wave"],"picked":"SKIP","floor":8},{"not_picked":["Thunderclap","Reckless Charge","Heavy Blade","Body Slam"],"picked":"SKIP","floor":11},{"not_picked":["Twin Strike","Inflame","Intimidate"],"picked":"Immolate","floor":12},{"not_picked":["Anger","Perfected Strike","Burning Pact"],"picked":"Demon Form","floor":13},{"not_picked":["Shrug It Off","Pommel Strike","Seeing Red"],"picked":"Fiend Fire","floor":14},{"not_picked":["Berserk","Exhume","Double Tap"],"picked":"Impervious","floor":16},{"not_picked":["Bloodletting","Clothesline","Twin Strike","Wild Strike"],"picked":"SKIP","floor":18},{"not_picked":["Body Slam","Havoc","Headbutt+1"],"picked":"Shockwave+1","floor":19},{"not_picked":["Pommel Strike+1","Flame Barrier","Thunderclap"],"picked":"Power Through","floor":21},{"not_picked":["Armaments","Shockwave","Brutality"],"picked":"Shrug It Off","floor":23},{"not_picked":["Sentinel","Spot Weakness","Entrench"],"picked":"Body Slam","floor":24},{"not_picked":["Twin Strike","Clothesline","Flex","Spot Weakness"],"picked":"SKIP","floor":25},{"not_picked":["Flex","Body Slam","True Grit","Sword Boomerang"],"picked":"SKIP","floor":28},{"not_picked":["Armaments","Entrench","Spot Weakness","Body Slam"],"picked":"SKIP","floor":29},{"not_picked":["Thunderclap+1","Headbutt","Flex","Power Through"],"picked":"SKIP","floor":31},{"not_picked":["Thunderclap+1","Headbutt","Flex"],"picked":"Power Through","floor":31}],"player_experience":18701242,"relics_obtained":[{"floor":6,"key":"Centennial Puzzle"},{"floor":8,"key":"Question Card"},{"floor":9,"key":"Bronze Scales"},{"floor":13,"key":"Potion Belt"},{"floor":23,"key":"Bag of Preparation"},{"floor":25,"key":"Omamori"},{"floor":26,"key":"Smiling Mask"},{"floor":28,"key":"Red Skull"},{"floor":31,"key":"PreservedInsect"}],"event_choices":[{"cards_removed":["Second Wind"],"damage_healed":0,"gold_gain":0,"player_choice":"Gave Card","damage_taken":0,"relics_obtained":["War Paint"],"max_hp_gain":0,"max_hp_loss":0,"event_name":"WeMeetAgain","floor":3,"gold_loss":0},{"damage_healed":0,"gold_gain":0,"player_choice":"Grow","damage_taken":0,"max_hp_gain":0,"max_hp_loss":0,"event_name":"Living Wall","floor":5,"gold_loss":0,"cards_upgraded":["Hemokinesis"]},{"damage_healed":0,"gold_gain":0,"player_choice":"Simplicity","damage_taken":0,"max_hp_gain":0,"max_hp_loss":0,"event_name":"Back to Basics","floor":20,"gold_loss":0,"cards_upgraded":["Strike_R","Strike_R","Strike_R","Strike_R","Strike_R","Defend_R","Defend_R"]},{"damage_healed":0,"gold_gain":0,"player_choice":"Shed Blood","damage_taken":26,"max_hp_gain":5,"max_hp_loss":0,"event_name":"Forgotten Altar","floor":22,"gold_loss":0},{"damage_healed":0,"gold_gain":0,"player_choice":"Stole Relic","damage_taken":0,"relics_obtained":["Strawberry"],"max_hp_gain":0,"max_hp_loss":0,"event_name":"Addict","floor":30,"gold_loss":0,"cards_obtained":["Shame"]}],"is_beta":true,"boss_relics":[{"not_picked":["Black Star","Pandora\u0027s Box"],"picked":"Philosopher\u0027s Stone"}],"items_purged_floors":[],"is_endless":false,"potions_floor_spawned":[2,6,8,14,16,18,21,29],"killed_by":"Automaton","ascension_level":20}}