{"host":"u2dm6glrpyjr66v9","time":1608734891,"event":{"mods":["AchievementEnabler","BaseMod","CapriCore","Colored Map","Colored Powertips","DeckTracker","Friendly Minions","Minty Spire (QoL Compilation)","Quick Restart","StSLib","SuperFastMode"],"gold_per_floor":[117,117,173,173,183,218,218,218,244,303,303,343,94,137,137,247,247,272,316,21,0,284,284,284,349,396,425,425,460,460,106,106,215,274,289,336,336,336,77,77,77,77,77,77,77,77,148,157,157,157],"floor_reached":51,"playtime":1233,"items_purged":["Regret"],"score":842,"play_id":"34faefc7-bf3a-4dcb-bcc0-219221ddf117","local_time":"20201223234811","daily_mods":["Draft","Heirloom","Time Dilation","Flight","Elite Swarm"],"is_ascension_mode":false,"campfire_choices":[{"data":"Prostrate","floor":8,"key":"SMITH"},{"data":"Pray","floor":11,"key":"SMITH"},{"data":"Devotion","floor":15,"key":"SMITH"},{"data":"Wish","floor":23,"key":"SMITH"},{"data":"Judgement","floor":24,"key":"SMITH"},{"floor":30,"key":"REST"},{"data":"DevaForm","floor":32,"key":"SMITH"},{"floor":40,"key":"REST"},{"data":"1","floor":42,"key":"LIFT"},{"data":"2","floor":44,"key":"LIFT"},{"data":"3","floor":46,"key":"LIFT"},{"data":"Ragnarok","floor":49,"key":"SMITH"}],"circlet_count":0,"master_deck":["EmptyFist","Indignation","Consecrate","WindmillStrike+1","FlurryOfBlows+1","Prostrate","ClearTheMind","Pray+1","Pray","Prostrate+1","SandsOfTime","EmptyFist+1","Consecrate","FollowUp","SandsOfTime+1","Prostrate","Devotion+1","ReachHeaven","CarveReality","Judgement+1","Wish+1","SandsOfTime","Worship","Regret","DevaForm+1","Prostrate+1","Fasting2","Prostrate+1","FlurryOfBlows","Ragnarok+1","FollowUp"],"relics":["PureWater","Pocketwatch","Eternal Feather","PreservedInsect","Regal Pillow","Toy Ornithopter","Ginger","CeramicFish","Ancient Tea Set","Whetstone","SlaversCollar","Boot","Unceasing Top","Nunchaku","Girya","Anchor","ClockworkSouvenir","Tiny House","Prayer Wheel","Mummified Hand","StrikeDummy","Meat on the Bone"],"acts_visited":["Exordium","TheCity","TheBeyond"],"potions_floor_usage":[16,33,33,50],"damage_taken":[{"damage":1,"enemies":"Small Slimes","floor":1,"turns":2},{"damage":0,"enemies":"2 Louse","floor":5,"turns":2},{"damage":12,"enemies":"Gremlin Nob","floor":6,"turns":3},{"damage":3,"enemies":"Lagavulin Event","floor":10,"turns":2},{"damage":5,"enemies":"3 Sentries","floor":12,"turns":2},{"damage":0,"enemies":"Lagavulin","floor":14,"turns":2},{"damage":30,"enemies":"Hexaghost","floor":16,"turns":3},{"damage":0,"enemies":"Spheric Guardian","floor":18,"turns":2},{"damage":10,"enemies":"Chosen","floor":19,"turns":3},{"damage":29,"enemies":"Book of Stabbing","floor":25,"turns":3},{"damage":0,"enemies":"Snecko","floor":27,"turns":2},{"damage":38,"enemies":"Slavers","floor":29,"turns":3},{"damage":29,"enemies":"Collector","floor":33,"turns":5},{"damage":0,"enemies":"Orb Walker","floor":35,"turns":2},{"damage":74,"enemies":"2 Orb Walkers","floor":36,"turns":4},{"damage":4,"enemies":"Giant Head","floor":47,"turns":4},{"damage":47,"enemies":"Time Eater","floor":50,"turns":4}],"seed_played":"683516981238302881","potions_obtained":[{"floor":1,"key":"BlessingOfTheForge"},{"floor":5,"key":"Block Potion"},{"floor":12,"key":"SmokeBomb"},{"floor":18,"key":"Explosive Potion"},{"floor":27,"key":"CultistPotion"},{"floor":33,"key":"Weak Potion"},{"floor":47,"key":"Dexterity Potion"}],"is_trial":true,"path_per_floor":["M","?","?","T","M","E","?","R","T","?","R","E","$","E","R","B",null,"M","M","$","?","?","R","R","E","T","M","?","E","R","$","R","B",null,"M","?","?","?","$","R","$","R","T","R","$","R","E","?","R","B",null],"character_chosen":"WATCHER","items_purchased":["ReachHeaven","Ancient Tea Set","CarveReality","Boot","Worship","Anchor","ClockworkSouvenir","Fasting2","Mummified Hand","FlurryOfBlows"],"campfire_rested":2,"item_purchase_floors":[13,13,13,20,20,31,31,31,39,39],"current_hp_per_floor":[71,71,71,71,71,59,59,68,68,65,72,67,67,67,72,42,72,72,62,62,62,62,72,72,43,43,43,43,5,56,56,71,48,77,77,3,3,3,3,59,59,77,77,77,77,77,73,73,77,47],"gold":157,"neow_bonus":"","is_daily":false,"chose_seed":false,"campfire_upgraded":7,"win_rate":0.0,"timestamp":1608734891,"path_taken":["M","?","?","?","?","E","?","R","T","?","R","E","$","E","R","BOSS","M","M","$","?","?","R","R","E","T","?","?","E","R","$","R","BOSS","M","?","?","?","$","R","$","R","T","R","?","R","E","?","R","BOSS"],"items_purchased_type":["Card","Relic","Card","Relic","Card","Relic","Relic","Card","Relic","Card"],"build_version":"2020-12-22","purchased_purges":1,"victory":true,"max_hp_per_floor":[72,72,72,72,72,72,72,72,72,72,72,72,72,72,72,72,72,72,72,72,72,72,72,72,72,72,72,72,72,72,72,72,72,77,77,77,77,77,77,77,77,77,77,77,77,77,77,77,77,77],"card_choices":[{"not_picked":["Adaptation","Evaluate"],"picked":"EmptyFist","floor":0},{"not_picked":["Sanctity","LikeWater"],"picked":"Indignation","floor":0},{"not_picked":["Tantrum","ForeignInfluence"],"picked":"Consecrate","floor":0},{"not_picked":["PathToVictory","Protect"],"picked":"WindmillStrike","floor":0},{"not_picked":["EmptyBody","EmptyMind"],"picked":"FlurryOfBlows","floor":0},{"not_picked":["DeceiveReality","PathToVictory"],"picked":"Prostrate","floor":0},{"not_picked":["JustLucky","BowlingBash"],"picked":"ClearTheMind","floor":0},{"not_picked":["ClearTheMind","EmptyFist"],"picked":"Pray","floor":0},{"not_picked":["ClearTheMind","EmptyFist"],"picked":"Pray","floor":0},{"not_picked":["Fasting2","Nirvana"],"picked":"Prostrate","floor":0},{"not_picked":["ClearTheMind","FlurryOfBlows"],"picked":"SandsOfTime","floor":0},{"not_picked":["PathToVictory","Wireheading"],"picked":"EmptyFist","floor":0},{"not_picked":["WindmillStrike","BowlingBash"],"picked":"Consecrate","floor":0},{"not_picked":["Study","ThirdEye"],"picked":"FollowUp","floor":0},{"not_picked":["TalkToTheHand","Collect"],"picked":"SandsOfTime","floor":0},{"not_picked":["Sanctity","EmptyFist","ForeignInfluence"],"picked":"SKIP","floor":1},{"not_picked":["EmptyFist","CutThroughFate","Halt"],"picked":"SKIP","floor":5},{"not_picked":["MasterReality","Ragnarok","ConjureBlade"],"picked":"SKIP","floor":6},{"not_picked":["Consecrate","JustLucky"],"picked":"Prostrate","floor":10},{"not_picked":["Judgement","MasterReality"],"picked":"Devotion","floor":12},{"not_picked":["SpiritShield","MasterReality"],"picked":"Judgement","floor":14},{"not_picked":["Judgement","DeusExMachina"],"picked":"Wish","floor":16},{"not_picked":["Halt","Crescendo"],"picked":"SandsOfTime","floor":18},{"not_picked":["BowlingBash","EmptyBody","ThirdEye"],"picked":"SKIP","floor":19},{"not_picked":["Judgement","Blasphemy"],"picked":"DevaForm","floor":25},{"not_picked":["Tantrum+1","Adaptation"],"picked":"Prostrate+1","floor":27},{"not_picked":["Wish","Scrawl","Vault"],"picked":"SKIP","floor":29},{"not_picked":["DeusExMachina","Blasphemy"],"picked":"Establishment","floor":33},{"not_picked":["Indignation","Swivel"],"picked":"Prostrate+1","floor":34},{"not_picked":["EmptyFist","BowlingBash","SashWhip+1"],"picked":"SKIP","floor":35},{"not_picked":["SpiritShield","DevaForm"],"picked":"Ragnarok","floor":47}],"player_experience":72251,"relics_obtained":[{"floor":4,"key":"Eternal Feather"},{"floor":6,"key":"PreservedInsect"},{"floor":9,"key":"Toy Ornithopter"},{"floor":10,"key":"Ginger"},{"floor":12,"key":"CeramicFish"},{"floor":14,"key":"Whetstone"},{"floor":25,"key":"Unceasing Top"},{"floor":26,"key":"Nunchaku"},{"floor":29,"key":"Girya"},{"floor":36,"key":"Prayer Wheel"},{"floor":43,"key":"StrikeDummy"},{"floor":47,"key":"Meat on the Bone"}],"event_choices":[{"damage_healed":0,"gold_gain":0,"player_choice":"Grow","damage_taken":0,"max_hp_gain":0,"max_hp_loss":0,"event_name":"Living Wall","floor":2,"gold_loss":0,"cards_upgraded":["WindmillStrike"]},{"damage_healed":0,"gold_gain":56,"player_choice":"Gained Gold","damage_taken":0,"max_hp_gain":0,"max_hp_loss":0,"event_name":"Golden Wing","floor":3,"gold_loss":0},{"damage_healed":0,"gold_gain":0,"player_choice":"Box","damage_taken":0,"relics_obtained":["Regal Pillow"],"max_hp_gain":0,"max_hp_loss":0,"event_name":"Big Fish","floor":7,"gold_loss":0,"cards_obtained":["Regret"]},{"damage_healed":0,"gold_gain":30,"player_choice":"Searched \u00273\u0027 times","damage_taken":0,"max_hp_gain":0,"max_hp_loss":0,"event_name":"Dead Adventurer","floor":10,"gold_loss":0},{"damage_healed":0,"gold_gain":0,"player_choice":"Paid Fearfully","damage_taken":0,"max_hp_gain":0,"max_hp_loss":0,"event_name":"Masked Bandits","floor":21,"gold_loss":21},{"damage_healed":0,"gold_gain":275,"player_choice":"Desecrate","damage_taken":0,"max_hp_gain":0,"max_hp_loss":0,"event_name":"Golden Shrine","floor":22,"gold_loss":0,"cards_obtained":["Regret"]},{"damage_healed":0,"gold_gain":0,"player_choice":"Simplicity","damage_taken":0,"max_hp_gain":0,"max_hp_loss":0,"event_name":"Back to Basics","floor":28,"gold_loss":0,"cards_upgraded":[]},{"damage_healed":0,"gold_gain":0,"player_choice":"Fight","damage_taken":0,"max_hp_gain":0,"max_hp_loss":0,"event_name":"Mysterious Sphere","floor":36,"gold_loss":0},{"damage_healed":0,"gold_gain":0,"player_choice":"Ignored","damage_taken":0,"max_hp_gain":0,"max_hp_loss":0,"event_name":"Tomb of Lord Red Mask","floor":37,"gold_loss":0},{"damage_healed":0,"gold_gain":0,"player_choice":"Memory 1","damage_taken":0,"max_hp_gain":0,"max_hp_loss":0,"event_name":"SensoryStone","floor":38,"gold_loss":0},{"damage_healed":0,"gold_gain":0,"cards_transformed":["Establishment"],"player_choice":"Transformed","damage_taken":0,"max_hp_gain":0,"max_hp_loss":0,"event_name":"Transmorgrifier","floor":48,"gold_loss":0,"cards_obtained":["FollowUp"]}],"is_beta":false,"boss_relics":[{"not_picked":["Velvet Choker","Fusion Hammer"],"picked":"SlaversCollar"},{"not_picked":["Astrolabe","Empty Cage"],"picked":"Tiny House"}],"items_purged_floors":[20],"is_endless":false,"potions_floor_spawned":[1,5,12,18,27,29,33,47],"ascension_level":0}}