{"host":"uuxww4b5od0o4ivw","time":1608718918,"event":{"mods":["BaseMod","Downfall","Minty Spire (QoL Compilation)","StSLib","The Necromancer"],"gold_per_floor":[119,119,136,155,155,155,155,7,32,32,43,63,75,100,100,205,205,215,215,215,215,130,130,150,150,150,150,181,29,48,58,58,160,160,170,188,104,115,165,197,52,52,52,52,70,101,111,128,128,128],"floor_reached":51,"playtime":2657,"items_purged":[],"score":752,"play_id":"eb85a645-e9bc-49db-9d15-58b42c8717c1","local_time":"20201223002158","is_ascension_mode":false,"campfire_choices":[{"data":"Summon_Undead_Army","floor":6,"key":"SMITH"},{"data":"Summon_Death_Knight","floor":10,"key":"SMITH"},{"floor":15,"key":"REST"},{"data":"Summon_Death_Knight","floor":23,"key":"SMITH"},{"data":"Summon_Vampire_Lady","floor":25,"key":"SMITH"},{"data":"Finger_Of_Death","floor":32,"key":"SMITH"},{"floor":42,"key":"REST"},{"floor":49,"key":"REST"}],"circlet_count":0,"master_deck":["Strike_W","Strike_W","Strike_W","Strike_W","Defend_W","Defend_W","Defend_W","Defend_W","Negative_Energy_Arrows","Bone_Wall","Summon_Undead_Army+1","Finger_Of_Death+1","Negative_Energy_Arrows","Summon_Death_Knight+1","Flesh_Made_Foul","Finger_Of_Death","Spectral_Armor","Summon_Vampire_Lady+1","Summon_Death_Knight+1","CurseOfTheBell","Scare+1","Bone_Armory","Bone_Prison+1","Summon_Undead_Army+1","Slay_Living","Skeleton_Dragon","Purity","Slay_Living+1","Negative_Energy_Shield+1"],"relics":["Vampire_Amulet","Lantern","Darkstone Periapt","Calling Bell","Mummified Hand","Lizard Tail","Oddly Smooth Stone","MutagenicStrength","Nilry\u0027s Codex","Pocketwatch","Bottled Flame","Potion Belt","DollysMirror","SlaversCollar","StoneCalendar","White Beast Statue","HandDrill","Pantograph","Gambling Chip"],"acts_visited":["Exordium","TheCity","TheBeyond"],"potions_floor_usage":[39,40,50,50],"damage_taken":[{"damage":0,"enemies":"2 Louse","floor":1,"turns":3},{"damage":0,"enemies":"Small Slimes","floor":3,"turns":4},{"damage":11,"enemies":"Jaw Worm","floor":4,"turns":4},{"damage":30,"enemies":"Gremlin Gang","floor":11,"turns":5},{"damage":7,"enemies":"Blue Slaver","floor":12,"turns":4},{"damage":5,"enemies":"Looter","floor":13,"turns":2},{"damage":7,"enemies":"3 Sentries","floor":14,"turns":6},{"damage":45,"enemies":"Slime Boss","floor":16,"turns":10},{"damage":7,"enemies":"Shell Parasite","floor":18,"turns":5},{"damage":7,"enemies":"Spheric Guardian","floor":24,"turns":4},{"damage":3,"enemies":"Book of Stabbing","floor":28,"turns":6},{"damage":14,"enemies":"3 Cultists","floor":30,"turns":5},{"damage":12,"enemies":"Cultist and Chosen","floor":31,"turns":5},{"damage":19,"enemies":"Champ","floor":33,"turns":11},{"damage":16,"enemies":"3 Shapes","floor":35,"turns":3},{"damage":45,"enemies":"3 Darklings","floor":36,"turns":5},{"damage":42,"enemies":"Maw","floor":38,"turns":7},{"damage":9,"enemies":"Mind Bloom Boss Battle","floor":39,"turns":6},{"damage":18,"enemies":"Giant Head","floor":40,"turns":9},{"damage":18,"enemies":"Sphere and 2 Shapes","floor":45,"turns":5},{"damage":97,"enemies":"Reptomancer","floor":46,"turns":6},{"damage":0,"enemies":"Transient","floor":47,"turns":5},{"damage":44,"enemies":"4 Shapes","floor":48,"turns":4},{"damage":84,"enemies":"Time Eater","floor":50,"turns":13}],"seed_played":"-5778452559877013814","potions_obtained":[{"floor":3,"key":"champ:CounterPotion"},{"floor":12,"key":"SkillPotion"},{"floor":18,"key":"Block Potion"},{"floor":28,"key":"Energy Potion"},{"floor":30,"key":"LiquidMemories"},{"floor":40,"key":"PowerPotion"},{"floor":45,"key":"LiquidBronze"},{"floor":46,"key":"LiquidMemories"},{"floor":47,"key":"SmokeBomb"}],"is_trial":false,"path_per_floor":["M","?","M","M","?","R","?","$","T","R","M","M","M","E","R","B",null,"M","?","?","?","?","R","M","R","T","?","E","$","M","M","R","B",null,"M","M","$","M","?","E","$","R","T","$","M","E","M","M","R","B",null],"character_chosen":"NECROMANCER","items_purchased":["Summon_Death_Knight","DollysMirror","Purity","HandDrill"],"campfire_rested":3,"item_purchase_floors":[8,29,37,41],"current_hp_per_floor":[82,82,82,73,73,73,73,73,73,73,51,46,43,42,66,56,88,88,88,88,72,72,72,76,76,76,76,88,88,86,81,81,88,88,84,53,53,31,33,38,38,64,64,64,64,47,58,25,51,15],"gold":128,"neow_bonus":"TEN_PERCENT_HP_BONUS","is_daily":false,"chose_seed":false,"campfire_upgraded":5,"win_rate":0.0,"timestamp":1608718918,"path_taken":["M","?","M","M","?","R","?","$","T","R","M","M","?","E","R","BOSS","M","?","?","?","?","R","M","R","T","?","E","$","M","M","R","BOSS","M","M","$","M","?","E","$","R","T","$","M","E","M","M","R","BOSS"],"items_purchased_type":["Card","Relic","Card","Relic"],"build_version":"2020-12-22","purchased_purges":0,"victory":true,"max_hp_per_floor":[82,82,82,82,82,82,82,82,82,82,82,82,82,82,82,82,88,88,88,88,88,88,88,88,88,88,88,88,88,88,88,88,88,88,88,88,88,88,88,88,88,88,88,88,88,88,88,88,88,88],"card_choices":[{"not_picked":["Negative_Energy_Sphere","Finger_Of_Death"],"picked":"Summon_Undead_Army","floor":1},{"not_picked":["Scare","Vampiric_Strike"],"picked":"Finger_Of_Death","floor":3},{"not_picked":["Acid_Javelin","Consume_Illness","Bone_Shift"],"picked":"SKIP","floor":4},{"not_picked":["Acid_Javelin","Bones_to_Steel"],"picked":"Flesh_Made_Foul","floor":11},{"not_picked":["Bone_Bullets","Toxic_Smoke_Screen"],"picked":"Finger_Of_Death","floor":12},{"not_picked":["Toxic_Smoke_Screen","Hellfire"],"picked":"Spectral_Armor","floor":13},{"not_picked":["Chill_Blood","Shackles_Of_Pain"],"picked":"Summon_Vampire_Lady","floor":14},{"not_picked":["Negative_Energy_Bomb","Reap_The_Weak"],"picked":"Summon_Death_Knight","floor":16},{"not_picked":["Blood_Curse","Death_Coil+1"],"picked":"Scare+1","floor":18},{"not_picked":["Negative_Energy_Shield","Blood_Is_Power"],"picked":"Bone_Armory","floor":24},{"not_picked":["Death_March_Dance","Negative_Energy_Shield"],"picked":"Bone_Prison+1","floor":28},{"not_picked":["Death_March_Dance","Pandemic"],"picked":"Slay_Living","floor":30},{"not_picked":["Corrupt+1","Bone_Shift","Necromantic_Selection+1"],"picked":"SKIP","floor":31},{"not_picked":["Detonate_Bones","Blood_Wake"],"picked":"Skeleton_Dragon","floor":33},{"not_picked":["Bone_Bullets","Scare","Exploit"],"picked":"SKIP","floor":35},{"not_picked":["Bone_Armor","Chill_Blood+1","Scare"],"picked":"SKIP","floor":36},{"not_picked":["Vampiric_Strike","Negative_Energy_Sphere","Exploit"],"picked":"SKIP","floor":38},{"not_picked":["Bones_to_Steel","Blood_Is_Power+1","Detonate_Bones"],"picked":"SKIP","floor":40},{"not_picked":["Negative_Energy_Mist","Exploit"],"picked":"Slay_Living+1","floor":45},{"not_picked":["Bone_Bullets+1","Negative_Energy_Bomb","Slay_Living"],"picked":"SKIP","floor":46},{"not_picked":["Bone_Bullets+1","Epidemic"],"picked":"Negative_Energy_Shield+1","floor":47},{"not_picked":["Flesh_Made_Foul+1","Blood_Curse+1","Blood_Whip+1"],"picked":"SKIP","floor":48}],"player_experience":57463,"relics_obtained":[{"floor":9,"key":"Lantern"},{"floor":14,"key":"Darkstone Periapt"},{"floor":17,"key":"Mummified Hand"},{"floor":17,"key":"Lizard Tail"},{"floor":17,"key":"Oddly Smooth Stone"},{"floor":21,"key":"Nilry\u0027s Codex"},{"floor":26,"key":"Bottled Flame"},{"floor":28,"key":"Potion Belt"},{"floor":39,"key":"StoneCalendar"},{"floor":40,"key":"White Beast Statue"},{"floor":43,"key":"Pantograph"},{"floor":46,"key":"Gambling Chip"}],"event_choices":[{"damage_healed":0,"gold_gain":0,"player_choice":"Ignored","damage_taken":0,"max_hp_gain":0,"max_hp_loss":0,"event_name":"Liars Game","floor":2,"gold_loss":0},{"damage_healed":0,"gold_gain":0,"player_choice":"Ignored","damage_taken":0,"max_hp_gain":0,"max_hp_loss":0,"event_name":"Shining Light","floor":5,"gold_loss":0},{"damage_healed":0,"gold_gain":0,"player_choice":"1 cards matched","damage_taken":0,"max_hp_gain":0,"max_hp_loss":0,"event_name":"Match and Keep!","floor":7,"gold_loss":0,"cards_obtained":["Negative_Energy_Arrows"]},{"damage_healed":0,"gold_gain":0,"player_choice":"Ignored","damage_taken":0,"max_hp_gain":0,"max_hp_loss":0,"event_name":"Beggar","floor":19,"gold_loss":0},{"damage_healed":0,"gold_gain":0,"player_choice":"Inject Mutagens","damage_taken":0,"relics_obtained":["MutagenicStrength"],"max_hp_gain":0,"max_hp_loss":0,"event_name":"Drug Dealer","floor":20,"gold_loss":0},{"damage_healed":0,"gold_gain":0,"player_choice":"Obtained Book","damage_taken":16,"max_hp_gain":0,"max_hp_loss":0,"event_name":"Cursed Tome","floor":21,"gold_loss":0},{"damage_healed":0,"gold_gain":0,"player_choice":"Obtained Relic","damage_taken":0,"relics_obtained":["Pocketwatch"],"max_hp_gain":0,"max_hp_loss":0,"event_name":"Addict","floor":22,"gold_loss":85},{"damage_healed":0,"gold_gain":0,"player_choice":"Ignored","damage_taken":0,"max_hp_gain":0,"max_hp_loss":0,"event_name":"Ghosts","floor":27,"gold_loss":0},{"damage_healed":0,"gold_gain":0,"player_choice":"Fight","damage_taken":0,"max_hp_gain":0,"max_hp_loss":0,"event_name":"MindBloom","floor":39,"gold_loss":0}],"is_beta":false,"boss_relics":[{"not_picked":["Runic Dome","Runic Pyramid"],"picked":"Calling Bell"},{"not_picked":["Black Star","Astrolabe"],"picked":"SlaversCollar"}],"items_purged_floors":[],"is_endless":false,"potions_floor_spawned":[3,12,18,28,30,38,40,45,46,47,48],"ascension_level":0}}