{"host":"a8rzj4nfw2w5de5r","time":1608738193,"event":{"mods":["BaseMod","Block Reminder","Colored Map","Downfall","Highlight Path","Minty Spire (QoL Compilation)","Relic Sorter","Relic Stats","StSLib"],"gold_per_floor":[99,99,99,99,24,35,115,133,133,133,153,153,153,170,187,285,285,285,285,305,190,208,208,208,237,255,105,115,130,141,156,156,156,156],"floor_reached":32,"playtime":1832,"items_purged":["champ:Defend","champ:Strike"],"score":279,"play_id":"d843cb3e-4096-4286-b705-718f407bf550","local_time":"20201223211313","is_ascension_mode":false,"campfire_choices":[{"data":"champ:Taunt","floor":1,"key":"SMITH"},{"data":"champ:SwordThrow","floor":9,"key":"SMITH"},{"data":"champ:GutPunch","floor":13,"key":"SMITH"},{"data":"champ:AdrenalArmor","floor":18,"key":"SMITH"},{"data":"expansioncontent:FaceSlap","floor":23,"key":"SMITH"},{"data":"champ:MurderStrike","floor":27,"key":"SMITH"}],"circlet_count":0,"master_deck":["champ:Strike","champ:Strike","champ:Defend","champ:Defend","champ:Defend","champ:Execute","champ:Taunt+1","champ:AdrenalArmor+1","champ:RageSigil","champ:GutPunch+1","champ:SwordThrow+1","champ:RisingSlash","champ:MurderStrike+1","expansioncontent:FaceSlap+1","champ:Control+1","champ:Encircle+1","champ:EnragedBash+1"],"relics":["champ:ChampionCrown","downfall:HeartsMalice","Bronze Scales","Letter Opener","Busted Crown","Happy Flower","downfall:HeartBlessingGreen","downfall:HeartBlessingBlue"],"acts_visited":["Exordium","TheCity"],"potions_floor_usage":[12],"damage_taken":[{"damage":0,"enemies":"2 Louse","floor":2,"turns":1},{"damage":0,"enemies":"Small Slimes","floor":3,"turns":1},{"damage":0,"enemies":"downfall:FleeingMerchant","floor":5,"turns":1},{"damage":17,"enemies":"Cultist","floor":6,"turns":3},{"damage":14,"enemies":"3 Louse","floor":8,"turns":3},{"damage":12,"enemies":"Exordium Thugs","floor":11,"turns":2},{"damage":6,"enemies":"Lots of Slimes","floor":14,"turns":2},{"damage":7,"enemies":"Blue Slaver","floor":15,"turns":2},{"damage":67,"enemies":"downfall:Watcher","floor":16,"turns":7},{"damage":19,"enemies":"3 Byrds","floor":20,"turns":3},{"damage":21,"enemies":"downfall:FleeingMerchant","floor":21,"turns":4},{"damage":22,"enemies":"Cultist and Chosen","floor":22,"turns":4},{"damage":40,"enemies":"Gremlin Leader","floor":25,"turns":5},{"damage":8,"enemies":"Sentry and Sphere","floor":26,"turns":2},{"damage":27,"enemies":"Snake Plant","floor":28,"turns":2},{"damage":29,"enemies":"Chosen and Byrds","floor":29,"turns":3},{"damage":14,"enemies":"Snecko","floor":30,"turns":4},{"damage":35,"enemies":"Shelled Parasite and Fungi","floor":31,"turns":3},{"damage":25,"enemies":"Snake Plant","floor":32,"turns":2}],"seed_played":"8947431913035744211","potions_obtained":[{"floor":11,"key":"Ancient Potion"},{"floor":12,"key":"AttackPotion"},{"floor":12,"key":"Fruit Juice"},{"floor":12,"key":"Strength Potion"},{"floor":16,"key":"BlessingOfTheForge"}],"is_trial":false,"path_per_floor":["R","M","M","?","$","M","T","M","R","?","M","?","R","M","M","B",null,"R","?","M","$","M","R","T","E","M","R","M","M","M","M","M"],"character_chosen":"THE_CHAMP","items_purchased":[],"campfire_rested":0,"item_purchase_floors":[],"current_hp_per_floor":[90,90,90,87,87,86,86,80,80,80,80,85,85,82,78,54,95,95,95,85,85,79,79,79,64,64,74,53,43,38,21,0,0,0],"gold":156,"neow_bonus":"THREE_ENEMY_KILL","is_daily":false,"chose_seed":false,"campfire_upgraded":6,"win_rate":0.0,"timestamp":1608738193,"path_taken":["R","M","M","?","$","M","T","M","R","?","?","?","R","M","M","BOSS","R","?","M","$","M","R","T","E","M","R","M","M","M","M","M"],"items_purchased_type":[],"build_version":"2020-12-22","purchased_purges":2,"victory":false,"max_hp_per_floor":[90,90,90,90,90,90,90,90,90,90,90,95,95,95,95,95,95,95,95,95,95,95,95,95,95,95,105,105,105,105,105,105,105,105],"relic_stats":{"Busted Crown":18,"Happy Flower":[5],"counters":[19,51],"Bronze Scales":[160],"Letter Opener":[84],"obtain_stats":[{"Busted Crown":17,"Happy Flower":25,"downfall:HeartBlessingBlue":27,"Bronze Scales":4,"champ:ChampionCrown":0,"downfall:HeartsMalice":0,"downfall:HeartBlessingGreen":27,"Letter Opener":7},{"Busted Crown":9,"Happy Flower":13,"downfall:HeartBlessingBlue":14,"Bronze Scales":2,"champ:ChampionCrown":0,"downfall:HeartsMalice":0,"downfall:HeartBlessingGreen":14,"Letter Opener":4},{"Busted Crown":19,"Happy Flower":35,"downfall:HeartBlessingBlue":37,"Bronze Scales":0,"champ:ChampionCrown":0,"downfall:HeartsMalice":0,"downfall:HeartBlessingGreen":37,"Letter Opener":3}]},"card_choices":[{"not_picked":["champ:PerfectedStrike","champ:BerserkersShout"],"picked":"champ:AdrenalArmor","floor":2},{"not_picked":["champ:HeartStrike","champ:Haymaker"],"picked":"champ:RageSigil","floor":3},{"not_picked":["champ:BringItOn","champ:FocusedBerserking"],"picked":"champ:GutPunch","floor":5},{"not_picked":["champ:EnGarde","champ:HeartStrike","champ:PerfectedStrike"],"picked":"SKIP","floor":6},{"not_picked":["champ:PerfectedStrike","champ:FlashCut"],"picked":"champ:SwordThrow","floor":8},{"not_picked":["champ:DefensiveStyle","champ:PerfectedStrike","champ:RageSigil"],"picked":"SKIP","floor":11},{"not_picked":["champ:PerfectedStrike","champ:PreciseThrust","champ:GladiatorsShout"],"picked":"SKIP","floor":14},{"not_picked":["champ:LastStand","champ:AdrenalArmor"],"picked":"champ:RisingSlash","floor":15},{"not_picked":["champ:LastStand","champ:Devastate"],"picked":"champ:MurderStrike","floor":16},{"not_picked":[],"picked":"champ:Control+1","floor":20},{"not_picked":[],"picked":"champ:Encircle+1","floor":21},{"not_picked":["champ:PerfectedStrike"],"picked":"SKIP","floor":22},{"not_picked":["champ:Riposte"],"picked":"SKIP","floor":25},{"not_picked":["champ:Riposte"],"picked":"SKIP","floor":25},{"not_picked":[],"picked":"champ:EnragedBash+1","floor":26},{"not_picked":["champ:CalledShot"],"picked":"SKIP","floor":28},{"not_picked":["champ:PerfectedStrike"],"picked":"SKIP","floor":29},{"not_picked":["champ:PreciseThrust"],"picked":"SKIP","floor":30},{"not_picked":["champ:RageSigil"],"picked":"SKIP","floor":31}],"player_experience":576766,"relics_obtained":[{"floor":7,"key":"Letter Opener"},{"floor":25,"key":"Happy Flower"}],"event_choices":[{"damage_healed":0,"gold_gain":0,"player_choice":"Success","damage_taken":3,"relics_obtained":["Bronze Scales"],"max_hp_gain":0,"max_hp_loss":0,"event_name":"Scrap Ooze","floor":4,"gold_loss":0},{"cards_removed":["champ:Strike"],"damage_healed":0,"gold_gain":0,"player_choice":"Offered Basic","damage_taken":0,"max_hp_gain":0,"max_hp_loss":0,"event_name":"Bonfire Elementals","floor":10,"gold_loss":0},{"damage_healed":0,"gold_gain":0,"player_choice":"Got Potions","damage_taken":0,"max_hp_gain":0,"max_hp_loss":0,"event_name":"Lab","floor":12,"gold_loss":0}],"is_beta":false,"boss_relics":[{"not_picked":["Empty Cage","Velvet Choker"],"picked":"Busted Crown"}],"items_purged_floors":[5,21],"is_endless":false,"potions_floor_spawned":[11,14,16,20,25,28,29],"killed_by":"Snake Plant","ascension_level":0}}