{"host":"dvpvhz1t6etneyb3","time":1608745598,"event":{"mods":["AchievementEnabler","BaseMod","Colored Map","Highlight Path","Minty Spire (QoL Compilation)","Permanent Neow","Quick Restart"],"gold_per_floor":[116,116,116,133,150,175,175,205,205,234,234,262,282,292,292,363,363,380,1,20,37,52,52,77,2,29,29,49,49,49,67,67,138,138,149,149,195,37,48,48,60,93,93,113,143,161,191,208,208,208,208],"floor_reached":52,"playtime":3340,"items_purged":[],"score":1943,"play_id":"232a36b1-52c8-48c4-b633-0638786c42a8","local_time":"20201223124638","is_ascension_mode":true,"campfire_choices":[{"data":"Inflame","floor":7.0,"key":"SMITH"},{"data":"Disarm","floor":15.0,"key":"SMITH"},{"floor":23.0,"key":"REST"},{"floor":29.0,"key":"REST"},{"floor":32.0,"key":"REST"},{"floor":40.0,"key":"REST"},{"floor":49,"key":"REST"}],"circlet_count":0,"master_deck":["AscendersBane","Strike_R","Strike_R","Strike_R","Strike_R","Defend_R","Defend_R","Defend_R","Defend_R","Bash+1","Inflame+1","Clothesline","Iron Wave","Anger","Offering","Disarm+1","Entrench+1","True Grit+1","Spot Weakness+1","Offering+1","Inflame+1","True Grit+1","Power Through+1","Uppercut+1","Limit Break+1","Fire Breathing+1","Immolate","Evolve+1","Double Tap+1","Battle Trance+1","Shockwave+1","Reaper","Burning Pact+1","Dual Wield+1"],"relics":["Burning Blood","Letter Opener","Mercury Hourglass","Bottled Flame","Odd Mushroom","Toxic Egg 2","Frozen Egg 2","Mark of Pain","Happy Flower","Dream Catcher","Tiny Chest","Fusion Hammer","Bag of Preparation","Lantern","Unceasing Top","Gambling Chip","PreservedInsect","Mummified Hand"],"acts_visited":["Exordium","TheCity","TheBeyond"],"potions_floor_usage":[47,48],"damage_taken":[{"damage":4.0,"enemies":"Small Slimes","floor":1.0,"turns":5.0},{"damage":9.0,"enemies":"2 Louse","floor":4.0,"turns":4.0},{"damage":4.0,"enemies":"Jaw Worm","floor":5.0,"turns":3.0},{"damage":20.0,"enemies":"Lagavulin","floor":6.0,"turns":7.0},{"damage":29.0,"enemies":"Gremlin Nob","floor":8.0,"turns":4.0},{"damage":13.0,"enemies":"The Mushroom Lair","floor":10.0,"turns":3.0},{"damage":21.0,"enemies":"Lagavulin","floor":12.0,"turns":7.0},{"damage":0.0,"enemies":"Lots of Slimes","floor":13.0,"turns":3.0},{"damage":0.0,"enemies":"2 Fungi Beasts","floor":14.0,"turns":1.0},{"damage":18.0,"enemies":"The Guardian","floor":16.0,"turns":11.0},{"damage":6.0,"enemies":"Shell Parasite","floor":18.0,"turns":1.0},{"damage":12.0,"enemies":"Spheric Guardian","floor":20.0,"turns":3.0},{"damage":20.0,"enemies":"Centurion and Healer","floor":21.0,"turns":6.0},{"damage":23.0,"enemies":"3 Cultists","floor":22.0,"turns":5.0},{"damage":22.0,"enemies":"Slavers","floor":24.0,"turns":4.0},{"damage":6.0,"enemies":"Snake Plant","floor":28.0,"turns":3.0},{"damage":13.0,"enemies":"Snecko","floor":31.0,"turns":5.0},{"damage":38.0,"enemies":"Collector","floor":33.0,"turns":5.0},{"damage":12.0,"enemies":"3 Darklings","floor":35.0,"turns":4.0},{"damage":1.0,"enemies":"Orb Walker","floor":39.0,"turns":3.0},{"damage":14.0,"enemies":"3 Darklings","floor":41.0,"turns":3.0},{"damage":12.0,"enemies":"Nemesis","floor":42.0,"turns":3.0},{"damage":35,"enemies":"Jaw Worm Horde","floor":44,"turns":4},{"damage":21,"enemies":"Giant Head","floor":45,"turns":5},{"damage":16,"enemies":"4 Shapes","floor":46,"turns":7},{"damage":31,"enemies":"Nemesis","floor":47,"turns":7},{"damage":14,"enemies":"Maw","floor":48,"turns":5},{"damage":75,"enemies":"Time Eater","floor":50,"turns":9},{"damage":101,"enemies":"Awakened One","floor":51,"turns":11}],"seed_played":"8602058717405727182","potions_obtained":[{"floor":1.0,"key":"DistilledChaos"},{"floor":4.0,"key":"BlessingOfTheForge"},{"floor":10.0,"key":"PowerPotion"},{"floor":13.0,"key":"AttackPotion"},{"floor":16.0,"key":"AttackPotion"},{"floor":21.0,"key":"PowerPotion"},{"floor":22.0,"key":"PowerPotion"},{"floor":28.0,"key":"Block Potion"},{"floor":35.0,"key":"BloodPotion"},{"floor":44,"key":"Weak Potion"},{"floor":47,"key":"GamblersBrew"},{"floor":48,"key":"Fire Potion"}],"is_trial":false,"path_per_floor":["M","?","?","M","M","E","R","E","T","?","T","E","M","M","R","B",null,"M","$","M","M","M","R","E","?","T","?","M","R","?","M","R","B",null,"M","?","T","$","M","R","M","E","T","M","E","M","E","M","R","B","B",null],"character_chosen":"IRONCLAD","items_purchased":["Inflame+1","True Grit+1","Power Through+1","Happy Flower","Lantern"],"campfire_rested":5,"item_purchase_floors":[19,19,19,19,38],"current_hp_per_floor":[70,75,75,72,74,60,60,37,37,30,30,15,21,27,27,15,64,64,64,58,44,27,51,35,35,35,35,35,59,59,52,76,44,71,65,65,65,65,70,80,72,66,66,80,80,80,55,74,80,68,80],"gold":208,"neow_bonus":"UPGRADE_CARD","is_daily":false,"chose_seed":false,"campfire_upgraded":2,"win_rate":0.0,"timestamp":1608745598,"path_taken":["M","?","?","M","M","E","R","E","T","?","?","E","?","M","R","BOSS","M","$","M","?","M","R","E","?","T","?","M","R","?","M","R","BOSS","M","?","?","$","M","R","?","E","T","M","E","M","E","M","R","BOSS","BOSS"],"items_purchased_type":["Card","Card","Card","Relic","Relic"],"build_version":"2020-12-22","purchased_purges":0,"victory":true,"max_hp_per_floor":[75,80,80,80,80,80,80,80,80,80,80,80,80,80,80,80,80,80,80,80,80,80,80,80,80,80,80,80,80,80,80,80,80,80,80,80,80,80,80,80,80,80,80,80,80,80,80,80,80,80,80],"card_choices":[{"not_picked":["Wild Strike","Intimidate"],"picked":"Inflame","floor":1.0},{"not_picked":["Twin Strike","Dual Wield"],"picked":"Clothesline","floor":4.0},{"not_picked":["Sentinel","Brutality"],"picked":"Iron Wave","floor":5.0},{"not_picked":["Flex","Clothesline"],"picked":"Anger","floor":6.0},{"not_picked":["Exhume","Spot Weakness"],"picked":"Offering","floor":8.0},{"not_picked":["Havoc","Spot Weakness"],"picked":"Disarm","floor":10.0},{"not_picked":["Wild Strike","Clash"],"picked":"Entrench+1","floor":12.0},{"not_picked":["Rage+1","Anger"],"picked":"True Grit+1","floor":13.0},{"not_picked":["Body Slam","Havoc+1"],"picked":"Spot Weakness+1","floor":14.0},{"not_picked":["Immolate","Barricade+1"],"picked":"Offering+1","floor":16.0},{"not_picked":["Havoc+1","Armaments+1","Headbutt"],"picked":"SKIP","floor":18.0},{"not_picked":["Shrug It Off+1","Burning Pact+1"],"picked":"Uppercut+1","floor":20.0},{"not_picked":["Rupture+1","Twin Strike","Clothesline+1"],"picked":"SKIP","floor":21.0},{"not_picked":["Havoc+1","Perfected Strike"],"picked":"Inflame+1","floor":22.0},{"not_picked":["Iron Wave","Clash+1"],"picked":"Limit Break+1","floor":24.0},{"not_picked":["Armaments+1","Dark Embrace+1"],"picked":"Fire Breathing+1","floor":28.0},{"not_picked":["Thunderclap+1","Wild Strike"],"picked":"Immolate","floor":31.0},{"not_picked":["Sword Boomerang+1","Pommel Strike"],"picked":"Evolve+1","floor":32.0},{"not_picked":["Juggernaut+1","Berserk+1"],"picked":"Double Tap+1","floor":33.0},{"not_picked":["Shrug It Off+1","Sword Boomerang+1"],"picked":"Battle Trance+1","floor":35.0},{"not_picked":["Headbutt","Searing Blow","Battle Trance+1"],"picked":"SKIP","floor":39.0},{"not_picked":["Thunderclap+1","Headbutt"],"picked":"Shockwave+1","floor":40.0},{"not_picked":["Infernal Blade+1","Battle Trance+1","Clash"],"picked":"SKIP","floor":41.0},{"not_picked":["Feel No Pain+1","Infernal Blade+1"],"picked":"Reaper","floor":42.0},{"not_picked":["Armaments+1","Entrench+1","Perfected Strike"],"picked":"SKIP","floor":44},{"not_picked":["Carnage","Headbutt+1"],"picked":"Burning Pact+1","floor":45},{"not_picked":["Perfected Strike","Havoc+1","True Grit+1"],"picked":"SKIP","floor":46},{"not_picked":["Cleave+1","Spot Weakness+1"],"picked":"Dual Wield+1","floor":47},{"not_picked":["Blood for Blood+1","Twin Strike","Thunderclap"],"picked":"SKIP","floor":48}],"player_experience":1943120,"relics_obtained":[{"floor":6.0,"key":"Letter Opener"},{"floor":8.0,"key":"Mercury Hourglass"},{"floor":9.0,"key":"Bottled Flame"},{"floor":10.0,"key":"Odd Mushroom"},{"floor":11.0,"key":"Toxic Egg 2"},{"floor":12.0,"key":"Frozen Egg 2"},{"floor":24.0,"key":"Dream Catcher"},{"floor":26.0,"key":"Tiny Chest"},{"floor":37.0,"key":"Bag of Preparation"},{"floor":42.0,"key":"Unceasing Top"},{"floor":43.0,"key":"Gambling Chip"},{"floor":45,"key":"PreservedInsect"},{"floor":47,"key":"Mummified Hand"}],"event_choices":[{"damage_healed":0.0,"max_hp_gain":5.0,"max_hp_loss":0.0,"gold_gain":0.0,"event_name":"Big Fish","player_choice":"Donut","floor":2.0,"gold_loss":0.0,"damage_taken":0.0},{"damage_healed":0.0,"max_hp_gain":0.0,"max_hp_loss":0.0,"gold_gain":0.0,"event_name":"Liars Game","player_choice":"Ignored","floor":3.0,"gold_loss":0.0,"damage_taken":0.0},{"damage_healed":0.0,"max_hp_gain":0.0,"max_hp_loss":0.0,"gold_gain":0.0,"event_name":"Mushrooms","player_choice":"Fought Mushrooms","floor":10.0,"gold_loss":0.0,"damage_taken":0.0},{"cards_removed":["Strike_R"],"damage_healed":0.0,"max_hp_gain":0.0,"max_hp_loss":0.0,"gold_gain":0.0,"event_name":"Beggar","player_choice":"Gave Gold","floor":25.0,"gold_loss":75.0,"damage_taken":0.0},{"damage_healed":0.0,"max_hp_gain":0.0,"max_hp_loss":0.0,"gold_gain":0.0,"event_name":"The Mausoleum","player_choice":"Ignored","floor":27.0,"gold_loss":0.0,"damage_taken":0.0},{"damage_healed":0.0,"max_hp_gain":0.0,"max_hp_loss":0.0,"gold_gain":0.0,"event_name":"Vampires","player_choice":"Ignored","floor":30.0,"gold_loss":0.0,"damage_taken":0.0},{"cards_removed":["Inflame"],"damage_healed":0.0,"max_hp_gain":0.0,"max_hp_loss":0.0,"gold_gain":0.0,"event_name":"Falling","player_choice":"Removed Power","floor":36.0,"gold_loss":0.0,"damage_taken":0.0}],"is_beta":false,"boss_relics":[{"not_picked":["Runic Dome","Ectoplasm"],"picked":"Mark of Pain"},{"not_picked":["Runic Pyramid","SlaversCollar"],"picked":"Fusion Hammer"}],"items_purged_floors":[],"is_endless":false,"potions_floor_spawned":[1,4,10,13,16,21,22,28,35,44,46,47,48],"ascension_level":20}}