{"host":"mq8ma9fwagsj51ix","time":1608712526,"event":{"mods":["2.2 Compatiblity","BaseMod","Downfall","Hermit","Hubris","Jorbs\u0027s Wanderer Trilogy","Minty Spire (QoL Compilation)","Replay The Spire","StSLib"],"gold_per_floor":[99,99,99,99,274,274,300,225,225,235,235,270,270,304,323,323,323,323],"floor_reached":16,"playtime":512,"items_purged":[],"score":104,"play_id":"926234e7-fbb9-4c92-a8ca-3f0305901791","local_time":"20201223023526","is_ascension_mode":false,"campfire_choices":[{"floor":1,"key":"RECALL"},{"data":"hexamod:Float","floor":8,"key":"SMITH"},{"data":"hexamod:Sear","floor":11,"key":"SMITH"},{"data":"hexamod:RadiantFlame","floor":13,"key":"SMITH"}],"circlet_count":0,"master_deck":["hexamod:Strike+1","hexamod:Strike","hexamod:Strike","hexamod:Strike","hexamod:Defend","hexamod:Defend+1","hexamod:Defend","hexamod:Defend","hexamod:Sear+1","hexamod:Float+1","hexamod:HauntingEcho+1","hexamod:ExtraCrispy+1","hexamod:FirstSeal","Doubt","Regret","hexamod:RadiantFlame+1","hexamod:FifthSeal","hexamod:CatchUp+1","hexamod:SixthSeal","hexamod:HeatShield+1"],"relics":["hexamod:SpiritBrand","downfall:HeartsMalice","Anchor","downfall:HeartBlessingRed","hubris:Teleporter","Toxic Egg 2"],"acts_visited":["Exordium"],"potions_floor_usage":[16,16],"damage_taken":[{"damage":0,"enemies":"Small Slimes","floor":2,"turns":1},{"damage":0,"enemies":"2 Louse","floor":3,"turns":1},{"damage":0,"enemies":"Cultist","floor":4,"turns":1},{"damage":15,"enemies":"Large Slime","floor":10,"turns":5},{"damage":16,"enemies":"Replay:BlueRogue","floor":12,"turns":8},{"damage":19,"enemies":"Lagavulin","floor":14,"turns":6},{"damage":2,"enemies":"2 Fungi Beasts","floor":15,"turns":4},{"damage":49,"enemies":"downfall:Ironclad","floor":16,"turns":6}],"seed_played":"-4762043100881211747","potions_obtained":[{"floor":12,"key":"champ:CounterPotion"},{"floor":15,"key":"SkillPotion"}],"is_trial":false,"path_per_floor":["R","M","M","M","?","?","T","R","?","M","R","E","R","E","M","B"],"character_chosen":"THE_SPIRIT","items_purchased":[],"campfire_rested":0,"item_purchase_floors":[],"current_hp_per_floor":[70,70,70,70,70,70,70,70,70,62,62,53,53,41,46,0,0,0],"gold":323,"neow_bonus":"THREE_ENEMY_KILL","is_daily":false,"chose_seed":false,"campfire_upgraded":3,"win_rate":0.0,"timestamp":1608712526,"path_taken":["R","M","M","M","?","?","T","R","?","?","R","E","R","E","M","BOSS"],"items_purchased_type":[],"build_version":"2020-12-22","purchased_purges":0,"victory":false,"max_hp_per_floor":[70,70,70,70,70,70,70,70,70,70,70,70,70,70,70,70,70,70],"card_choices":[{"not_picked":["hexamod:SwordOfDarkness","hexamod:Firestarter"],"picked":"hexamod:HauntingEcho","floor":2},{"not_picked":["hexamod:GhostShield","hexamod:NightmareStrike"],"picked":"hexamod:ExtraCrispy","floor":3},{"not_picked":["hexamod:RainOfEmbers","hexamod:CatchUp"],"picked":"hexamod:FirstSeal","floor":4},{"not_picked":["hexamod:NightmareGuise","hexamod:AdvancingGuard"],"picked":"hexamod:RadiantFlame","floor":10},{"not_picked":["hexamod:GhostShield","hexamod:StepThrough"],"picked":"hexamod:FifthSeal","floor":12},{"not_picked":["hexamod:BurningTouch+1","hexamod:Again+1"],"picked":"hexamod:CatchUp+1","floor":14},{"not_picked":["hexamod:FourthSeal","hexamod:FirstSeal"],"picked":"hexamod:SixthSeal","floor":15},{"not_picked":["hexamod:ThermalTransfer","hexamod:RainOfEmbers"],"picked":"hexamod:HeatShield+1","floor":15}],"player_experience":142920,"relics_obtained":[{"floor":7,"key":"Anchor"},{"floor":12,"key":"hubris:Teleporter"},{"floor":14,"key":"Toxic Egg 2"}],"event_choices":[{"damage_healed":0,"gold_gain":0,"player_choice":"Upgraded","damage_taken":0,"max_hp_gain":0,"max_hp_loss":0,"event_name":"Upgrade Shrine","floor":9,"gold_loss":0,"cards_upgraded":["hexamod:HauntingEcho"]}],"is_beta":false,"boss_relics":[],"items_purged_floors":[],"is_endless":false,"potions_floor_spawned":[12,15],"killed_by":"downfall:Ironclad","ascension_level":0}}