{"host":"uflv0e3ja7hvnij7","time":1608716675,"event":{"mods":["BaseMod","Conspire","Hubris","Minty Spire (QoL Compilation)","Replay The Spire","StSLib","The Bug Knight"],"gold_per_floor":[110,110,122,137,149,181,181,201,201,219,144,144,144,158,158,253,253,226,241,141,152,168,168,200,217,217,252,252,271,282,297,297,396,396,409,326,326,345,359,387,387,404,452,468,468,468,468,324,324,324],"floor_reached":51,"playtime":5116,"items_purged":["HollowMod:NewGlowingWomb","HollowMod:QuickDashStart"],"score":700,"play_id":"0bf6ceb0-f524-4c36-933f-b51a65ab579e","local_time":"20201223044435","is_ascension_mode":false,"campfire_choices":[{"data":"HollowMod:ChannelNail","floor":7.0,"key":"SMITH"},{"data":"HollowMod:SoulEater","floor":13.0,"key":"SMITH"},{"data":"HollowMod:BaldurShell","floor":15.0,"key":"SMITH"},{"data":"HollowMod:PureNailStrike","floor":23.0,"key":"SMITH"},{"data":"HollowMod:PogoStrike","floor":32.0,"key":"SMITH"},{"data":"HollowMod:SoulEater","floor":41,"key":"SMITH"},{"data":"HollowMod:SoulStrike","floor":46,"key":"SMITH"},{"floor":49,"key":"REST"}],"circlet_count":0,"master_deck":["HollowMod:NailStrikeStart","HollowMod:NailStrikeStart","HollowMod:FocusHealStart","HollowMod:PogoStrike+1","HollowMod:HuntersJournal","HollowMod:ChannelNail+1","HollowMod:BaldurShell+1","HollowMod:CycloneSlash","HollowMod:SoulEater+1","HollowMod:PerfectDash","HollowMod:SoulSplash","HollowMod:PureNailStrike+1","HollowMod:SoulMaster","HollowMod:BaldurShell","HollowMod:DesolateDive+1","HollowMod:PureVessel","HollowMod:CycloneSlash+1","HollowMod:SoulStrike+1","HollowMod:LifebloodCocoon+1","HollowMod:Weaversong","HollowMod:SoulEater+1"],"relics":["HollowMod:VesselMask","Snack Pack","hubris:SphereOfDissonance","Sozu","HollowMod:LumaflyLanternRelic","Bag of Preparation","conspire:Boomerang","hubris:RunicObelisk","HornCleat","ReplayFunnel","Toolbox"],"acts_visited":["Exordium","TheCity","TheBeyond"],"potions_floor_usage":[],"damage_taken":[{"damage":2.0,"enemies":"Small Slimes","floor":1.0,"turns":4.0},{"damage":5.0,"enemies":"Cultist","floor":3.0,"turns":4.0},{"damage":0.0,"enemies":"2 Louse","floor":4.0,"turns":2.0},{"damage":23.0,"enemies":"Exordium Thugs","floor":5.0,"turns":9.0},{"damage":24.0,"enemies":"Lagavulin","floor":6.0,"turns":10.0},{"damage":7.0,"enemies":"HollowMod:HuskWarrior","floor":8.0,"turns":7.0},{"damage":12.0,"enemies":"Red Slaver","floor":10.0,"turns":4.0},{"damage":0.0,"enemies":"Large Slime","floor":14.0,"turns":5.0},{"damage":43.0,"enemies":"HollowMod:FalseKnight","floor":16.0,"turns":7.0},{"damage":18.0,"enemies":"2 Thieves","floor":18.0,"turns":5.0},{"damage":5.0,"enemies":"Chosen","floor":19.0,"turns":5.0},{"damage":11.0,"enemies":"Shelled Parasite and Fungi","floor":21.0,"turns":5.0},{"damage":6.0,"enemies":"Centurion and Healer","floor":22.0,"turns":5.0},{"damage":0.0,"enemies":"Gremlin Leader","floor":24.0,"turns":5.0},{"damage":28.0,"enemies":"Snake Plant","floor":25.0,"turns":5.0},{"damage":6.0,"enemies":"conspire:Head Lice","floor":27.0,"turns":5.0},{"damage":10.0,"enemies":"Shelled Parasite and Fungi","floor":29.0,"turns":4.0},{"damage":0.0,"enemies":"Snecko","floor":30.0,"turns":5.0},{"damage":2.0,"enemies":"Centurion and Healer","floor":31.0,"turns":4.0},{"damage":20.0,"enemies":"Automaton","floor":33.0,"turns":10.0},{"damage":16,"enemies":"3 Darklings","floor":35,"turns":3},{"damage":0,"enemies":"Orb Walker","floor":38,"turns":3},{"damage":22,"enemies":"Sphere and 2 Shapes","floor":39,"turns":4},{"damage":32,"enemies":"Giant Head","floor":40,"turns":7},{"damage":0,"enemies":"Transient","floor":42,"turns":5},{"damage":16,"enemies":"4 Shapes","floor":44,"turns":3},{"damage":53,"enemies":"Donu and Deca","floor":50,"turns":8}],"seed_played":"-4042064832833696693","potions_obtained":[{"floor":1.0,"key":"SpeedPotion"},{"floor":10.0,"key":"PowerPotion"},{"floor":14.0,"key":"Elixir"},{"floor":16.0,"key":"SpeedPotion"}],"is_trial":false,"path_per_floor":["M","?","M","M","M","E","R","M","T","M","$","?","R","M","R","B",null,"M","M","$","M","M","R","E","M","T","E","$","M","M","M","R","B",null,"M","$","?","M","M","E","R","M","T","M","?","R","$","$","R","B",null],"character_chosen":"THE_BUGKNIGHT","items_purchased":["HollowMod:SoulStrike","HollowMod:LifebloodCocoon+1","Toolbox"],"campfire_rested":1,"item_purchase_floors":[36,36,48],"current_hp_per_floor":[58,58,59,65,54,42,42,51,51,39,39,39,39,47,47,26,75,65,68,68,73,75,75,75,56,56,58,58,62,74,75,75,75,75,73,73,73,75,67,55,55,73,73,61,61,61,61,61,75,42],"gold":324,"neow_bonus":"TRANSFORM_TWO_CARDS","is_daily":false,"chose_seed":false,"campfire_upgraded":7,"win_rate":0.0,"timestamp":1608716675,"path_taken":["M","?","M","M","M","E","R","?","T","M","$","?","R","M","R","BOSS","M","M","$","M","M","R","E","M","T","E","$","M","M","M","R","BOSS","M","$","?","M","M","E","R","M","T","?","?","R","?","$","R","BOSS"],"items_purchased_type":["Card","Card","Relic"],"build_version":"2020-12-22","purchased_purges":2,"victory":true,"max_hp_per_floor":[75,75,75,75,75,75,75,75,75,75,75,75,75,75,75,75,75,75,75,75,75,75,75,75,75,75,75,75,75,75,75,75,75,75,75,75,75,75,75,75,75,75,75,75,75,75,75,75,75,75],"card_choices":[{"not_picked":["HollowMod:VengefulVoid","HollowMod:ChannelNail"],"picked":"HollowMod:BaldurShell","floor":1.0},{"not_picked":["HollowMod:RecoilStrike","HollowMod:VengefulVoid"],"picked":"HollowMod:CycloneSlash","floor":3.0},{"not_picked":["HollowMod:HowlingWraiths","HollowMod:LifebloodCocoon"],"picked":"HollowMod:SoulEater","floor":4.0},{"not_picked":["HollowMod:DreamGate","HollowMod:NewGlowingWomb"],"picked":"HollowMod:PerfectDash","floor":5.0},{"not_picked":["HollowMod:LifebloodCocoon","HollowMod:InfectedCysts"],"picked":"HollowMod:SoulSplash","floor":6.0},{"not_picked":["HollowMod:NewGlowingWomb","HollowMod:InfectionAssault"],"picked":"HollowMod:PureNailStrike","floor":8.0},{"not_picked":["HollowMod:NewGlowingWomb","HollowMod:SoulEater","HollowMod:SiblingsShadow"],"picked":"SKIP","floor":10.0},{"not_picked":["HollowMod:NewLittleFool","HollowMod:PureNailStrike","HollowMod:CrystalDash"],"picked":"SKIP","floor":14.0},{"not_picked":["HollowMod:ElderbugsWisdom","HollowMod:HornetsHelp"],"picked":"HollowMod:SoulMaster","floor":16.0},{"not_picked":["HollowMod:SoulSplash","HollowMod:InfectedCysts+1"],"picked":"HollowMod:BaldurShell","floor":18.0},{"not_picked":["HollowMod:SiblingsShadow","HollowMod:InfectedCysts","HollowMod:DreamGate"],"picked":"SKIP","floor":19.0},{"not_picked":["HollowMod:HeavyBlow","HollowMod:TaintedHusks+1"],"picked":"HollowMod:DesolateDive+1","floor":21.0},{"not_picked":["HollowMod:CloakDash+1","HollowMod:HeavyBlow","HollowMod:ChannelNail"],"picked":"SKIP","floor":22.0},{"not_picked":["HollowMod:NewGlowingWomb","HollowMod:SiblingsShadow+1","HollowMod:DashSlash"],"picked":"SKIP","floor":24.0},{"not_picked":["HollowMod:InfectedAttack","HollowMod:ChannelNail+1","HollowMod:SiblingsSouls"],"picked":"SKIP","floor":25.0},{"not_picked":["HollowMod:DescendingDark+1","HollowMod:CoiledNail","HollowMod:PerfectDash"],"picked":"SKIP","floor":27.0},{"not_picked":["HollowMod:PureNailStrike","HollowMod:InfectedAttack","HollowMod:ChannelNail"],"picked":"SKIP","floor":29.0},{"not_picked":["HollowMod:WraithStrike","HollowMod:SoulShaman","HollowMod:SiblingsShadow+1"],"picked":"SKIP","floor":30.0},{"not_picked":["HollowMod:LifebloodCocoon+1","HollowMod:TaintedHusks"],"picked":"HollowMod:PureVessel","floor":31.0},{"not_picked":["HollowMod:TaintedHusks","HollowMod:CrystalDash"],"picked":"HollowMod:CycloneSlash+1","floor":35},{"not_picked":["HollowMod:SoulSplash+1","HollowMod:InfectedCysts","HollowMod:HowlingWraiths+1"],"picked":"SKIP","floor":38},{"not_picked":["HollowMod:QuirrelsAssistance","HollowMod:DashSlash"],"picked":"HollowMod:Weaversong","floor":39},{"not_picked":["HollowMod:LifebloodCocoon","HollowMod:CoiledNail+1"],"picked":"HollowMod:SoulEater","floor":40},{"not_picked":["HollowMod:DescendingDark+1","HollowMod:HeavyBlow","HollowMod:NewLittleFool+1"],"picked":"SKIP","floor":42},{"not_picked":["HollowMod:MonarchWings+1","HollowMod:SiblingsSouls","HollowMod:SiblingsShadow"],"picked":"SKIP","floor":44}],"player_experience":285604,"relics_obtained":[{"floor":6.0,"key":"Snack Pack"},{"floor":9.0,"key":"hubris:SphereOfDissonance"},{"floor":24.0,"key":"HollowMod:LumaflyLanternRelic"},{"floor":26.0,"key":"Bag of Preparation"},{"floor":27.0,"key":"conspire:Boomerang"},{"floor":40,"key":"HornCleat"},{"floor":43,"key":"ReplayFunnel"}],"event_choices":[{"damage_healed":0.0,"max_hp_gain":0.0,"max_hp_loss":0.0,"gold_gain":0.0,"cards_transformed":["HollowMod:NailStrikeStart"],"event_name":"Transmorgrifier","player_choice":"Transformed","floor":2.0,"gold_loss":0.0,"damage_taken":0.0,"cards_obtained":["HollowMod:NewGlowingWomb"]},{"cards_removed":["HollowMod:QuickDashStart"],"damage_healed":0.0,"max_hp_gain":0.0,"max_hp_loss":0.0,"gold_gain":0.0,"event_name":"Purifier","player_choice":"Purged","floor":12.0,"gold_loss":0.0,"damage_taken":0.0},{"damage_healed":0,"gold_gain":0,"cards_transformed":["HollowMod:QuickDashStart"],"player_choice":"Transformed","damage_taken":0,"max_hp_gain":0,"max_hp_loss":0,"event_name":"Transmorgrifier","floor":37,"gold_loss":0,"cards_obtained":["HollowMod:HeavyBlow"]},{"cards_removed":["HollowMod:HeavyBlow"],"damage_healed":0,"gold_gain":0,"player_choice":"Purged","damage_taken":0,"max_hp_gain":0,"max_hp_loss":0,"event_name":"Purifier","floor":45,"gold_loss":0}],"is_beta":false,"boss_relics":[{"not_picked":["conspire:RunicOctahedron","Cursed Key"],"picked":"Sozu"},{"not_picked":["Snecko Eye","hubris:CrackedHourglass"],"picked":"hubris:RunicObelisk"}],"items_purged_floors":[11,20],"is_endless":false,"potions_floor_spawned":[1,10,14,16,18,21,24,29,33,35,39,42],"ascension_level":0}}