{"host":"17xjy7b7ubl548g2","time":1608765767,"event":{"mods":["2.2 Compatiblity","Act Like it!","Aspiration","Astrologer","Bard","BaseMod","Bestiary","Challenge The Spire","ChefMod","Colored Map","Conspire","Elementarium","Energized Spire","GifTheSpireLib","Halation","Hallownest","Hermit","Hubris","Infinite Spire","Jedi Mod","Jorbs\u0027s Wanderer Trilogy","Marisa（霧雨　魔理沙）","Marked Mod","Minty Spire (QoL Compilation)","Pale of the Ancients","Permanent Neow","Puzzle Mod","Replay The Spire","Robot Space Explorer","Spicy Shops","StSLib","Stuff the Spire","The Blue Laboratory","The Bug Knight","The Construct","The Disciple","The Hayseed","The Hierophant","The Runesmith","The Sage"],"gold_per_floor":[112,82,82,82,82,82,82,82,82,82,82,82,82,82,82,82,82,82,82,82,82,82,82,82,82,82,82,82,82,82,82,82,163,163,79,98,98,118,38,38,50,50,50,50,85,85,111,111,111,111,111,111,35,61,61,61],"floor_reached":55,"playtime":6232,"items_purged":["RobotSpaceExplorer:Strike","RobotSpaceExplorer:Strike","RobotSpaceExplorer:Strike"],"score":1246,"play_id":"eb234c5c-52b7-4380-baa9-c78feebb0492","local_time":"20201223182247","is_ascension_mode":true,"campfire_choices":[{"data":"RobotSpaceExplorer:MiniLasers","floor":6.0,"key":"SMITH"},{"data":"RobotSpaceExplorer:PowerCollector","floor":13.0,"key":"SMITH"},{"data":"RobotSpaceExplorer:IronShell","floor":15.0,"key":"SMITH"},{"data":"StuffTheSpire:Innocence","floor":23.0,"key":"SMITH"},{"data":"RobotSpaceExplorer:ShockMissile","floor":27.0,"key":"SMITH"},{"data":"RobotSpaceExplorer:Asteroid","floor":32,"key":"SMITH"},{"data":"infinitespire:SevenWalls","floor":40,"key":"SMITH"},{"data":"RobotSpaceExplorer:ChargingLaser","floor":42,"key":"SMITH"},{"data":"RobotSpaceExplorer:DroneSwarm","floor":44,"key":"SMITH"},{"floor":49,"key":"RECALL"},{"data":"RobotSpaceExplorer:MiniBoosters","floor":52,"key":"SMITH"}],"circlet_count":0,"master_deck":["RobotSpaceExplorer:Defend","RobotSpaceExplorer:Defend","RobotSpaceExplorer:Defend","RobotSpaceExplorer:Defend","RobotSpaceExplorer:Scan","RobotSpaceExplorer:MiniLasers+1","RobotSpaceExplorer:DroneSwarm+1","RobotSpaceExplorer:MiniDrones+1","RobotSpaceExplorer:SurgingStrike","RobotSpaceExplorer:Counterblock","RobotSpaceExplorer:MetalStrike","RobotSpaceExplorer:Smokescreen","RobotSpaceExplorer:IronShell+1","RobotSpaceExplorer:PowerCollector+1","RobotSpaceExplorer:ShovelStrike","RobotSpaceExplorer:SurgingShield","RobotSpaceExplorer:ShockMissile+1","RobotSpaceExplorer:GearShield","StuffTheSpire:Innocence+1","RobotSpaceExplorer:Fix+1","Replay:Fractal Strike","RobotSpaceExplorer:MiniDrones+1","RobotSpaceExplorer:FranticSearch+1","RobotSpaceExplorer:Asteroid+1","RobotSpaceExplorer:Comet","RobotSpaceExplorer:ChargingLaser+1","RobotSpaceExplorer:GearShield+1","RobotSpaceExplorer:Pulsar+1","infinitespire:SevenWalls+1","RobotSpaceExplorer:LaserBurst+1","RobotSpaceExplorer:MiniBoosters+1","RobotSpaceExplorer:DoubleBlock+1","RobotSpaceExplorer:Pulsar+1","RobotSpaceExplorer:PlasmaMissile+1","RobotSpaceExplorer:ScrapMissile+1"],"relics":["RobotSpaceExplorer:RoboCore","jedi:ominousloannote","Anchor","Hallownest:DreamNailRelic","infinitespire:CheckeredPen","hubris:TinFlute","Cursed Key","hubris:Metronome","hubris:Towel","infinitespire:Lucky Rock","Lantern","Velvet Choker","hubris:ScarierMask","Regal Pillow","Mummified Hand","Vajra"],"acts_visited":["Exordium","Hallownest:Greenpath","Hallownest:CityofTears","TheEnding"],"potions_floor_usage":[31,45,47,55,55,55],"damage_taken":[{"damage":1.0,"enemies":"Hallownest:monsterHuskWarrior","floor":1.0,"turns":4.0},{"damage":0.0,"enemies":"2_ Uuma","floor":4.0,"turns":5.0},{"damage":0.0,"enemies":"Hallownest:2_MossCreeps","floor":7.0,"turns":4.0},{"damage":0.0,"enemies":"Hallownest:eliteVengeflyKing","floor":8.0,"turns":6.0},{"damage":0.0,"enemies":"Hallownest:monsterAspidMother","floor":10.0,"turns":3.0},{"damage":0.0,"enemies":"Hallownest:eliteMossKnight","floor":11.0,"turns":4.0},{"damage":0.0,"enemies":"Hallownest:monsterFoolEater","floor":14.0,"turns":3.0},{"damage":2.0,"enemies":"Hallownest:BossFalseKnight","floor":16.0,"turns":10.0},{"damage":0.0,"enemies":"Hallownest:Guard_and_Sentry","floor":18.0,"turns":4.0},{"damage":7.0,"enemies":"Hallownest:2_Mistakes","floor":20.0,"turns":6.0},{"damage":10.0,"enemies":"Hallownest:3_Mistakes","floor":22.0,"turns":8.0},{"damage":0.0,"enemies":"Hallownest:eliteWatcherKnight","floor":24.0,"turns":10.0},{"damage":0.0,"enemies":"Hallownest:monsterShrumalOgre","floor":28.0,"turns":5.0},{"damage":0,"enemies":"Hallownest:Nosk","floor":29,"turns":6},{"damage":26,"enemies":"Hallownest:eliteWatcherKnight","floor":31,"turns":9},{"damage":16,"enemies":"Hallownest:BossMantisLord","floor":33,"turns":6},{"damage":7,"enemies":"Hallownest:2_Littles","floor":35,"turns":5},{"damage":0,"enemies":"Hallownest:Shield_Heavy","floor":36,"turns":5},{"damage":0,"enemies":"Hallownest:2_Great","floor":38,"turns":3},{"damage":0,"enemies":"Hallownest:Slobbering_and_Violent","floor":41,"turns":4},{"damage":10,"enemies":"Nightmare","floor":45,"turns":6},{"damage":0,"enemies":"Hallownest:StalkingDevout","floor":47,"turns":5},{"damage":0,"enemies":"Hallownest:Radiance","floor":50,"turns":8},{"damage":0,"enemies":"Shield and Spear","floor":54,"turns":4},{"damage":75,"enemies":"The Heart","floor":55,"turns":8}],"seed_played":"6038195432492001376","potions_obtained":[{"floor":1.0,"key":"Languid Potion"},{"floor":14.0,"key":"Energy Potion"},{"floor":18.0,"key":"Regen Potion"},{"floor":28.0,"key":"Toxic Potion"},{"floor":31,"key":"FearPotion"},{"floor":35,"key":"blueLaboratory:FrostheartPotion"},{"floor":36,"key":"blueLaboratory:BottledHope"},{"floor":45,"key":"jedi:holywater"},{"floor":54,"key":"blueLaboratory:BottleOfRum"}],"is_trial":false,"path_per_floor":["M","$","?","M","?","R","M","E","T","M","E","?","R","M","R","B",null,"M","?","M","?","M","R","E","?","T","R","M","E","?","E","R","B",null,"M","M","AVR","M","$","R","M","R","T","R","NM","?","E","T","R","B",null,"R","$","E","B"],"character_chosen":"RobotSpaceExplorer","items_purchased":["jedi:ominousloannote","RobotSpaceExplorer:SurgingStrike","RobotSpaceExplorer:Counterblock","Anchor","RobotSpaceExplorer:MiniBoosters","Block Potion"],"campfire_rested":0,"item_purchase_floors":[2,2,2,2,39,53],"current_hp_per_floor":[67,67,67,67,67,67,67,67,67,67,67,67,67,67,67,65,73,73,73,66,48,59,59,65,65,65,65,71,75,75,49,49,39,66,65,71,71,75,75,75,75,75,75,75,65,65,71,71,71,75,75,75,75,75,0,0],"gold":61,"neow_bonus":"ONE_RANDOM_RARE_CARD","is_daily":false,"chose_seed":false,"campfire_upgraded":10,"win_rate":0.0,"timestamp":1608765767,"path_taken":["M","$","?","?","?","R","M","E","T","M","E","?","R","?","R","BOSS","M","?","M","?","M","R","E","?","T","R","?","E","?","E","R","BOSS","M","M","AVR","M","$","R","M","R","T","R","NM","?","E","?","R","BOSS","R","$","E","BOSS"],"items_purchased_type":["Relic","Card","Card","Relic","Card","Potion"],"build_version":"2020-12-22","purchased_purges":3,"victory":false,"max_hp_per_floor":[75,75,75,75,75,75,75,75,75,75,75,75,75,75,75,75,75,75,75,75,75,75,75,75,75,75,75,75,75,75,75,75,75,75,75,75,75,75,75,75,75,75,75,75,75,75,75,75,75,75,75,75,75,75,75,75],"card_choices":[{"not_picked":["RobotSpaceExplorer:Probe","RobotSpaceExplorer:Counterblock"],"picked":"RobotSpaceExplorer:MiniDrones","floor":1.0},{"not_picked":["RobotSpaceExplorer:Discharger","RobotSpaceExplorer:SlimeMissile"],"picked":"RobotSpaceExplorer:MetalStrike","floor":4.0},{"not_picked":["RobotSpaceExplorer:MetalStrike","RobotSpaceExplorer:PowerCollector"],"picked":"RobotSpaceExplorer:Smokescreen","floor":7.0},{"not_picked":["RobotSpaceExplorer:GlueShot","RobotSpaceExplorer:FreezingShield"],"picked":"RobotSpaceExplorer:IronShell","floor":8.0},{"not_picked":["RobotSpaceExplorer:JunkDive","RobotSpaceExplorer:StunGrenade"],"picked":"RobotSpaceExplorer:PowerCollector","floor":10.0},{"not_picked":["RobotSpaceExplorer:Scanner","RobotSpaceExplorer:FranticSearch"],"picked":"RobotSpaceExplorer:ShovelStrike","floor":11.0},{"not_picked":["RobotSpaceExplorer:LuckyStrike","RobotSpaceExplorer:JunkDive"],"picked":"RobotSpaceExplorer:SurgingShield","floor":14.0},{"not_picked":["RobotSpaceExplorer:Explosion","RobotSpaceExplorer:Autoloader"],"picked":"RobotSpaceExplorer:ShockMissile","floor":16.0},{"not_picked":["RobotSpaceExplorer:Pulsar","RobotSpaceExplorer:DualCore"],"picked":"RobotSpaceExplorer:GearShield","floor":18.0},{"not_picked":["StuffTheSpire:BrainWave","StuffTheSpire:Ambrosia"],"picked":"StuffTheSpire:Innocence","floor":19.0},{"not_picked":["RobotSpaceExplorer:StarDust","RobotSpaceExplorer:StunGrenade"],"picked":"RobotSpaceExplorer:Fix+1","floor":20.0},{"not_picked":["ReplayTheSpireMod:Haul","ReplayTheSpireMod:Black Plague"],"picked":"Replay:Fractal Strike","floor":21.0},{"not_picked":["RobotSpaceExplorer:MetalStrike+1","RobotSpaceExplorer:FrostMissile"],"picked":"RobotSpaceExplorer:MiniDrones+1","floor":22.0},{"not_picked":["RobotSpaceExplorer:ShovelStrike","RobotSpaceExplorer:MetalStrike"],"picked":"RobotSpaceExplorer:FranticSearch+1","floor":24.0},{"not_picked":["RobotSpaceExplorer:ExhaustFan","RobotSpaceExplorer:JunkDive+1"],"picked":"RobotSpaceExplorer:Wormhole","floor":28.0},{"not_picked":["RobotSpaceExplorer:StarLightning","RobotSpaceExplorer:ShovelStrike"],"picked":"RobotSpaceExplorer:Asteroid","floor":29},{"not_picked":["RobotSpaceExplorer:MetalStrike+1","RobotSpaceExplorer:ShovelStrike"],"picked":"RobotSpaceExplorer:Comet","floor":31},{"not_picked":["RobotSpaceExplorer:Multitool","RobotSpaceExplorer:DroneSwarm"],"picked":"RobotSpaceExplorer:ChargingLaser","floor":33},{"not_picked":["RobotSpaceExplorer:DoubleFind","RobotSpaceExplorer:ShovelStrike"],"picked":"RobotSpaceExplorer:GearShield+1","floor":35},{"not_picked":["RobotSpaceExplorer:SurgingShield","RobotSpaceExplorer:ScrapMissile"],"picked":"RobotSpaceExplorer:Pulsar+1","floor":36},{"not_picked":["RobotSpaceExplorer:SelfCleaning","RobotSpaceExplorer:MiniDrones+1"],"picked":"RobotSpaceExplorer:LaserBurst+1","floor":38},{"not_picked":["RobotSpaceExplorer:MetalStrike","RobotSpaceExplorer:ScrapMissile+1"],"picked":"RobotSpaceExplorer:DoubleBlock+1","floor":41},{"not_picked":["RobotSpaceExplorer:ShockKick","RobotSpaceExplorer:FranticSearch+1"],"picked":"RobotSpaceExplorer:Pulsar+1","floor":45},{"not_picked":["RobotSpaceExplorer:GlueShot","RobotSpaceExplorer:MiniBoosters"],"picked":"RobotSpaceExplorer:PlasmaMissile+1","floor":47},{"not_picked":["RobotSpaceExplorer:GearShield+1","RobotSpaceExplorer:DoubleBlock"],"picked":"RobotSpaceExplorer:ScrapMissile+1","floor":54}],"player_experience":1610641,"relics_obtained":[{"floor":8.0,"key":"halation:IllGainedPizza"},{"floor":9.0,"key":"infinitespire:CheckeredPen"},{"floor":11.0,"key":"hubris:TinFlute"},{"floor":24.0,"key":"hubris:Metronome"},{"floor":29,"key":"infinitespire:Lucky Rock"},{"floor":31,"key":"Lantern"},{"floor":45,"key":"Regal Pillow"},{"floor":47,"key":"Mummified Hand"},{"floor":54,"key":"Vajra"}],"event_choices":[],"is_beta":false,"boss_relics":[{"not_picked":["sagemod:Falmels_Amulet","Runic Pyramid"],"picked":"Cursed Key"},{"not_picked":["Kintsugi","StuffTheSpire:Kangaroo"],"picked":"Velvet Choker"}],"items_purged_floors":[2,2,37],"is_endless":false,"potions_floor_spawned":[1,14,18,28,31,35,36,45,54],"killed_by":"The Heart","ascension_level":7}}