{"host":"6qo42zgaknezulyg","time":1608705989,"event":{"mods":["2.2 Compatiblity","BaseMod","Colored Map","Highlight Path","Keyboard Shortcuts","Minty Spire (QoL Compilation)","Permanent Neow","Quick Restart","StSLib","SuperFastMode","The Runesmith"],"gold_per_floor":[112,122,82,101,112,112,123,156,156,156,106,106,137,137,137,242,242,256,269,279,8,8,38,38,20,45,62,72,83,83,116,116,217,217,229,239,239,116,116,116,143,5,5,5,55,55,90,90,90,90],"floor_reached":51,"playtime":2223,"items_purged":["Runesmith:Strike_RS","Runesmith:Strike_RS","Runesmith:UnstableHammer+1"],"score":1131,"play_id":"8ed64449-1bd8-4f83-a5ab-69a5c44e3253","local_time":"20201223154629","is_ascension_mode":true,"campfire_choices":[{"data":"Runesmith:CraftPrismatica","floor":6.0,"key":"SMITH"},{"floor":10.0,"key":"REST"},{"data":"Runesmith:Permafrost","floor":12.0,"key":"SMITH"},{"floor":15.0,"key":"REST"},{"floor":24.0,"key":"REST"},{"data":"Runesmith:HammerAndChisel","floor":32.0,"key":"SMITH"},{"data":"Runesmith:LightningRod","floor":40.0,"key":"SMITH"},{"data":"Runesmith:BackupBattery","floor":46,"key":"SMITH"},{"data":"Runesmith:BackupBattery+1","floor":49,"key":"SMITH"}],"circlet_count":0,"master_deck":["Runesmith:Defend_RS","Runesmith:Defend_RS","Runesmith:Defend_RS","Runesmith:Defend_RS","Runesmith:CraftFirestone","Runesmith:Fortify","Runesmith:CraftPrismatica+1","Runesmith:Firewall","Runesmith:Accelerate","Runesmith:ChargedHammer","Runesmith:BackupBattery+2","Runesmith:Permafrost+1","Runesmith:LightningRod+1","Runesmith:GrandSlam+1","Runesmith:Superposition+1","Runesmith:HeatedChisel+1","Runesmith:HammerAndChisel+1","Runesmith:NanitesCloud+1","Runesmith:UnlimitedPower","Runesmith:GrandSlam+1","Mayhem","Runesmith:FrozenChisel+1"],"relics":["Runesmith:BrokenRuby","Molten Egg 2","Darkstone Periapt","Mummified Hand","CultistMask","Snecko Eye","Membership Card","Happy Flower","Singing Bowl","Regal Pillow","Eternal Feather","Cursed Key","DollysMirror","Meat on the Bone","Oddly Smooth Stone","Pocketwatch","Vajra"],"acts_visited":["Exordium","TheCity","TheBeyond"],"potions_floor_usage":[50,50],"damage_taken":[{"damage":1.0,"enemies":"Jaw Worm","floor":1.0,"turns":4.0},{"damage":6.0,"enemies":"Cultist","floor":2.0,"turns":4.0},{"damage":1.0,"enemies":"2 Louse","floor":4.0,"turns":4.0},{"damage":4.0,"enemies":"Gremlin Gang","floor":5.0,"turns":6.0},{"damage":31.0,"enemies":"Exordium Thugs","floor":7.0,"turns":6.0},{"damage":0.0,"enemies":"Gremlin Nob","floor":8.0,"turns":3.0},{"damage":22.0,"enemies":"3 Sentries","floor":13.0,"turns":10.0},{"damage":16.0,"enemies":"Slime Boss","floor":16.0,"turns":7.0},{"damage":5.0,"enemies":"Shell Parasite","floor":18.0,"turns":3.0},{"damage":0.0,"enemies":"Chosen","floor":19.0,"turns":4.0},{"damage":0.0,"enemies":"3 Cultists","floor":20.0,"turns":5.0},{"damage":0.0,"enemies":"Book of Stabbing","floor":23.0,"turns":4.0},{"damage":0.0,"enemies":"Snake Plant","floor":27.0,"turns":3.0},{"damage":4.0,"enemies":"Centurion and Healer","floor":28.0,"turns":3.0},{"damage":0.0,"enemies":"Sentry and Sphere","floor":29.0,"turns":4.0},{"damage":17.0,"enemies":"Slavers","floor":31.0,"turns":7.0},{"damage":3.0,"enemies":"Champ","floor":33.0,"turns":10.0},{"damage":0.0,"enemies":"3 Shapes","floor":35.0,"turns":4.0},{"damage":0.0,"enemies":"Orb Walker","floor":36.0,"turns":1.0},{"damage":0.0,"enemies":"Giant Head","floor":41.0,"turns":6.0},{"damage":0,"enemies":"Mind Bloom Boss Battle","floor":45,"turns":7},{"damage":22,"enemies":"Reptomancer","floor":47,"turns":3},{"damage":14,"enemies":"Donu and Deca","floor":50,"turns":7}],"seed_played":"-3468519330751114976","potions_obtained":[{"floor":1.0,"key":"Swift Potion"},{"floor":3.0,"key":"CultistPotion"},{"floor":3.0,"key":"DuplicationPotion"},{"floor":3.0,"key":"DistilledChaos"},{"floor":8.0,"key":"Weak Potion"},{"floor":13.0,"key":"DistilledChaos"},{"floor":16.0,"key":"FearPotion"}],"is_trial":false,"path_per_floor":["M","M","?","M","M","R","M","E","T","R","?","R","E","?","R","B",null,"M","M","M","$","?","E","R","$","T","M","M","M","?","E","R","B",null,"M","M","?","$","?","R","E","$","T","?","?","R","E","?","R","B",null],"character_chosen":"RUNESMITH_CLASS","items_purchased":["Membership Card","Happy Flower","Runesmith:HammerAndChisel","DollysMirror","Oddly Smooth Stone"],"campfire_rested":3,"item_purchase_floors":[21,21,25,38,42],"current_hp_per_floor":[44,38,38,37,33,33,2,2,2,23,23,23,1,1,22,6,54,49,49,49,49,49,49,70,70,70,70,68,70,70,55,67,64,73,75,77,77,77,71,83,85,85,85,82,84,84,62,62,74,60],"gold":90,"neow_bonus":"THREE_RARE_CARDS","is_daily":false,"chose_seed":false,"campfire_upgraded":6,"win_rate":0.0,"timestamp":1608705989,"path_taken":["M","M","?","M","M","R","?","E","T","R","?","R","E","?","R","BOSS","M","M","?","$","?","E","R","?","T","M","M","M","?","E","R","BOSS","M","M","?","$","?","R","E","$","T","?","?","R","E","?","R","BOSS"],"items_purchased_type":["Relic","Relic","Card","Relic","Relic"],"build_version":"2020-12-22","purchased_purges":3,"victory":true,"max_hp_per_floor":[70,70,70,70,70,70,70,70,70,70,70,70,70,70,70,70,70,70,70,70,70,70,70,70,70,70,70,72,74,74,76,76,76,76,78,80,80,80,84,84,86,86,86,82,84,84,84,84,84,84],"card_choices":[{"not_picked":["Runesmith:ReplicatingBarrier","Runesmith:LastStand"],"picked":"Runesmith:CraftPrismatica","floor":0.0},{"not_picked":["Runesmith:HeatedChisel","Runesmith:ChiselStab"],"picked":"Runesmith:Firewall","floor":1.0},{"not_picked":["Runesmith:Repurpose","Runesmith:Grindstone"],"picked":"Runesmith:Accelerate","floor":2.0},{"not_picked":["Runesmith:ChiselStab","Runesmith:StaticCage"],"picked":"Runesmith:ChargedHammer","floor":4.0},{"not_picked":["Runesmith:Overpower","Runesmith:Retool"],"picked":"Runesmith:BackupBattery","floor":5.0},{"not_picked":["Runesmith:CraftMagma","Runesmith:Grindstone"],"picked":"Runesmith:Permafrost","floor":7.0},{"not_picked":["Runesmith:ChiselStab+1","Runesmith:BackupBattery"],"picked":"Runesmith:LightningRod","floor":8.0},{"not_picked":["Runesmith:StaticCage","Runesmith:ReplicatingBarrier"],"picked":"Runesmith:UnstableHammer+1","floor":13.0},{"not_picked":["Runesmith:Duplicate","Runesmith:CreatorForm"],"picked":"Runesmith:GrandSlam+1","floor":16.0},{"not_picked":["Runesmith:UnstableHammer+1","Runesmith:CraftObretio"],"picked":"Runesmith:Superposition+1","floor":18.0},{"not_picked":["Runesmith:MakeshiftArmor","Runesmith:OneForEveryone+1","Runesmith:Terraform"],"picked":"SKIP","floor":19.0},{"not_picked":["Runesmith:CraftProtectio+1","Runesmith:ChiselStab+1","Runesmith:Overpower+1"],"picked":"SKIP","floor":20.0},{"not_picked":["Runesmith:DuctTape","Runesmith:Accelerate+1"],"picked":"Runesmith:HeatedChisel+1","floor":23.0},{"not_picked":["Runesmith:BackupBattery","Runesmith:MakeshiftArmor"],"picked":"Runesmith:NanitesCloud+1","floor":27.0},{"not_picked":["Runesmith:ShiftingStrike+1","Runesmith:GoWithTheFlow+1","Runesmith:PerfectChisel+1"],"picked":"Singing Bowl","floor":28.0},{"not_picked":["Runesmith:Firestorm","Runesmith:Retool+1","Runesmith:Prism"],"picked":"Singing Bowl","floor":29.0},{"not_picked":["Runesmith:ChiselStab+1","Runesmith:Attraction","Runesmith:Grindstone+1"],"picked":"Singing Bowl","floor":31.0},{"not_picked":["Runesmith:Duplicate","Runesmith:CraftPrismatica"],"picked":"Runesmith:UnlimitedPower","floor":33.0},{"not_picked":["Runesmith:EnergizedChisel+1","Runesmith:HammerThrow+1","Runesmith:Electrocute+1"],"picked":"Singing Bowl","floor":35.0},{"not_picked":["Runesmith:Electrocute+1","Runesmith:ShiftingStrike+1","Runesmith:Attraction"],"picked":"Singing Bowl","floor":36.0},{"not_picked":["Good Instincts","Enlightenment","Flash of Steel+1"],"picked":"Singing Bowl","floor":39.0},{"not_picked":["Purity","Good Instincts"],"picked":"Mayhem","floor":39.0},{"not_picked":["Chrysalis","Panache","Good Instincts"],"picked":"Singing Bowl","floor":39.0},{"not_picked":["Runesmith:CraftProtectio+1","Runesmith:EarthShield+1","Runesmith:UnstableHammer+1"],"picked":"Singing Bowl","floor":41.0},{"not_picked":["Runesmith:CraftProtectio+1","Runesmith:RuneHurl+1","Runesmith:UnstableHammer+1"],"picked":"Singing Bowl","floor":45},{"not_picked":["Runesmith:Overpower+1","Runesmith:HeatedChisel+1"],"picked":"Runesmith:FrozenChisel+1","floor":47}],"player_experience":750799,"relics_obtained":[{"floor":8.0,"key":"Molten Egg 2"},{"floor":9.0,"key":"Darkstone Periapt"},{"floor":13.0,"key":"Mummified Hand"},{"floor":23.0,"key":"Singing Bowl"},{"floor":26.0,"key":"Regal Pillow"},{"floor":31.0,"key":"Eternal Feather"},{"floor":41.0,"key":"Meat on the Bone"},{"floor":45,"key":"Pocketwatch"},{"floor":47,"key":"Vajra"}],"event_choices":[{"damage_healed":0.0,"max_hp_gain":0.0,"max_hp_loss":0.0,"gold_gain":0.0,"event_name":"The Woman in Blue","player_choice":"Bought 3 Potions","floor":3.0,"gold_loss":0.0,"damage_taken":0.0},{"cards_removed":["Runesmith:Strike_RS"],"damage_healed":0.0,"max_hp_gain":0.0,"max_hp_loss":0.0,"gold_gain":0.0,"event_name":"The Cleric","player_choice":"Card Removal","floor":11.0,"gold_loss":50.0,"damage_taken":0.0},{"damage_healed":0.0,"max_hp_gain":0.0,"max_hp_loss":0.0,"gold_gain":0.0,"event_name":"FaceTrader","player_choice":"Trade","floor":14.0,"gold_loss":0.0,"damage_taken":0.0,"relics_obtained":["CultistMask"]},{"cards_removed":["Runesmith:Strike_RS"],"damage_healed":0.0,"max_hp_gain":0.0,"max_hp_loss":0.0,"gold_gain":0.0,"event_name":"Bonfire Elementals","player_choice":"Offered Basic","floor":22.0,"gold_loss":0.0,"damage_taken":0.0},{"damage_healed":0.0,"max_hp_gain":0.0,"max_hp_loss":0.0,"gold_gain":0.0,"event_name":"Tomb of Lord Red Mask","player_choice":"Ignored","floor":37.0,"gold_loss":0.0,"damage_taken":0.0},{"damage_healed":0.0,"max_hp_gain":0.0,"max_hp_loss":0.0,"gold_gain":0.0,"event_name":"SensoryStone","player_choice":"Memory 3","floor":39.0,"gold_loss":0.0,"damage_taken":10.0},{"damage_healed":0,"gold_gain":0,"player_choice":"Max HP","damage_taken":0,"max_hp_gain":0,"max_hp_loss":4,"event_name":"Winding Halls","floor":44,"gold_loss":0},{"damage_healed":0,"gold_gain":0,"player_choice":"Fight","damage_taken":0,"max_hp_gain":0,"max_hp_loss":0,"event_name":"MindBloom","floor":45,"gold_loss":0},{"damage_healed":0,"gold_gain":0,"player_choice":"Ignored","damage_taken":0,"max_hp_gain":0,"max_hp_loss":0,"event_name":"Mysterious Sphere","floor":48,"gold_loss":0}],"is_beta":false,"boss_relics":[{"not_picked":["Coffee Dripper","Calling Bell"],"picked":"Snecko Eye"},{"not_picked":["Black Star","Runic Dome"],"picked":"Cursed Key"}],"items_purged_floors":[21,38,42],"is_endless":false,"potions_floor_spawned":[1,7,8,13,16,23,27,28,36,47],"ascension_level":7}}