{"host":"5mo0809oo9tcrmpl","time":1608761266,"event":{"mods":["BaseMod","Highlight Path","Minty Spire (QoL Compilation)","Relic Stats","Slay the Relics Exporter"],"gold_per_floor":[110,110,120,132,78,78,103,103,156,156,176,101,136,31,40,40,40],"floor_reached":16,"playtime":723,"items_purged":[],"score":216,"play_id":"47baafa4-10e9-4292-beb0-1be0da22cf5c","local_time":"20201223160746","is_ascension_mode":true,"campfire_choices":[{"data":"Dagger Spray","floor":6,"key":"SMITH"},{"data":"Skewer","floor":8,"key":"SMITH"},{"data":"Neutralize","floor":10,"key":"SMITH"},{"floor":15,"key":"REST"}],"circlet_count":0,"master_deck":["AscendersBane","Strike_G","Strike_G","Strike_G","Defend_G","Defend_G","Defend_G","Defend_G","Defend_G","Survivor","Neutralize+1","Slice","Distraction","Crippling Poison","Dagger Spray+1","Skewer+1","Blur","Blade Dance"],"relics":["Ring of the Snake","Dream Catcher","Ancient Tea Set","Juzu Bracelet","CeramicFish","TungstenRod"],"acts_visited":["Exordium"],"potions_floor_usage":[7,13,16],"damage_taken":[{"damage":0,"enemies":"Jaw Worm","floor":1,"turns":6},{"damage":0,"enemies":"Cultist","floor":3,"turns":4},{"damage":1,"enemies":"2 Louse","floor":4,"turns":4},{"damage":29,"enemies":"Gremlin Nob","floor":7,"turns":4},{"damage":0,"enemies":"Exordium Wildlife","floor":11,"turns":3},{"damage":21,"enemies":"3 Sentries","floor":13,"turns":7},{"damage":30,"enemies":"Slime Boss","floor":16,"turns":9}],"seed_played":"5048198049993675172","potions_obtained":[{"floor":4,"key":"AttackPotion"},{"floor":7,"key":"LiquidBronze"},{"floor":13,"key":"Poison Potion"}],"is_trial":false,"path_per_floor":["M","?","M","M","$","R","E","R","T","R","M","?","E","?","R","B"],"character_chosen":"THE_SILENT","items_purchased":["Dagger Spray"],"campfire_rested":1,"item_purchase_floors":[5],"current_hp_per_floor":[59,59,59,58,58,58,29,29,29,29,29,29,8,8,27,0,0],"gold":40,"neow_bonus":"RANDOM_COMMON_RELIC","is_daily":false,"chose_seed":false,"campfire_upgraded":3,"win_rate":0.0,"timestamp":1608761266,"path_taken":["M","?","M","M","?","R","E","R","T","R","M","?","E","?","R","BOSS"],"items_purchased_type":["Card"],"build_version":"2020-12-22","purchased_purges":0,"victory":false,"max_hp_per_floor":[66,66,66,66,66,66,66,66,66,66,66,66,66,66,66,66,66],"relic_stats":{"Dream Catcher":1,"counters":[7,37],"CeramicFish":18,"Juzu Bracelet":1,"obtain_stats":[{"Dream Catcher":0,"CeramicFish":13,"Juzu Bracelet":9,"Ancient Tea Set":7,"TungstenRod":14,"Ring of the Snake":0},{"Dream Catcher":0,"CeramicFish":6,"Juzu Bracelet":4,"Ancient Tea Set":4,"TungstenRod":6,"Ring of the Snake":0},{"Dream Catcher":0,"CeramicFish":28,"Juzu Bracelet":18,"Ancient Tea Set":18,"TungstenRod":28,"Ring of the Snake":0}],"TungstenRod":4,"Ring of the Snake":[14]},"card_choices":[{"not_picked":["Dagger Spray","Deflect"],"picked":"Slice","floor":1},{"not_picked":["Outmaneuver","Night Terror","Expertise"],"picked":"SKIP","floor":3},{"not_picked":["Poisoned Stab","Catalyst"],"picked":"Crippling Poison","floor":4},{"not_picked":["Acrobatics","Dagger Spray"],"picked":"Skewer","floor":7},{"not_picked":["Heel Hook","Quick Slash","Bouncing Flask"],"picked":"SKIP","floor":11},{"not_picked":["Dagger Spray","Quick Slash"],"picked":"Blur","floor":13},{"not_picked":["Heel Hook","Calculated Gamble"],"picked":"Blade Dance","floor":15}],"player_experience":1196750,"relics_obtained":[{"floor":7,"key":"Ancient Tea Set"},{"floor":9,"key":"Juzu Bracelet"},{"floor":13,"key":"CeramicFish"}],"event_choices":[{"damage_healed":0,"gold_gain":0,"cards_transformed":["Strike_G"],"player_choice":"Transformed","damage_taken":0,"max_hp_gain":0,"max_hp_loss":0,"event_name":"Transmorgrifier","floor":2,"gold_loss":0,"cards_obtained":["Distraction"]},{"cards_removed":["Strike_G"],"damage_healed":0,"gold_gain":0,"player_choice":"Card Removal","damage_taken":0,"max_hp_gain":0,"max_hp_loss":0,"event_name":"The Cleric","floor":12,"gold_loss":75},{"damage_healed":0,"gold_gain":0,"player_choice":"Paid Gold","damage_taken":0,"relics_obtained":["TungstenRod"],"max_hp_gain":0,"max_hp_loss":0,"event_name":"WeMeetAgain","floor":14,"gold_loss":105}],"is_beta":false,"boss_relics":[],"items_purged_floors":[],"is_endless":false,"potions_floor_spawned":[4,7,13],"killed_by":"Slime Boss","ascension_level":20}}