{"host":"f1miojwxaupu79sp","time":1608693181,"event":{"mods":["BaseMod","Better Vampires","Minty Spire (QoL Compilation)","Shop Mod"],"gold_per_floor":[115,133,133,62,62,62,79,79,79,79,97,124,135,60,60,134,134,147,158,171,181,25,25,25],"floor_reached":23,"playtime":5563,"items_purged":["Strike_G"],"score":318,"play_id":"1a2641c2-4f31-4efe-8266-8f226e5e8902","local_time":"20201222221301","is_ascension_mode":true,"campfire_choices":[{"data":"Envenom","floor":6.0,"key":"SMITH"},{"floor":10.0,"key":"REST"},{"floor":15.0,"key":"REST"}],"circlet_count":0,"master_deck":["AscendersBane","Strike_G","Strike_G","Strike_G","Strike_G+1","Defend_G","Defend_G","Defend_G","Defend_G","Defend_G","Survivor+1","Neutralize+1","Dagger Spray+1","Envenom+1","Blade Dance","Dagger Spray","Die Die Die","Catalyst","Footwork+1","Cloak And Dagger","Leg Sweep"],"relics":["Ring of the Serpent","Shuriken","Question Card","Blue Candle","Snake Skull"],"acts_visited":["Exordium","TheCity"],"potions_floor_usage":[23,23],"damage_taken":[{"damage":6.0,"enemies":"Cultist","floor":1.0,"turns":5.0},{"damage":3.0,"enemies":"Small Slimes","floor":2.0,"turns":4.0},{"damage":0.0,"enemies":"2 Louse","floor":7.0,"turns":2.0},{"damage":7.0,"enemies":"Exordium Thugs","floor":11.0,"turns":5.0},{"damage":11.0,"enemies":"3 Sentries","floor":12.0,"turns":4.0},{"damage":0.0,"enemies":"Gremlin Gang","floor":13.0,"turns":2.0},{"damage":19.0,"enemies":"Hexaghost","floor":16.0,"turns":7.0},{"damage":32.0,"enemies":"2 Thieves","floor":18.0,"turns":4.0},{"damage":4.0,"enemies":"3 Byrds","floor":19.0,"turns":3.0},{"damage":12.0,"enemies":"Cultist and Chosen","floor":20.0,"turns":7.0},{"damage":3.0,"enemies":"3 Cultists","floor":21.0,"turns":5.0},{"damage":2,"enemies":"Gremlin Leader","floor":23,"turns":3}],"seed_played":"-8115993038614722455","potions_obtained":[{"floor":1.0,"key":"Strength Potion"},{"floor":11.0,"key":"SpeedPotion"},{"floor":18.0,"key":"GhostInAJar"},{"floor":21.0,"key":"SpeedPotion"}],"is_trial":false,"path_per_floor":["M","M","?","$","?","R","M","?","T","R","M","E","M","$","R","B",null,"M","M","M","M","$","E"],"character_chosen":"THE_SILENT","items_purchased":["Envenom","Snake Skull"],"campfire_rested":2,"item_purchase_floors":[4,22],"current_hp_per_floor":[57,54,40,40,33,33,33,33,33,54,47,36,36,36,57,38,62,30,26,14,11,11,9,9],"gold":25,"neow_bonus":"UPGRADE_CARD","is_daily":false,"chose_seed":false,"campfire_upgraded":1,"win_rate":0.0,"timestamp":1608693181,"path_taken":["M","?","?","$","?","R","M","?","T","R","?","E","?","$","R","BOSS","M","M","?","M","$","E"],"items_purchased_type":["Card","Relic"],"build_version":"2020-12-13","purchased_purges":1,"victory":false,"max_hp_per_floor":[70,70,70,70,70,70,70,70,70,70,70,70,70,70,70,70,70,70,70,70,70,70,70,70],"card_choices":[{"not_picked":["Setup","Well Laid Plans","Prepared"],"picked":"SKIP","floor":1.0},{"not_picked":["Underhanded Strike","Concentrate"],"picked":"Dagger Spray","floor":2.0},{"not_picked":["Wraith Form v2","Dodge and Roll","Riddle With Holes"],"picked":"SKIP","floor":7.0},{"not_picked":["Slice","Dodge and Roll","Skewer"],"picked":"Blade Dance","floor":11.0},{"not_picked":["Dodge and Roll","Storm of Steel","Deadly Poison"],"picked":"Dagger Spray","floor":12.0},{"not_picked":["Well Laid Plans","Underhanded Strike","Dagger Spray","Flying Knee"],"picked":"SKIP","floor":13.0},{"not_picked":["After Image","Grand Finale","Envenom"],"picked":"Die Die Die","floor":16.0},{"not_picked":["Skewer","Backflip","Outmaneuver+1"],"picked":"Catalyst","floor":18.0},{"not_picked":["Sucker Punch","Cloak And Dagger","Expertise"],"picked":"Footwork+1","floor":19.0},{"not_picked":["Prepared","Quick Slash","Sucker Punch"],"picked":"Cloak And Dagger","floor":20.0},{"not_picked":["Dagger Spray","Slice+1","Prepared"],"picked":"Leg Sweep","floor":21.0}],"player_experience":693325,"relics_obtained":[{"floor":9.0,"key":"Question Card"},{"floor":12.0,"key":"Blue Candle"}],"event_choices":[{"damage_healed":0.0,"max_hp_gain":0.0,"max_hp_loss":0.0,"gold_gain":0.0,"event_name":"Shining Light","player_choice":"Entered Light","floor":3.0,"gold_loss":0.0,"damage_taken":14.0,"cards_upgraded":["Dagger Spray","Strike_G"]},{"damage_healed":0.0,"max_hp_gain":0.0,"max_hp_loss":0.0,"gold_gain":0.0,"event_name":"Scrap Ooze","player_choice":"Success","floor":5.0,"gold_loss":0.0,"damage_taken":7.0,"relics_obtained":["Shuriken"]},{"damage_healed":0.0,"max_hp_gain":0.0,"max_hp_loss":0.0,"gold_gain":0.0,"event_name":"Upgrade Shrine","player_choice":"Upgraded","floor":8.0,"gold_loss":0.0,"damage_taken":0.0,"cards_upgraded":["Survivor"]}],"is_beta":false,"boss_relics":[{"not_picked":["Tiny House","Velvet Choker"],"picked":"Ring of the Serpent"}],"items_purged_floors":[14],"is_endless":false,"potions_floor_spawned":[1,11,13,18,19,21],"killed_by":"Gremlin Leader","ascension_level":13}}