{"host":"12","time":1608742784,"event":{"mods":["ATMod(°¢èªMod)","Act Like it!","BaseMod","Colored Powertips","Minty Spire (QoL Compilation)","StSLib","¡¾¹¦ÄÜMod¡¿»ìãçÖ®»·ÐÞ¸´²¹¶¡"],"gold_per_floor":[110,110,110,163,163,174,174,191,214,252,277,303,315,354,366,378,378],"floor_reached":16,"playtime":335,"items_purged":[],"score":270,"play_id":"58c2d289-e010-4946-a2b5-34aacd118631","local_time":"20201224005944","is_ascension_mode":true,"campfire_choices":[{"data":"Neutralize","floor":7.0,"key":"SMITH"},{"data":"Cloak And Dagger","floor":13.0,"key":"SMITH"},{"data":"Terror","floor":15.0,"key":"SMITH"}],"circlet_count":0,"master_deck":["AscendersBane","Strike_G","Strike_G","Strike_G","Strike_G","Strike_G+1","Defend_G","Defend_G","Defend_G","Defend_G","Survivor","Neutralize+1","AT_BreakingExtremeWeapon","AT_KneejerkReflex","Choke","Skewer+1","Terror+1","Finisher","Cloak And Dagger+1"],"relics":["Ring of the Snake","AT_ATBox","NeowsBlessing","AT_BellDemon","Bag of Preparation","AT_SunfireAegis","MawBank","Omamori","PreservedInsect","Whetstone","Akabeko","AT_LudenTempest","Eternal Feather"],"acts_visited":["Exordium"],"potions_floor_usage":[16],"damage_taken":[{"damage":0.0,"enemies":"Cultist","floor":1.0,"turns":1.0},{"damage":0.0,"enemies":"2 Louse","floor":6.0,"turns":1.0},{"damage":0.0,"enemies":"Jaw Worm","floor":8.0,"turns":1.0},{"damage":12.0,"enemies":"Gremlin Nob","floor":10.0,"turns":3.0},{"damage":10.0,"enemies":"3 Louse","floor":11.0,"turns":2.0},{"damage":25.0,"enemies":"Exordium Wildlife","floor":12.0,"turns":5.0},{"damage":0.0,"enemies":"Lagavulin","floor":14.0,"turns":4.0},{"damage":28,"enemies":"The Guardian","floor":16,"turns":3}],"seed_played":"-7920968770214026759","potions_obtained":[{"floor":1.0,"key":"Weak Potion"},{"floor":6.0,"key":"PowerPotion"},{"floor":12.0,"key":"GamblersBrew"}],"is_trial":false,"path_per_floor":["M","?","?","T","?","M","R","M","T","E","M","M","R","E","R","B"],"character_chosen":"THE_SILENT","items_purchased":[],"campfire_rested":0,"item_purchase_floors":[],"current_hp_per_floor":[59,52,57,57,57,57,57,57,57,45,35,10,10,10,19,0,0],"gold":378,"neow_bonus":"THREE_ENEMY_KILL","is_daily":false,"chose_seed":false,"campfire_upgraded":3,"win_rate":0.0,"timestamp":1608742784,"path_taken":["M","?","?","?","?","M","R","M","T","E","M","M","R","E","R","BOSS"],"items_purchased_type":[],"build_version":"2020-12-18","purchased_purges":0,"victory":false,"max_hp_per_floor":[66,66,71,71,71,71,71,71,71,71,71,71,71,71,71,71,71],"card_choices":[{"not_picked":["Skewer","PiercingWail"],"picked":"AT_KneejerkReflex","floor":1.0},{"not_picked":["Flying Knee","Calculated Gamble"],"picked":"Choke","floor":6.0},{"not_picked":["Deadly Poison","Heel Hook"],"picked":"Skewer","floor":8.0},{"not_picked":["Phantasmal Killer","Sucker Punch"],"picked":"Terror","floor":10.0},{"not_picked":["Bane","Backflip"],"picked":"Finisher","floor":11.0},{"not_picked":["Leg Sweep","Outmaneuver"],"picked":"Cloak And Dagger","floor":12.0},{"not_picked":["Flying Knee","Expertise","Bouncing Flask"],"picked":"SKIP","floor":14.0}],"player_experience":561622,"relics_obtained":[{"floor":4.0,"key":"AT_BellDemon"},{"floor":6.0,"key":"Bag of Preparation"},{"floor":8.0,"key":"AT_SunfireAegis"},{"floor":9.0,"key":"MawBank"},{"floor":10.0,"key":"Omamori"},{"floor":10.0,"key":"PreservedInsect"},{"floor":11.0,"key":"Whetstone"},{"floor":12.0,"key":"Akabeko"},{"floor":14.0,"key":"AT_LudenTempest"},{"floor":14.0,"key":"Eternal Feather"}],"event_choices":[{"cards_removed":["Defend_G"],"damage_healed":0.0,"max_hp_gain":0.0,"max_hp_loss":0.0,"gold_gain":0.0,"event_name":"Golden Wing","player_choice":"Card Removal","floor":2.0,"gold_loss":0.0,"damage_taken":7.0},{"damage_healed":0.0,"max_hp_gain":5.0,"max_hp_loss":0.0,"gold_gain":0.0,"event_name":"Big Fish","player_choice":"Donut","floor":3.0,"gold_loss":0.0,"damage_taken":0.0},{"damage_healed":0.0,"max_hp_gain":0.0,"max_hp_loss":0.0,"gold_gain":0.0,"event_name":"Liars Game","player_choice":"Ignored","floor":5.0,"gold_loss":0.0,"damage_taken":0.0}],"is_beta":true,"boss_relics":[],"items_purged_floors":[],"is_endless":false,"potions_floor_spawned":[1,6,11,12],"killed_by":"The Guardian","ascension_level":20}}