{"host":"ged1bqtamtf4sn4x","time":1608752854,"event":{"mods":["BaseMod","Colored Map","DeckTracker","Highlight Path","Keyboard Shortcuts","Minty Spire (QoL Compilation)","Permanent Neow","Quick Restart","SuperFastMode","everything is the same but u backflip on backflip"],"gold_per_floor":[119,119,129,140,158,158,174,184,184,184,184,184],"floor_reached":11,"playtime":245,"items_purged":[],"score":134,"play_id":"af60ebd9-0f2d-4de4-8825-c45a572df8c6","local_time":"20201224044734","is_ascension_mode":true,"campfire_choices":[{"floor":6.0,"key":"DIG"},{"floor":10,"key":"REST"}],"circlet_count":0,"master_deck":["AscendersBane","Strike_R","Strike_R","Strike_R","Strike_R","Strike_R","Defend_R","Defend_R","Defend_R","Defend_R","Bash","Heavy Blade+1","Flex","Cleave","Shrug It Off"],"relics":["Burning Blood","Shovel","Art of War","Dead Branch"],"acts_visited":["Exordium"],"potions_floor_usage":[11],"damage_taken":[{"damage":9.0,"enemies":"2 Louse","floor":1.0,"turns":3.0},{"damage":6.0,"enemies":"Cultist","floor":3.0,"turns":3.0},{"damage":14.0,"enemies":"Jaw Worm","floor":4.0,"turns":4.0},{"damage":16.0,"enemies":"2 Fungi Beasts","floor":5.0,"turns":3.0},{"damage":8.0,"enemies":"Red Slaver","floor":7.0,"turns":3.0},{"damage":24,"enemies":"Gremlin Gang","floor":8,"turns":4},{"damage":50,"enemies":"Lagavulin","floor":11,"turns":10}],"seed_played":"-3458133907075280197","potions_obtained":[{"floor":4.0,"key":"PowerPotion"},{"floor":8,"key":"FearPotion"}],"is_trial":false,"path_per_floor":["M","?","M","M","M","R","M","M","T","R","E"],"character_chosen":"IRONCLAD","items_purchased":[],"campfire_rested":1,"item_purchase_floors":[],"current_hp_per_floor":[65,65,65,57,47,47,45,27,27,47,0,0],"gold":184,"neow_bonus":"ONE_RARE_RELIC","is_daily":false,"chose_seed":false,"campfire_upgraded":0,"win_rate":0.0,"timestamp":1608752854,"path_taken":["M","?","M","M","M","R","?","M","T","R","E"],"items_purchased_type":[],"build_version":"2020-12-22","purchased_purges":0,"victory":false,"max_hp_per_floor":[68,68,68,68,68,68,68,68,68,68,68,68],"card_choices":[{"not_picked":["Anger","Perfected Strike"],"picked":"Heavy Blade","floor":1.0},{"not_picked":["Sever Soul","Clash"],"picked":"Flex","floor":3.0},{"not_picked":["Dark Embrace","Headbutt","Power Through"],"picked":"SKIP","floor":4.0},{"not_picked":["Clothesline","Heavy Blade"],"picked":"Cleave","floor":5.0},{"not_picked":["Bloodletting","Pommel Strike"],"picked":"Shrug It Off","floor":7.0},{"not_picked":["Carnage","Infernal Blade","Havoc"],"picked":"SKIP","floor":8}],"player_experience":393738,"relics_obtained":[{"floor":6.0,"key":"Art of War"},{"floor":9,"key":"Dead Branch"}],"event_choices":[{"damage_healed":0.0,"max_hp_gain":0.0,"max_hp_loss":0.0,"gold_gain":0.0,"event_name":"Upgrade Shrine","player_choice":"Upgraded","floor":2.0,"gold_loss":0.0,"damage_taken":0.0,"cards_upgraded":["Heavy Blade"]}],"is_beta":false,"boss_relics":[],"items_purged_floors":[],"is_endless":false,"potions_floor_spawned":[4,8],"killed_by":"Lagavulin","ascension_level":20}}