{"host":"t7mx8yfj1no5p62f","time":1608737266,"event":{"mods":["BaseMod","Colored Map","Colored Powertips","Minty Spire (QoL Compilation)","Relic Stats","StSLib"],"gold_per_floor":[117,132,132,148,160,160,160,176,176,214,49,67,67,67],"floor_reached":13,"playtime":380,"items_purged":["Strike_R"],"score":174,"play_id":"0a31dd20-933c-423b-a592-88d2f9872653","local_time":"20201223102746","is_ascension_mode":true,"campfire_choices":[{"data":"Clothesline","floor":6,"key":"SMITH"}],"circlet_count":0,"master_deck":["AscendersBane","Strike_R","Strike_R","Strike_R","Defend_R","Defend_R","Defend_R","Defend_R","Bash","Clothesline+1","Dropkick","Armaments","Cleave","Demon Form","Sword Boomerang","Evolve","Twin Strike"],"relics":["Mark of Pain","Golden Idol","Orichalcum","Tiny Chest"],"acts_visited":["Exordium"],"potions_floor_usage":[10,12],"damage_taken":[{"damage":14.0,"enemies":"Jaw Worm","floor":1.0,"turns":4.0},{"damage":0.0,"enemies":"Cultist","floor":2.0,"turns":3.0},{"damage":3.0,"enemies":"Small Slimes","floor":4.0,"turns":4.0},{"damage":19,"enemies":"Exordium Thugs","floor":5,"turns":5},{"damage":0,"enemies":"2 Fungi Beasts","floor":8,"turns":3},{"damage":19,"enemies":"Lagavulin","floor":10,"turns":7},{"damage":11,"enemies":"Exordium Wildlife","floor":12,"turns":6},{"damage":21,"enemies":"3 Sentries","floor":13,"turns":2}],"seed_played":"6111089067544038878","potions_obtained":[{"floor":1.0,"key":"PowerPotion"},{"floor":8,"key":"SpeedPotion"},{"floor":10,"key":"Regen Potion"}],"is_trial":false,"path_per_floor":["M","M","?","M","M","R","?","M","T","E","$","M","E"],"character_chosen":"IRONCLAD","items_purchased":["Evolve"],"campfire_rested":0,"item_purchase_floors":[11],"current_hp_per_floor":[54,54,54,51,32,32,32,32,32,13,13,17,0,0],"gold":67,"neow_bonus":"BOSS_RELIC","is_daily":false,"chose_seed":false,"campfire_upgraded":1,"win_rate":0.0,"timestamp":1608737266,"path_taken":["M","M","?","M","?","R","?","M","T","E","?","M","E"],"items_purchased_type":["Card"],"build_version":"2020-12-22","purchased_purges":1,"victory":false,"max_hp_per_floor":[75,75,75,75,75,75,68,68,68,68,68,68,68,68],"relic_stats":{"counters":[8,34],"Golden Idol":15,"Tiny Chest":0,"Orichalcum":[30],"obtain_stats":[{"Golden Idol":7,"Tiny Chest":10,"Mark of Pain":0,"Orichalcum":9,"Burning Blood":0},{"Golden Idol":4,"Tiny Chest":6,"Mark of Pain":0,"Orichalcum":5,"Burning Blood":0},{"Golden Idol":16,"Tiny Chest":26,"Mark of Pain":0,"Orichalcum":19,"Burning Blood":0}]},"card_choices":[{"not_picked":["Second Wind","Dropkick"],"picked":"Clothesline","floor":1.0},{"not_picked":["Combust","Heavy Blade"],"picked":"Dropkick","floor":2.0},{"not_picked":["Body Slam","Havoc"],"picked":"Armaments","floor":4.0},{"not_picked":["Iron Wave","Warcry"],"picked":"Cleave","floor":5},{"not_picked":["Uppercut","Ghostly Armor"],"picked":"Demon Form","floor":8},{"not_picked":["Rage","Thunderclap"],"picked":"Sword Boomerang","floor":10},{"not_picked":["Armaments","Sentinel"],"picked":"Twin Strike","floor":12}],"player_experience":1580062,"relics_obtained":[{"floor":9,"key":"Orichalcum"},{"floor":10,"key":"Tiny Chest"}],"event_choices":[{"cards_removed":["Strike_R"],"damage_healed":0.0,"max_hp_gain":0.0,"max_hp_loss":0.0,"gold_gain":0.0,"event_name":"Bonfire Elementals","player_choice":"Offered Basic","floor":3.0,"gold_loss":0.0,"damage_taken":0.0},{"damage_healed":0,"gold_gain":0,"player_choice":"Lose Max HP","damage_taken":0,"relics_obtained":["Golden Idol"],"max_hp_gain":0,"max_hp_loss":7,"event_name":"Golden Idol","floor":7,"gold_loss":0}],"is_beta":false,"boss_relics":[],"items_purged_floors":[11],"is_endless":false,"potions_floor_spawned":[1,8,10],"killed_by":"3 Sentries","ascension_level":20}}