{"host":"v4tuy5ykrbdcm9o9","time":1608759877,"event":{"mods":["BaseMod","Duelist Mod","Minty Spire (QoL Compilation)","Replay The Spire","StSLib"],"gold_per_floor":[112,128,141,153,153,180,180,198,198,208,208,238,248,283,283,387,387,405,320,320,334,38,38,51,51,51],"floor_reached":25,"playtime":4825,"items_purged":[],"score":270,"play_id":"b8c62278-04e3-4a83-a404-bdf6dbfe068c","local_time":"20201223164437","is_ascension_mode":true,"campfire_choices":[{"data":"True Grit","floor":7,"key":"SMITH"},{"floor":11,"key":"REST"},{"floor":15,"key":"REST"},{"floor":23,"key":"REST"}],"circlet_count":0,"master_deck":["Strike_R","Strike_R","Strike_R+1","Strike_R","Defend_R","Defend_R","Defend_R","Defend_R","Bash","Run Through+1","Clash","Clash","Cleave","True Grit+1","Twin Strike","Searing Blow","Flex","Sword Boomerang","Uppercut","Headbutt","Juggernaut","Flex","Sword Boomerang","Run Through","Uppercut+1"],"relics":["Burning Blood","Red Skull","Chameleon Ring","White Beast Statue","Whetstone","Black Star","King of Hearts","Enchiridion","Strange Spoon"],"acts_visited":["Exordium","TheCity"],"potions_floor_usage":[6,6,8,14,14,16,24],"damage_taken":[{"damage":7,"enemies":"2 Louse","floor":1,"turns":3},{"damage":1,"enemies":"Cultist","floor":2,"turns":3},{"damage":2,"enemies":"Jaw Worm","floor":3,"turns":3},{"damage":7,"enemies":"Looter","floor":4,"turns":3},{"damage":24,"enemies":"Gremlin Nob","floor":6,"turns":4},{"damage":3,"enemies":"Blue Slaver","floor":8,"turns":2},{"damage":12,"enemies":"Exordium Thugs","floor":10,"turns":4},{"damage":35,"enemies":"Lagavulin","floor":12,"turns":4},{"damage":8,"enemies":"Large Slime","floor":13,"turns":4},{"damage":4,"enemies":"3 Sentries","floor":14,"turns":4},{"damage":66,"enemies":"Fading Forest","floor":16,"turns":11},{"damage":24,"enemies":"Spheric Guardian","floor":18,"turns":4},{"damage":30,"enemies":"3 Byrds","floor":21,"turns":5},{"damage":18,"enemies":"Snake Plant","floor":24,"turns":3},{"damage":47,"enemies":"Slavers","floor":25,"turns":4}],"seed_played":"6911375127734923840","potions_obtained":[{"floor":2,"key":"Dexterity Potion"},{"floor":4,"key":"Adrenaline Potion"},{"floor":6,"key":"Energy Potion"},{"floor":10,"key":"Explosive Potion"},{"floor":13,"key":"EssenceOfSteel"},{"floor":14,"key":"AttackPotion"},{"floor":16,"key":"SpeedPotion"},{"floor":18,"key":"AttackPotion"},{"floor":21,"key":"Milkshake"},{"floor":24,"key":"SpeedPotion"}],"is_trial":false,"path_per_floor":["M","M","M","M","?","E","R","M","T","M","R","E","M","E","R","B",null,"M","?","?","M","$","R","M","E"],"character_chosen":"IRONCLAD","items_purchased":["Strange Spoon","FairyPotion","Run Through"],"campfire_rested":3,"item_purchase_floors":[22,22,22],"current_hp_per_floor":[87,88,88,87,87,69,69,72,72,66,88,59,57,59,85,25,88,70,70,54,30,30,56,44,38,38],"gold":51,"neow_bonus":"TEN_PERCENT_HP_BONUS","is_daily":false,"chose_seed":false,"campfire_upgraded":1,"win_rate":0.0,"timestamp":1608759877,"path_taken":["M","M","M","M","?","E","R","M","T","M","R","E","M","E","R","BOSS","M","?","?","M","$","R","M","E"],"items_purchased_type":["Relic","Potion","Card"],"build_version":"2020-12-22","purchased_purges":0,"victory":false,"max_hp_per_floor":[88,88,88,88,88,88,88,88,88,88,88,88,88,88,88,88,88,88,88,88,88,88,88,88,88,88],"card_choices":[{"not_picked":["Ghostly Armor","Heavy Blade"],"picked":"Run Through","floor":1},{"not_picked":["Dual Wield","Replay:Undeath\u0027s Touch"],"picked":"Clash","floor":2},{"not_picked":["Sentinel","Dual Wield"],"picked":"Clash","floor":3},{"not_picked":["Pommel Strike","Sword Boomerang"],"picked":"Cleave","floor":4},{"not_picked":["Battle Trance","Metallicize"],"picked":"Twin Strike","floor":6},{"not_picked":["Havoc","Second Wind"],"picked":"Searing Blow","floor":8},{"not_picked":["True Grit","ReplayTheSpireMod:Stacked"],"picked":"Flex","floor":10},{"not_picked":["ReplayTheSpireMod:Limb From Limb","Warcry"],"picked":"Sword Boomerang","floor":12},{"not_picked":["Replay:Undeath\u0027s Touch","Body Slam"],"picked":"Uppercut","floor":13},{"not_picked":["Berserk","Heavy Blade"],"picked":"Headbutt","floor":14},{"not_picked":["Berserk","Offering"],"picked":"Juggernaut","floor":16},{"not_picked":["ReplayTheSpireMod:LeadingStrike","Run Through"],"picked":"Flex","floor":18},{"not_picked":["Body Slam","Havoc"],"picked":"Sword Boomerang","floor":21},{"not_picked":["Thunderclap","Heavy Blade+1"],"picked":"Uppercut+1","floor":24}],"player_experience":435183,"relics_obtained":[{"floor":6,"key":"Red Skull"},{"floor":9,"key":"Chameleon Ring"},{"floor":12,"key":"White Beast Statue"},{"floor":14,"key":"Whetstone"},{"floor":20,"key":"Enchiridion"}],"event_choices":[{"damage_healed":0,"gold_gain":0,"cards_transformed":["Strike_R"],"player_choice":"Transformed","damage_taken":0,"max_hp_gain":0,"max_hp_loss":0,"event_name":"Transmorgrifier","floor":5,"gold_loss":0,"cards_obtained":["True Grit"]},{"damage_healed":0,"gold_gain":0,"player_choice":"Obtained Relic","damage_taken":0,"relics_obtained":["King of Hearts"],"max_hp_gain":0,"max_hp_loss":0,"event_name":"Addict","floor":19,"gold_loss":85},{"damage_healed":0,"gold_gain":0,"player_choice":"Obtained Book","damage_taken":16,"max_hp_gain":0,"max_hp_loss":0,"event_name":"Cursed Tome","floor":20,"gold_loss":0}],"is_beta":false,"boss_relics":[{"not_picked":["Replay:Drink Me","Calling Bell"],"picked":"Black Star"}],"items_purged_floors":[],"is_endless":false,"potions_floor_spawned":[2,4,6,10,13,14,16,18,21,24],"killed_by":"Slavers","ascension_level":4}}