{"host":"684z1xpuwaoqmmh1","time":1608729288,"event":{"mods":["BaseMod","Downfall","Hermit","Jorbs\u0027s Wanderer Trilogy","Marisa????????","Minty Spire (QoL Compilation)","StSLib","The Hierophant","The Mystic"],"gold_per_floor":[119,130,130,150,160,194,194,229,229,229,240,272,272,292,292,421,421,436,436,450,450,53,86,86,86,86,124,124,145,165,196,196,327,327,346,369,51,102,102,143,161,206,231,274,292,314,338,364,364,369,369,369,68,116,121,121],"floor_reached":55,"playtime":3143,"items_purged":[],"score":1278,"play_id":"2f2c5139-c5dd-4d14-b692-8421c96b2f67","local_time":"20201223151448","is_ascension_mode":true,"campfire_choices":[{"data":"hermit:Manifest","floor":7,"key":"SMITH"},{"data":"hermit:Headshot","floor":10,"key":"SMITH"},{"data":"hermit:Reprieve","floor":15,"key":"SMITH"},{"floor":25,"key":"REST"},{"floor":32,"key":"RECALL"},{"floor":49,"key":"REST"},{"floor":52,"key":"REST"}],"circlet_count":0,"master_deck":["hermit:Strike_Hermit+1","hermit:Strike_Hermit+1","hermit:Strike_Hermit+1","hermit:Strike_Hermit+1","hermit:Defend_Hermit+1","hermit:Defend_Hermit+1","hermit:Defend_Hermit+1","hermit:Defend_Hermit+1","hermit:Snapshot","hermit:Covet","hermit:BigShot+1","hermit:Headshot+1","hermit:Ricochet+1","hermit:Manifest+1","hermit:Roughhouse","hermit:Midnight","hermit:Vantage","hermit:Reprieve+1","Injury","hermit:Brawl","hermit:Dissolve","hermit:GhostlyPresence+1","hermit:EyeOfTheStorm","hermit:Misfire","hermit:BlackWind+1","hermit:BigShot+1","hermit:Adapt+1","hermit:Determination+1","hermit:FromBeyond","hermit:Scavenge","hermit:ShadowCloak+1","hermit:HoleUp"],"relics":["hermit:Momento","Anchor","Vajra","Pen Nib","Eternal Feather","Pocketwatch","Golden Idol","Fusion Hammer","ClockworkSouvenir","Frozen Egg 2","Orichalcum","MutagenicStrength","Gremlin Horn","Mercury Hourglass","HornCleat","Busted Crown","Ornamental Fan","Bottled Lightning","Oddly Smooth Stone","hermit:RyeStalk","OrangePellets","Whetstone","Blood Vial"],"acts_visited":["Exordium","TheCity","TheBeyond","TheEnding"],"potions_floor_usage":[6,6,12,16,23,30,33,44,45,45,46,46,50],"damage_taken":[{"damage":0,"enemies":"Cultist","floor":1,"turns":3},{"damage":2,"enemies":"Jaw Worm","floor":2,"turns":3},{"damage":0,"enemies":"2 Louse","floor":4,"turns":1},{"damage":3,"enemies":"Blue Slaver","floor":5,"turns":3},{"damage":5,"enemies":"Gremlin Nob","floor":6,"turns":3},{"damage":20,"enemies":"Lagavulin","floor":8,"turns":7},{"damage":0,"enemies":"Looter","floor":11,"turns":3},{"damage":17,"enemies":"Gremlin Nob","floor":12,"turns":4},{"damage":1,"enemies":"3 Louse","floor":14,"turns":4},{"damage":10,"enemies":"Slime Boss","floor":16,"turns":6},{"damage":0,"enemies":"Shell Parasite","floor":18,"turns":3},{"damage":0,"enemies":"Chosen","floor":20,"turns":5},{"damage":59,"enemies":"Gremlin Leader","floor":23,"turns":8},{"damage":13,"enemies":"Slavers","floor":27,"turns":4},{"damage":3,"enemies":"Centurion and Healer","floor":29,"turns":5},{"damage":0,"enemies":"3 Cultists","floor":30,"turns":4},{"damage":11,"enemies":"Book of Stabbing","floor":31,"turns":5},{"damage":24,"enemies":"Collector","floor":33,"turns":8},{"damage":0,"enemies":"3 Shapes","floor":35,"turns":2},{"damage":1,"enemies":"Orb Walker","floor":36,"turns":4},{"damage":24,"enemies":"Reptomancer","floor":40,"turns":6},{"damage":0,"enemies":"3 Darklings","floor":41,"turns":4},{"damage":0,"enemies":"Nemesis","floor":42,"turns":7},{"damage":0,"enemies":"Reptomancer","floor":44,"turns":7},{"damage":0,"enemies":"Transient","floor":45,"turns":5},{"damage":1,"enemies":"Spire Growth","floor":46,"turns":3},{"damage":7,"enemies":"4 Shapes","floor":47,"turns":6},{"damage":0,"enemies":"3 Darklings","floor":48,"turns":6},{"damage":61,"enemies":"Time Eater","floor":50,"turns":14},{"damage":34,"enemies":"Shield and Spear","floor":54,"turns":6},{"damage":81,"enemies":"The Heart","floor":55,"turns":5}],"seed_played":"-6451055599226395962","potions_obtained":[{"floor":4,"key":"Explosive Potion"},{"floor":5,"key":"Strength Potion"},{"floor":6,"key":"SpeedPotion"},{"floor":11,"key":"CultistPotion"},{"floor":14,"key":"Energy Potion"},{"floor":18,"key":"hermit:Tonic"},{"floor":23,"key":"FairyPotion"},{"floor":29,"key":"EntropicBrew"},{"floor":31,"key":"DistilledChaos"},{"floor":33,"key":"FearPotion"},{"floor":36,"key":"Energy Potion"},{"floor":44,"key":"Swift Potion"},{"floor":46,"key":"Guardian:BlockOnCardUsePotion"}],"is_trial":false,"path_per_floor":["M","M","?","M","M","E","R","E","T","R","M","E","?","M","R","B",null,"M","?","M","?","$","E","?","R","T","E","?","M","M","E","R","B",null,"M","M","$","T","?","E","M","E","T","E","M","M","M","M","R","B",null,"R","$","E","B"],"character_chosen":"HERMIT","items_purchased":["ClockworkSouvenir","Frozen Egg 2","Ornamental Fan","hermit:ShadowCloak+1","OrangePellets","Whetstone"],"campfire_rested":3,"item_purchase_floors":[22,22,37,37,53,53],"current_hp_per_floor":[68,66,66,66,63,58,58,38,38,47,47,30,30,29,41,39,66,70,70,74,74,74,15,15,49,49,40,75,72,72,64,75,63,72,72,71,71,71,71,51,51,51,51,55,63,66,67,75,75,26,63,75,75,57,0,0],"gold":121,"neow_bonus":"RANDOM_COMMON_RELIC","is_daily":false,"chose_seed":false,"campfire_upgraded":3,"win_rate":0.0,"timestamp":1608729288,"path_taken":["M","?","?","M","M","E","R","E","T","R","M","E","?","M","R","BOSS","M","?","M","?","$","E","?","R","T","E","?","M","M","E","R","BOSS","M","?","$","?","?","E","M","E","T","E","M","M","M","M","R","BOSS","R","$","E","BOSS"],"items_purchased_type":["Relic","Relic","Relic","Card","Relic","Relic"],"build_version":"2020-12-22","purchased_purges":0,"victory":false,"max_hp_per_floor":[75,75,75,75,75,75,75,75,75,75,75,75,75,75,75,75,75,75,75,75,75,75,75,75,75,75,75,75,75,75,75,75,75,75,75,75,75,75,75,75,75,75,75,75,75,75,75,75,75,75,75,75,75,75,75,75],"card_choices":[{"not_picked":["hermit:LowProfile","hermit:Manifest"],"picked":"hermit:BigShot","floor":1},{"not_picked":["hermit:LowProfile","hermit:CursedWeapon"],"picked":"hermit:Headshot","floor":2},{"not_picked":["hermit:Manifest","hermit:Roulette"],"picked":"hermit:Ricochet","floor":4},{"not_picked":["hermit:Desperado","hermit:Grudge"],"picked":"hermit:Manifest","floor":5},{"not_picked":["hermit:Coalescence","hermit:Malice"],"picked":"hermit:Roughhouse","floor":6},{"not_picked":["hermit:TrackingShot","hermit:Ricochet"],"picked":"hermit:Midnight","floor":8},{"not_picked":["hermit:Spite","hermit:Midnight"],"picked":"hermit:Vantage","floor":11},{"not_picked":["hermit:Enervate","hermit:Deadeye"],"picked":"hermit:Reprieve","floor":12},{"not_picked":["hermit:GoldenBullet","hermit:Cheat"],"picked":"hermit:Brawl","floor":14},{"not_picked":["hermit:OverwhelmingPower","hermit:Magnum"],"picked":"hermit:Dissolve","floor":16},{"not_picked":["hermit:Misfire","hermit:Coalescence+1"],"picked":"hermit:GhostlyPresence+1","floor":18},{"not_picked":["hermit:LowProfile+1","hermit:TakeAim"],"picked":"hermit:EyeOfTheStorm","floor":20},{"not_picked":["hermit:BodyArmor","hermit:Desperado+1"],"picked":"hermit:Misfire","floor":23},{"not_picked":["hermit:Snipe+1","hermit:WideOpen"],"picked":"hermit:BlackWind","floor":27},{"not_picked":["hermit:Roulette","hermit:Headshot+1"],"picked":"hermit:BigShot+1","floor":29},{"not_picked":["hermit:Misfire+1","hermit:HighCaliber"],"picked":"hermit:Adapt+1","floor":30},{"not_picked":["hermit:Cheat","hermit:CalledShot"],"picked":"hermit:Determination+1","floor":31},{"not_picked":["hermit:Dissolve","hermit:BlackWind"],"picked":"hermit:FromBeyond","floor":33},{"not_picked":[],"picked":"hermit:Scavenge","floor":35},{"not_picked":["hermit:NoHoldsBarred+1"],"picked":"SKIP","floor":36},{"not_picked":["hermit:LowProfile+1"],"picked":"SKIP","floor":40},{"not_picked":[],"picked":"hermit:HoleUp","floor":41},{"not_picked":["hermit:FullyLoaded+1"],"picked":"SKIP","floor":42},{"not_picked":["hermit:BodyArmor"],"picked":"SKIP","floor":44},{"not_picked":["hermit:LoneWolf"],"picked":"SKIP","floor":45},{"not_picked":["hermit:LowProfile"],"picked":"SKIP","floor":46},{"not_picked":["hermit:Coalescence"],"picked":"SKIP","floor":47},{"not_picked":["hermit:Headshot"],"picked":"SKIP","floor":48},{"not_picked":["hermit:Snipe"],"picked":"SKIP","floor":54}],"player_experience":2378814,"relics_obtained":[{"floor":6,"key":"Vajra"},{"floor":8,"key":"Pen Nib"},{"floor":9,"key":"Eternal Feather"},{"floor":12,"key":"Pocketwatch"},{"floor":23,"key":"Orichalcum"},{"floor":26,"key":"Gremlin Horn"},{"floor":27,"key":"Mercury Hourglass"},{"floor":31,"key":"HornCleat"},{"floor":42,"key":"Bottled Lightning"},{"floor":43,"key":"Oddly Smooth Stone"},{"floor":44,"key":"hermit:RyeStalk"},{"floor":54,"key":"Blood Vial"}],"event_choices":[{"damage_healed":0,"gold_gain":0,"player_choice":"Grow","damage_taken":0,"max_hp_gain":0,"max_hp_loss":0,"event_name":"Living Wall","floor":3,"gold_loss":0,"cards_upgraded":["hermit:BigShot"]},{"damage_healed":0,"gold_gain":0,"player_choice":"Take Wound","damage_taken":0,"relics_obtained":["Golden Idol"],"max_hp_gain":0,"max_hp_loss":0,"event_name":"Golden Idol","floor":13,"gold_loss":0,"cards_obtained":["Injury"]},{"damage_healed":0,"gold_gain":0,"player_choice":"Ignored","damage_taken":0,"max_hp_gain":0,"max_hp_loss":0,"event_name":"Vampires","floor":19,"gold_loss":0},{"damage_healed":0,"gold_gain":0,"player_choice":"Simplicity","damage_taken":0,"max_hp_gain":0,"max_hp_loss":0,"event_name":"Back to Basics","floor":21,"gold_loss":0,"cards_upgraded":["hermit:Strike_Hermit","hermit:Strike_Hermit","hermit:Strike_Hermit","hermit:Strike_Hermit","hermit:Defend_Hermit","hermit:Defend_Hermit","hermit:Defend_Hermit","hermit:Defend_Hermit"]},{"damage_healed":0,"gold_gain":0,"player_choice":"Inject Mutagens","damage_taken":0,"relics_obtained":["MutagenicStrength"],"max_hp_gain":0,"max_hp_loss":0,"event_name":"Drug Dealer","floor":24,"gold_loss":0},{"damage_healed":35,"gold_gain":0,"player_choice":"Full Heal","damage_taken":0,"max_hp_gain":0,"max_hp_loss":0,"event_name":"Wheel of Change","floor":28,"gold_loss":0},{"damage_healed":0,"gold_gain":0,"player_choice":"0 cards matched","damage_taken":0,"max_hp_gain":0,"max_hp_loss":0,"event_name":"Match and Keep!","floor":39,"gold_loss":0,"cards_obtained":[]}],"is_beta":false,"boss_relics":[{"not_picked":["Runic Dome","Tiny House"],"picked":"Fusion Hammer"},{"not_picked":["Sozu","hermit:DentedPlate"],"picked":"Busted Crown"}],"items_purged_floors":[],"is_endless":false,"potions_floor_spawned":[4,5,6,11,14,18,23,29,31,33,36,41,44,46,48],"killed_by":"The Heart","ascension_level":9}}