{"host":"w3q5ijqu8eoknil3","time":1608760114,"event":{"mods":["BaseMod","Block Reminder","Colored Powertips","Minty Spire (QoL Compilation)","Quick Restart","Relic Stats","ojb\u0027s Better Paths Mod"],"gold_per_floor":[110,122,272,30,30,30,64,76,102,102,118,118,144,177,177,254,254,271,271,271,27,27,27,27,59,140,156,156,156],"floor_reached":28,"playtime":877,"items_purged":["Doubt"],"score":534,"play_id":"162db3dd-2114-4b1d-87bf-a34d4c054f5d","local_time":"20201223214834","is_ascension_mode":true,"campfire_choices":[{"data":"Entrench","floor":6,"key":"SMITH"},{"data":"Armaments","floor":12,"key":"SMITH"},{"data":"Power Through","floor":15,"key":"SMITH"},{"data":"Juggernaut","floor":23,"key":"SMITH"}],"circlet_count":0,"master_deck":["AscendersBane","Strike_R","Strike_R","Strike_R+1","Strike_R","Defend_R+1","Defend_R","Bash","Power Through+1","Entrench+1","Flame Barrier","Juggernaut+1","Demon Form","Sword Boomerang","Armaments+1","Sever Soul","Immolate","Barricade","Headbutt","Writhe","Evolve","Spot Weakness","Barricade","Uppercut","Sever Soul"],"relics":["Burning Blood","NeowsBlessing","Art of War","Centennial Puzzle","Odd Mushroom","Pear","Busted Crown","Nunchaku","Champion Belt","Brimstone","CaptainsWheel","Blue Candle"],"acts_visited":["Exordium","TheCity"],"potions_floor_usage":[13,13,14,16,25,28],"damage_taken":[{"damage":0,"enemies":"2 Louse","floor":1,"turns":1},{"damage":0,"enemies":"Jaw Worm","floor":2,"turns":1},{"damage":0,"enemies":"Gremlin Nob","floor":7,"turns":1},{"damage":3,"enemies":"Small Slimes","floor":8,"turns":5},{"damage":4,"enemies":"2 Fungi Beasts","floor":11,"turns":6},{"damage":22,"enemies":"The Mushroom Lair","floor":13,"turns":7},{"damage":7,"enemies":"Lagavulin","floor":14,"turns":7},{"damage":45,"enemies":"Slime Boss","floor":16,"turns":11},{"damage":13,"enemies":"Chosen","floor":18,"turns":6},{"damage":54,"enemies":"Slavers","floor":25,"turns":5},{"damage":4,"enemies":"2 Thieves","floor":27,"turns":3},{"damage":13,"enemies":"Book of Stabbing","floor":28,"turns":2}],"seed_played":"5464125194361739928","potions_obtained":[{"floor":7,"key":"LiquidMemories"},{"floor":11,"key":"PowerPotion"},{"floor":13,"key":"Strength Potion"},{"floor":14,"key":"Block Potion"},{"floor":18,"key":"Dexterity Potion"},{"floor":27,"key":"Strength Potion"}],"is_trial":false,"path_per_floor":["M","M","?","$","?","R","E","M","T","?","M","R","?","E","R","B",null,"M","?","T","$","?","R","$","E","T","M","E"],"character_chosen":"IRONCLAD","items_purchased":["Flame Barrier","Juggernaut","Brimstone","Evolve"],"campfire_rested":0,"item_purchase_floors":[4,4,21,21],"current_hp_per_floor":[74,75,75,75,68,68,74,75,75,52,54,54,38,47,47,8,66,59,59,59,59,59,59,59,11,11,13,0,0],"gold":156,"neow_bonus":"THREE_ENEMY_KILL","is_daily":false,"chose_seed":false,"campfire_upgraded":4,"win_rate":0.0,"timestamp":1608760114,"path_taken":["M","M","?","$","?","R","E","M","T","?","M","R","?","E","R","BOSS","M","?","?","$","?","R","?","E","T","?","E"],"items_purchased_type":["Card","Card","Relic","Card"],"build_version":"2020-12-22","purchased_purges":1,"victory":false,"max_hp_per_floor":[75,75,75,75,75,75,75,75,75,75,75,75,75,85,85,85,85,85,85,85,85,85,85,85,85,85,85,85,85],"relic_stats":{"Centennial Puzzle":[24],"Nunchaku":[1],"Busted Crown":6,"counters":[12,55],"Blue Candle":[0],"Art of War":[9],"Champion Belt":[1],"obtain_stats":[{"Centennial Puzzle":9,"Nunchaku":19,"CaptainsWheel":25,"Pear":14,"Busted Crown":17,"NeowsBlessing":0,"Brimstone":21,"Blue Candle":26,"Art of War":7,"Champion Belt":20,"Odd Mushroom":13,"Burning Blood":0},{"Centennial Puzzle":4,"Nunchaku":9,"CaptainsWheel":10,"Pear":7,"Busted Crown":8,"NeowsBlessing":0,"Brimstone":9,"Blue Candle":10,"Art of War":3,"Champion Belt":9,"Odd Mushroom":6,"Burning Blood":0},{"Centennial Puzzle":8,"Nunchaku":45,"CaptainsWheel":50,"Pear":28,"Busted Crown":39,"NeowsBlessing":0,"Brimstone":45,"Blue Candle":50,"Art of War":3,"Champion Belt":45,"Odd Mushroom":21,"Burning Blood":0}],"Burning Blood":59},"card_choices":[{"not_picked":["Anger","Warcry"],"picked":"Power Through","floor":1},{"not_picked":["Flex","Heavy Blade"],"picked":"Entrench","floor":2},{"not_picked":["Heavy Blade","Juggernaut"],"picked":"Demon Form","floor":7},{"not_picked":["Perfected Strike","Dark Embrace"],"picked":"Sword Boomerang","floor":8},{"not_picked":["True Grit","Rage"],"picked":"Armaments","floor":11},{"not_picked":["Clash","True Grit"],"picked":"Sever Soul","floor":13},{"not_picked":["Rage","Sentinel"],"picked":"Immolate","floor":14},{"not_picked":["Bludgeon","Corruption"],"picked":"Barricade","floor":16},{"not_picked":[],"picked":"Headbutt","floor":18},{"not_picked":[],"picked":"Uppercut","floor":25},{"not_picked":[],"picked":"Sever Soul","floor":27}],"player_experience":938499,"relics_obtained":[{"floor":7,"key":"Art of War"},{"floor":9,"key":"Centennial Puzzle"},{"floor":13,"key":"Odd Mushroom"},{"floor":14,"key":"Pear"},{"floor":20,"key":"Champion Belt"},{"floor":25,"key":"CaptainsWheel"},{"floor":26,"key":"Blue Candle"}],"event_choices":[{"damage_healed":0,"gold_gain":150,"player_choice":"AGREE","damage_taken":0,"max_hp_gain":0,"max_hp_loss":0,"event_name":"Liars Game","floor":3,"gold_loss":0,"cards_obtained":["Doubt"]},{"cards_removed":["Defend_R"],"damage_healed":0,"gold_gain":0,"player_choice":"Card Removal","damage_taken":7,"max_hp_gain":0,"max_hp_loss":0,"event_name":"Golden Wing","floor":5,"gold_loss":0},{"damage_healed":0,"gold_gain":0,"player_choice":"Entered Light","damage_taken":23,"max_hp_gain":0,"max_hp_loss":0,"event_name":"Shining Light","floor":10,"gold_loss":0,"cards_upgraded":["Defend_R","Strike_R"]},{"damage_healed":0,"gold_gain":0,"player_choice":"Fought Mushrooms","damage_taken":0,"max_hp_gain":0,"max_hp_loss":0,"event_name":"Mushrooms","floor":13,"gold_loss":0},{"damage_healed":0,"gold_gain":0,"player_choice":"Opened","damage_taken":0,"relics_obtained":["Nunchaku"],"max_hp_gain":0,"max_hp_loss":0,"event_name":"The Mausoleum","floor":19,"gold_loss":0,"cards_obtained":["Writhe"]},{"damage_healed":0,"gold_gain":0,"cards_transformed":["Defend_R","Strike_R"],"player_choice":"Became Test Subject","damage_taken":0,"max_hp_gain":0,"max_hp_loss":0,"event_name":"Drug Dealer","floor":22,"gold_loss":0,"cards_obtained":["Spot Weakness","Barricade"]}],"is_beta":false,"boss_relics":[{"not_picked":["Ectoplasm","Runic Cube"],"picked":"Busted Crown"}],"items_purged_floors":[4],"is_endless":false,"potions_floor_spawned":[7,11,13,14,18,27],"killed_by":"Book of Stabbing","ascension_level":20}}