{"host":"2461dio7vetlq1z3","time":1608706154,"event":{"mods":["2.2 Compatiblity","AchievementEnabler","Aspiration","BaseMod","Better Third Choice","Hermit","Marisa????????","Minty Spire (QoL Compilation)","Relic Stats","Spicy Shops","StSLib","The Runesmith","Waifu the Spire"],"gold_per_floor":[109,109,121,138,138,138,158,192,216,247,265,265,265,292,292,292,292],"floor_reached":16,"playtime":486,"items_purged":[],"score":222,"play_id":"28ced978-2472-4fcd-a53d-421650b74178","local_time":"20201223074914","is_ascension_mode":true,"campfire_choices":[{"data":"ManaRampage","floor":6,"key":"SMITH"},{"data":"MilkyWay","floor":12,"key":"SMITH"},{"data":"CasketOfStar","floor":15,"key":"SMITH"}],"circlet_count":0,"master_deck":["AscendersBane","Strike_MRS","Strike_MRS","Strike_MRS","Defend_MRS","Defend_MRS","Defend_MRS","Defend_MRS","MasterSpark","UpSweep","ManaRampage+1","ChargeUpSpray","GrandCross","MilkyWay+1","MilkyWay","CasketOfStar+1","CasketOfStar","ShootingEcho"],"relics":["MiniHakkero","NlothsMask","Anchor","Mummified Hand","Bag of Marbles"],"acts_visited":["Exordium"],"potions_floor_usage":[8,10,14],"damage_taken":[{"damage":0,"enemies":"Jaw Worm","floor":1,"turns":1},{"damage":10,"enemies":"Small Slimes","floor":3,"turns":3},{"damage":4,"enemies":"Cultist","floor":4,"turns":2},{"damage":17,"enemies":"Gremlin Gang","floor":7,"turns":3},{"damage":2,"enemies":"Lagavulin","floor":8,"turns":4},{"damage":20,"enemies":"3 Sentries","floor":10,"turns":6},{"damage":0,"enemies":"Large Slime","floor":11,"turns":2},{"damage":28,"enemies":"Gremlin Nob","floor":14,"turns":4},{"damage":38,"enemies":"Slime Boss","floor":16,"turns":3}],"seed_played":"8521417569811108678","potions_obtained":[{"floor":1,"key":"FearPotion"},{"floor":3,"key":"Regen Potion"},{"floor":10,"key":"Strength Potion"}],"is_trial":false,"path_per_floor":["M","?","M","M","?","R","M","E","T","E","M","R","?","E","R","B"],"character_chosen":"MARISA","items_purchased":[],"campfire_rested":0,"item_purchase_floors":[],"current_hp_per_floor":[63,63,53,49,49,49,32,30,30,25,25,25,48,20,20,0,0],"gold":292,"neow_bonus":"ONE_RANDOM_RARE_CARD","is_daily":false,"chose_seed":false,"campfire_upgraded":3,"win_rate":0.0,"timestamp":1608706154,"path_taken":["M","?","M","M","?","R","?","E","T","E","?","R","?","E","R","BOSS"],"items_purchased_type":[],"build_version":"2020-12-22","purchased_purges":0,"victory":false,"max_hp_per_floor":[70,70,70,70,70,70,70,70,70,70,70,70,70,70,70,70,70],"relic_stats":{"counters":[9,28],"Mummified Hand":[4],"obtain_stats":[{"Anchor":8,"Mummified Hand":10,"Bag of Marbles":14,"MiniHakkero":0,"NlothsMask":5},{"Anchor":5,"Mummified Hand":6,"Bag of Marbles":8,"MiniHakkero":0,"NlothsMask":3},{"Anchor":13,"Mummified Hand":19,"Bag of Marbles":25,"MiniHakkero":0,"NlothsMask":6}]},"card_choices":[{"not_picked":["Singularity","MilkyWay"],"picked":"ChargeUpSpray","floor":1},{"not_picked":["IllusionStar","MilkyWay"],"picked":"GrandCross","floor":3},{"not_picked":["LuminesStrike","NonDirectionalLaser"],"picked":"MilkyWay","floor":4},{"not_picked":["6A","WitchOfGreed"],"picked":"MilkyWay","floor":7},{"not_picked":["DarkMatter","ShootingEcho"],"picked":"CasketOfStar","floor":8},{"not_picked":["BlazeAway","DragonMeteor"],"picked":"CasketOfStar","floor":10},{"not_picked":["DarkMatter","MachineGunSpark","BlazeAway"],"picked":"SKIP","floor":11},{"not_picked":["BinaryStars","SporeBomb"],"picked":"ShootingEcho","floor":14}],"player_experience":968922,"relics_obtained":[{"floor":8,"key":"Anchor"},{"floor":10,"key":"Mummified Hand"},{"floor":14,"key":"Bag of Marbles"}],"event_choices":[{"cards_removed":["Strike_MRS"],"damage_healed":0,"gold_gain":0,"player_choice":"Forget","damage_taken":0,"max_hp_gain":0,"max_hp_loss":0,"event_name":"Living Wall","floor":2,"gold_loss":0},{"damage_healed":0,"gold_gain":0,"player_choice":"Trade","damage_taken":0,"relics_obtained":["NlothsMask"],"max_hp_gain":0,"max_hp_loss":0,"event_name":"FaceTrader","floor":5,"gold_loss":0},{"damage_healed":23,"gold_gain":0,"player_choice":"Banana","damage_taken":0,"max_hp_gain":0,"max_hp_loss":0,"event_name":"Big Fish","floor":13,"gold_loss":0}],"is_beta":false,"boss_relics":[],"items_purged_floors":[],"is_endless":false,"potions_floor_spawned":[1,3,10],"killed_by":"Slime Boss","ascension_level":17}}