{"host":"43gh4c2f6tt319we","time":1608739005,"event":{"mods":["ATMod(°¢èªMod)","Act Like it!","BaseMod","Gensokyo","Hallownest","KinomotoSakuraMod(Ä¾Ö®±¾Ó£)","Lobotomy","Marisa£¨ìFÓê¡¡Ä§ÀíÉ³£©","Minty Spire (QoL Compilation)","Reimu£¨²©ÀöÁéÃÎ£©","Remilia£¨ÀÙÃ×ÀòÑÇ£©","StSLib","The Alterego","The Bug Knight","Youmu£¨»êÆÇÑýÃÎ£©","¡¾¶«·½¶þ´Î´´×÷¡¿°ËÔÆ×Ïmod"],"gold_per_floor":[110,129,143,218,39,66,66,77,77,77,91,91,91,101,101,101,101],"floor_reached":16,"playtime":1180,"items_purged":[],"score":102,"play_id":"d7b90ce3-a6a5-4624-b15d-cc48ad4ebc94","local_time":"20201224005645","is_ascension_mode":false,"campfire_choices":[{"data":"Apotheosis","floor":7,"key":"SMITH"},{"data":"alterego_mod:BoobPocket","floor":10,"key":"SMITH"},{"floor":12,"key":"REST"},{"data":"alterego_mod:Nekomimi","floor":15,"key":"SMITH"}],"circlet_count":0,"master_deck":["alterego_mod:Strike","alterego_mod:Strike","alterego_mod:Strike","alterego_mod:Defend","alterego_mod:Defend","alterego_mod:Defend","alterego_mod:Defend","alterego_mod:Impale","alterego_mod:BigMeatyClaws","alterego_mod:BrynhildrsRune","AT_FamilyPortrait","Apotheosis+1","alterego_mod:Clones","alterego_mod:Mirror","alterego_mod:Collar","AT_EmpoweredMortalDraw","alterego_mod:Swimsuit","alterego_mod:BoobPocket+1","alterego_mod:Rip","alterego_mod:Skirt","alterego_mod:Nekomimi+1"],"relics":["alterego_mod:MasochisticConstitution","AT_ATBox","AT_EbonyIvory","Kunai"],"acts_visited":["Exordium"],"potions_floor_usage":[],"damage_taken":[{"damage":0,"enemies":"Small Slimes","floor":1,"turns":3},{"damage":6,"enemies":"Cultist","floor":2,"turns":4},{"damage":8,"enemies":"Jaw Worm","floor":3,"turns":4},{"damage":33,"enemies":"Gremlin Nob","floor":6,"turns":5},{"damage":2,"enemies":"2 Fungi Beasts","floor":8,"turns":3},{"damage":5,"enemies":"3 Louse","floor":11,"turns":3},{"damage":4,"enemies":"Red Slaver","floor":14,"turns":3},{"damage":36,"enemies":"Hexaghost","floor":16,"turns":12}],"seed_played":"613012409824006935","potions_obtained":[{"floor":3,"key":"Dexterity Potion"},{"floor":6,"key":"Ancient Potion"},{"floor":8,"key":"Energy Potion"}],"is_trial":false,"path_per_floor":["M","M","M","?","$","E","R","M","T","R","M","R","?","M","R","B"],"character_chosen":"The_Alterego","items_purchased":["AT_EmpoweredMortalDraw"],"campfire_rested":1,"item_purchase_floors":[5],"current_hp_per_floor":[63,65,65,54,54,22,22,21,21,21,17,39,39,36,36,0,0],"gold":101,"neow_bonus":"RANDOM_COLORLESS_2","is_daily":false,"chose_seed":false,"campfire_upgraded":3,"win_rate":0.0,"timestamp":1608739005,"path_taken":["M","M","M","?","$","E","R","M","T","R","M","R","?","?","R","BOSS"],"items_purchased_type":["Card"],"build_version":"2020-12-22","purchased_purges":0,"victory":false,"max_hp_per_floor":[70,71,72,72,72,73,73,74,74,74,75,75,75,76,76,76,76],"card_choices":[{"not_picked":["Chrysalis","Secret Weapon"],"picked":"Apotheosis","floor":0},{"not_picked":["alterego_mod:Maid","alterego_mod:Complex"],"picked":"alterego_mod:Clones","floor":1},{"not_picked":["alterego_mod:Undulate","alterego_mod:SakuraLabyrinth"],"picked":"alterego_mod:Mirror","floor":2},{"not_picked":["alterego_mod:MagicResistance","alterego_mod:Skirt"],"picked":"alterego_mod:Collar","floor":3},{"not_picked":["alterego_mod:Belle","alterego_mod:BustOut"],"picked":"alterego_mod:Swimsuit","floor":6},{"not_picked":["alterego_mod:Support","alterego_mod:TrashNCrash"],"picked":"alterego_mod:BoobPocket","floor":8},{"not_picked":["alterego_mod:HighServant","alterego_mod:Punishment"],"picked":"alterego_mod:Rip","floor":11},{"not_picked":["alterego_mod:MagicResistance","alterego_mod:Undulate"],"picked":"alterego_mod:Nekomimi","floor":14}],"player_experience":473034,"relics_obtained":[{"floor":6,"key":"AT_EbonyIvory"},{"floor":9,"key":"Kunai"}],"event_choices":[{"damage_healed":0,"gold_gain":75,"player_choice":"Gather Gold","damage_taken":11,"max_hp_gain":0,"max_hp_loss":0,"event_name":"World of Goop","floor":4,"gold_loss":0},{"damage_healed":0,"gold_gain":0,"cards_transformed":["alterego_mod:Strike"],"player_choice":"Transformed","damage_taken":0,"max_hp_gain":0,"max_hp_loss":0,"event_name":"Transmorgrifier","floor":13,"gold_loss":0,"cards_obtained":["alterego_mod:Skirt"]}],"is_beta":false,"boss_relics":[],"items_purged_floors":[],"is_endless":false,"potions_floor_spawned":[3,6,8,11],"killed_by":"Hexaghost","ascension_level":0}}