{"host":"3srbdas3e7jgqz5l","time":1608744803,"event":{"mods":["BaseMod","Downfall","Jorbs\u0027s Wanderer Trilogy","Minty Spire (QoL Compilation)","StSLib"],"gold_per_floor":[114,114,130,142,4,4,32,32,84,84,118,134,153,181,181,281,281,298,298,298,298,315,315,344,344,370,370,163,189,189,270,270,371,371,384,384,396,396,406,438,438,161,161,161,188,238,238,251,251,251,251],"floor_reached":50,"playtime":2140,"items_purged":["Strike_G","Decay"],"score":891,"play_id":"2a5dcf88-c7cd-43a8-9615-bd8df1718078","local_time":"20201223173323","is_ascension_mode":true,"campfire_choices":[{"data":"Crippling Poison","floor":6.0,"key":"SMITH"},{"floor":10.0,"key":"REST"},{"data":"Catalyst","floor":15.0,"key":"SMITH"},{"data":"1","floor":23.0,"key":"LIFT"},{"data":"2","floor":25.0,"key":"LIFT"},{"data":"3","floor":27.0,"key":"LIFT"},{"floor":32.0,"key":"REST"},{"data":"Night Terror","floor":41.0,"key":"SMITH"},{"floor":47.0,"key":"RECALL"},{"data":"Adrenaline","floor":49,"key":"SMITH"}],"circlet_count":0,"master_deck":["AscendersBane","Defend_G","Defend_G","Defend_G","Defend_G","Defend_G","Survivor","Neutralize","Noxious Fumes","Dagger Spray","Crippling Poison+1","PiercingWail","Footwork","Catalyst+1","Adrenaline+1","Malaise","PiercingWail+1","Noxious Fumes","Corpse Explosion","Backstab","Bite","Bite","Bite","Bite","Bite","Deadly Poison","Night Terror+1","Acrobatics","Backflip","Footwork","Riddle With Holes+1","Cloak And Dagger+1","Burst"],"relics":["Ring of the Snake","NeowsBlessing","Girya","HornCleat","Smiling Mask","Darkstone Periapt","Snake Skull","expansioncontent:StudyCardRelic","MutagenicStrength","Paper Crane","PreservedInsect","Dream Catcher","Shuriken","Coffee Dripper","Juzu Bracelet","Strawberry","Pantograph","StoneCalendar"],"acts_visited":["Exordium","TheCity","TheBeyond"],"potions_floor_usage":[],"damage_taken":[{"damage":0.0,"enemies":"Small Slimes","floor":1.0,"turns":1.0},{"damage":0.0,"enemies":"Cultist","floor":3.0,"turns":1.0},{"damage":0.0,"enemies":"2 Louse","floor":4.0,"turns":1.0},{"damage":37.0,"enemies":"Gremlin Nob","floor":7.0,"turns":5.0},{"damage":7.0,"enemies":"Lagavulin","floor":11.0,"turns":6.0},{"damage":0.0,"enemies":"Looter","floor":12.0,"turns":4.0},{"damage":8.0,"enemies":"3 Louse","floor":13.0,"turns":3.0},{"damage":9.0,"enemies":"3 Sentries","floor":14.0,"turns":4.0},{"damage":22.0,"enemies":"The Guardian","floor":16.0,"turns":9.0},{"damage":0.0,"enemies":"3 Byrds","floor":18.0,"turns":5.0},{"damage":14.0,"enemies":"Chosen","floor":22.0,"turns":6.0},{"damage":24.0,"enemies":"Book of Stabbing","floor":24.0,"turns":6.0},{"damage":5.0,"enemies":"Gremlin Leader","floor":29.0,"turns":4.0},{"damage":30.0,"enemies":"Champ","floor":33.0,"turns":11.0},{"damage":11.0,"enemies":"3 Darklings","floor":35.0,"turns":3.0},{"damage":0.0,"enemies":"3 Shapes","floor":37.0,"turns":1.0},{"damage":25.0,"enemies":"Transient","floor":39.0,"turns":5.0},{"damage":15.0,"enemies":"Reptomancer","floor":40.0,"turns":6.0},{"damage":9.0,"enemies":"Giant Head","floor":45.0,"turns":8.0},{"damage":0.0,"enemies":"Mind Bloom Boss Battle","floor":46.0,"turns":7.0},{"damage":5,"enemies":"Writhing Mass","floor":48,"turns":5},{"damage":63,"enemies":"Time Eater","floor":50,"turns":12}],"seed_played":"8127775025253853795","potions_obtained":[{"floor":3.0,"key":"SpeedPotion"},{"floor":4.0,"key":"champ:CounterPotion"},{"floor":12.0,"key":"SmokeBomb"},{"floor":16.0,"key":"FairyPotion"},{"floor":33.0,"key":"SteroidPotion"},{"floor":35.0,"key":"LiquidMemories"},{"floor":37.0,"key":"PowerPotion"},{"floor":45.0,"key":"Dexterity Potion"},{"floor":46.0,"key":"PowerPotion"}],"is_trial":false,"path_per_floor":["M","?","M","M","$","R","E","T","T","R","E","M","M","E","R","B",null,"M","?","?","?","M","R","E","R","T","R","$","E","?","T","R","B",null,"M","?","M","?","M","E","R","$","T","?","E","?","R","M","R","B"],"character_chosen":"THE_SILENT","items_purchased":["Crippling Poison","Predator","Corpse Explosion","Footwork","Strawberry"],"campfire_rested":2,"item_purchase_floors":[5,5,28,42,42],"current_hp_per_floor":[63,63,63,63,63,63,26,26,26,47,40,40,32,23,23,1,53,53,40,40,65,51,51,27,27,27,27,27,22,22,22,37,25,45,36,52,52,52,32,27,27,34,34,34,31,59,59,59,59,0,0],"gold":251,"neow_bonus":"THREE_ENEMY_KILL","is_daily":false,"chose_seed":false,"campfire_upgraded":4,"win_rate":0.0,"timestamp":1608744803,"path_taken":["M","?","?","M","$","R","E","?","T","R","E","M","?","E","R","BOSS","M","?","?","?","M","R","E","R","T","R","$","E","?","?","R","BOSS","M","?","?","?","M","E","R","$","T","?","E","?","R","M","R","BOSS"],"items_purchased_type":["Card","Card","Card","Card","Relic"],"build_version":"2020-12-22","purchased_purges":2,"victory":false,"max_hp_per_floor":[70,70,70,70,70,70,70,70,70,70,70,70,70,70,70,70,70,70,75,75,75,75,75,75,75,75,75,75,75,52,52,52,52,52,52,52,52,52,52,52,52,59,59,59,59,59,59,59,59,59,59],"card_choices":[{"not_picked":["Expertise","Prepared"],"picked":"Sucker Punch","floor":1.0},{"not_picked":["Bouncing Flask","Dagger Throw"],"picked":"Noxious Fumes","floor":3.0},{"not_picked":["Deflect","Choke"],"picked":"Dagger Spray","floor":4.0},{"not_picked":["Eviscerate","Dagger Spray"],"picked":"PiercingWail","floor":7.0},{"not_picked":["Slice","Caltrops"],"picked":"Footwork","floor":11.0},{"not_picked":["Setup","Finisher","Dagger Spray"],"picked":"SKIP","floor":12.0},{"not_picked":["Sucker Punch","Flying Knee"],"picked":"Catalyst","floor":13.0},{"not_picked":["Expertise","Prepared"],"picked":"Adrenaline","floor":14.0},{"not_picked":["Unload","Grand Finale"],"picked":"Malaise","floor":16.0},{"not_picked":["Distraction","Accuracy+1"],"picked":"PiercingWail+1","floor":18.0},{"not_picked":["All Out Attack","Cloak And Dagger"],"picked":"Noxious Fumes","floor":22.0},{"not_picked":["Blur","Acrobatics","Prepared"],"picked":"SKIP","floor":24.0},{"not_picked":["Tactician+1","Setup"],"picked":"Backstab","floor":29.0},{"not_picked":["Slice","Outmaneuver"],"picked":"Deadly Poison","floor":32.0},{"not_picked":["Glass Knife","Envenom"],"picked":"Night Terror","floor":33.0},{"not_picked":["Dagger Throw+1","Deflect","Outmaneuver+1"],"picked":"SKIP","floor":35.0},{"not_picked":["Dagger Throw","Dagger Spray+1"],"picked":"Acrobatics","floor":37.0},{"not_picked":["Acrobatics","Expertise+1","Dagger Throw"],"picked":"SKIP","floor":39.0},{"not_picked":["Tactician+1","Outmaneuver"],"picked":"Backflip","floor":40.0},{"not_picked":["Grand Finale","Riddle With Holes+1","Setup"],"picked":"SKIP","floor":45.0},{"not_picked":["Grand Finale","Setup"],"picked":"Riddle With Holes+1","floor":45.0},{"not_picked":["Poisoned Stab","Backflip"],"picked":"Cloak And Dagger+1","floor":46.0},{"not_picked":["Underhanded Strike","Deflect+1"],"picked":"Burst","floor":48}],"player_experience":502093,"relics_obtained":[{"floor":7.0,"key":"Girya"},{"floor":8.0,"key":"HornCleat"},{"floor":9.0,"key":"Smiling Mask"},{"floor":11.0,"key":"Darkstone Periapt"},{"floor":14.0,"key":"Snake Skull"},{"floor":24.0,"key":"Paper Crane"},{"floor":26.0,"key":"PreservedInsect"},{"floor":29.0,"key":"Dream Catcher"},{"floor":31.0,"key":"Shuriken"},{"floor":40.0,"key":"Juzu Bracelet"},{"floor":45.0,"key":"Pantograph"},{"floor":46.0,"key":"StoneCalendar"}],"event_choices":[{"damage_healed":0.0,"max_hp_gain":0.0,"max_hp_loss":0.0,"gold_gain":0.0,"event_name":"Wheel of Change","player_choice":"Cursed","floor":2.0,"gold_loss":0.0,"damage_taken":0.0,"cards_obtained":["Decay"]},{"damage_healed":0.0,"max_hp_gain":5.0,"max_hp_loss":0.0,"gold_gain":0.0,"event_name":"Forgotten Altar","player_choice":"Shed Blood","floor":19.0,"gold_loss":0.0,"damage_taken":18.0},{"damage_healed":0.0,"max_hp_gain":0.0,"max_hp_loss":0.0,"gold_gain":0.0,"event_name":"Drug Dealer","player_choice":"Inject Mutagens","floor":20.0,"gold_loss":0.0,"damage_taken":0.0,"relics_obtained":["MutagenicStrength"]},{"damage_healed":25.0,"max_hp_gain":0.0,"max_hp_loss":0.0,"gold_gain":0.0,"event_name":"The Library","player_choice":"Heal","floor":21.0,"gold_loss":0.0,"damage_taken":0.0},{"damage_healed":0.0,"max_hp_gain":0.0,"max_hp_loss":23.0,"gold_gain":0.0,"event_name":"Vampires","player_choice":"Became a vampire","floor":30.0,"gold_loss":0.0,"damage_taken":0.0,"cards_obtained":["Bite","Bite","Bite","Bite","Bite"]},{"cards_removed":["Predator"],"damage_healed":16.0,"max_hp_gain":0.0,"max_hp_loss":0.0,"gold_gain":0.0,"event_name":"Bonfire Elementals","player_choice":"Offered Uncommon","floor":36.0,"gold_loss":0.0,"damage_taken":0.0},{"cards_removed":["Sucker Punch"],"damage_healed":0.0,"max_hp_gain":0.0,"max_hp_loss":0.0,"gold_gain":0.0,"event_name":"Falling","player_choice":"Removed Attack","floor":38.0,"gold_loss":0.0,"damage_taken":0.0},{"damage_healed":0.0,"max_hp_gain":0.0,"max_hp_loss":0.0,"gold_gain":0.0,"event_name":"SecretPortal","player_choice":"Ignored","floor":44.0,"gold_loss":0.0,"damage_taken":0.0},{"damage_healed":0.0,"max_hp_gain":0.0,"max_hp_loss":0.0,"gold_gain":0.0,"event_name":"MindBloom","player_choice":"Fight","floor":46.0,"gold_loss":0.0,"damage_taken":0.0}],"is_beta":false,"boss_relics":[{"not_picked":["Snecko Eye","Tiny House"],"picked":"expansioncontent:StudyCardRelic"},{"not_picked":["Pandora\u0027s Box","Calling Bell"],"picked":"Coffee Dripper"}],"items_purged_floors":[28,42],"is_endless":false,"potions_floor_spawned":[3,4,12,16,33,35,37,45,46],"killed_by":"Time Eater","ascension_level":10}}