{"host":"63yhhrjweyj22b0v","time":1608684919,"event":{"mods":["BaseMod","Minty Spire (QoL Compilation)","Quick Restart"],"gold_per_floor":[113,113,13,188,188,188,219,219,219,219,248,248,258,12,12,111,111,128,43,43,0,0,0,19,19,19,37,37,137,171,270,270,372,372,387,28,0,0,0,0,15,31,31,31,31,31,31,31,31,31,31,31,31,31,31],"floor_reached":54,"playtime":1410,"items_purged":["Strike_P"],"score":701,"play_id":"00b4c266-61d8-4b03-b0c3-c6f01cd5e4ba","local_time":"20201222185519","is_ascension_mode":false,"campfire_choices":[{"data":"CrushJoints","floor":6,"key":"SMITH"},{"data":"Perseverance","floor":8,"key":"SMITH"},{"data":"Vigilance","floor":10,"key":"SMITH"},{"data":"BowlingBash","floor":12,"key":"SMITH"},{"data":"SignatureMove","floor":15,"key":"SMITH"},{"floor":23,"key":"REST"},{"floor":25,"key":"RECALL"},{"floor":28,"key":"REST"},{"floor":32,"key":"REST"},{"floor":40,"key":"REST"},{"data":"Establishment","floor":46,"key":"SMITH"},{"floor":49,"key":"REST"},{"floor":52,"key":"REST"}],"circlet_count":0,"master_deck":["Strike_P+1","Strike_P+1","Strike_P+1","Defend_P+1","Defend_P+1","Defend_P+1","Defend_P+1","Eruption+1","Vigilance+1","Perseverance+1","CrushJoints+1","Prostrate+1","BowlingBash+1","ConjureBlade+1","PathToVictory+1","ConjureBlade+1","ClearTheMind+1","Crescendo+1","Establishment+1","Prostrate+1"],"relics":["PureWater","NeowsBlessing","Toxic Egg 2","Happy Flower","Eternal Feather","Singing Bowl","Philosopher\u0027s Stone","Oddly Smooth Stone","Enchiridion","Torii","Lizard Tail","Shuriken","Du-Vu Doll","SacredBark","Incense Burner","Red Mask"],"acts_visited":["Exordium","TheCity","TheBeyond","TheEnding"],"potions_floor_usage":[16,29,29,33,33,42,50],"damage_taken":[{"damage":0,"enemies":"2 Louse","floor":1,"turns":2},{"damage":0,"enemies":"Gremlin Nob","floor":7,"turns":1},{"damage":0,"enemies":"3 Sentries","floor":11,"turns":2},{"damage":0,"enemies":"Small Slimes","floor":13,"turns":3},{"damage":10,"enemies":"Slime Boss","floor":16,"turns":7},{"damage":19,"enemies":"2 Thieves","floor":18,"turns":3},{"damage":0,"enemies":"Spheric Guardian","floor":24,"turns":2},{"damage":7,"enemies":"Cultist and Chosen","floor":27,"turns":4},{"damage":8,"enemies":"Colosseum Slavers","floor":29,"turns":2},{"damage":16,"enemies":"Colosseum Nobs","floor":29,"turns":3},{"damage":27,"enemies":"Gremlin Leader","floor":30,"turns":4},{"damage":112,"enemies":"Champ","floor":33,"turns":6},{"damage":37,"enemies":"3 Darklings","floor":35,"turns":4},{"damage":8,"enemies":"Orb Walker","floor":41,"turns":2},{"damage":12,"enemies":"Sphere and 2 Shapes","floor":42,"turns":6},{"damage":26,"enemies":"Donu and Deca","floor":50,"turns":5},{"damage":81,"enemies":"Shield and Spear","floor":54,"turns":3}],"seed_played":"3517772897327875019","potions_obtained":[{"floor":1,"key":"AttackPotion"},{"floor":13,"key":"Weak Potion"},{"floor":18,"key":"Regen Potion"},{"floor":29,"key":"CultistPotion"},{"floor":30,"key":"DistilledChaos"},{"floor":33,"key":"DuplicationPotion"},{"floor":42,"key":"Explosive Potion"}],"is_trial":false,"path_per_floor":["M","?","$","?","?","R","E","R","T","R","E","R","M","$","R","B",null,"M","?","?","?","?","R","M","R","T","M","R","?","E","?","R","B",null,"M","$","?","?","$","R","M","M","T","?","?","R","$","?","R","B",null,"R","$","E"],"character_chosen":"WATCHER","items_purchased":["CrushJoints","Singing Bowl","Incense Burner","Crescendo+1"],"campfire_rested":6,"item_purchase_floors":[3,14,36,36],"current_hp_per_floor":[72,72,72,72,72,72,72,72,72,72,72,72,72,72,72,62,72,53,53,53,53,37,67,69,74,74,69,76,62,37,37,70,40,80,43,43,43,43,43,76,68,58,58,58,60,69,69,69,80,54,80,80,80,0,0],"gold":31,"neow_bonus":"THREE_ENEMY_KILL","is_daily":false,"chose_seed":false,"campfire_upgraded":6,"win_rate":0.0,"timestamp":1608684919,"path_taken":["M","?","$","?","?","R","E","R","T","R","E","R","?","$","R","BOSS","M","?","?","?","?","R","M","R","T","M","R","?","E","?","R","BOSS","M","$","?","?","?","R","M","?","T","?","?","R","$","?","R","BOSS","R","$","E"],"items_purchased_type":["Card","Relic","Relic","Card"],"build_version":"2020-12-13","purchased_purges":1,"victory":false,"max_hp_per_floor":[72,72,72,72,72,72,72,72,72,72,72,72,72,72,72,72,72,72,72,72,72,72,72,74,74,74,76,76,78,80,80,80,80,80,80,80,80,80,80,80,80,82,82,78,80,80,80,80,80,80,80,80,80,80,80],"card_choices":[{"not_picked":["ForeignInfluence","Evaluate"],"picked":"Perseverance","floor":1},{"not_picked":["Crescendo+1","ThirdEye+1"],"picked":"Prostrate+1","floor":7},{"not_picked":["EmptyBody+1","EmptyFist"],"picked":"BowlingBash","floor":11},{"not_picked":["FollowUp","WheelKick"],"picked":"SignatureMove","floor":13},{"not_picked":["MasterReality","Blasphemy+1"],"picked":"ConjureBlade+1","floor":16},{"not_picked":["Protect+1","ThirdEye+1"],"picked":"PathToVictory+1","floor":18},{"not_picked":["Consecrate","Conclude+1","MentalFortress"],"picked":"Singing Bowl","floor":24},{"not_picked":["Evaluate+1","ThirdEye+1","FlyingSleeves"],"picked":"Singing Bowl","floor":27},{"not_picked":["EmptyFist","Wallop","CutThroughFate"],"picked":"Singing Bowl","floor":29},{"not_picked":["BattleHymn","Meditate+1","Conclude"],"picked":"Singing Bowl","floor":30},{"not_picked":["Blasphemy+1","LessonLearned"],"picked":"ConjureBlade+1","floor":33},{"not_picked":["EmptyFist","FlyingSleeves"],"picked":"ClearTheMind+1","floor":35},{"not_picked":["Crescendo+1","WreathOfFlame+1"],"picked":"Establishment","floor":41},{"not_picked":["Tantrum","Pray+1","Evaluate+1"],"picked":"Singing Bowl","floor":42},{"not_picked":["Panache","Deep Breath+1","Forethought+1"],"picked":"Singing Bowl","floor":45}],"player_experience":634319,"relics_obtained":[{"floor":7,"key":"Toxic Egg 2"},{"floor":9,"key":"Happy Flower"},{"floor":11,"key":"Eternal Feather"},{"floor":22,"key":"Enchiridion"},{"floor":26,"key":"Torii"},{"floor":29,"key":"Lizard Tail"},{"floor":29,"key":"Shuriken"},{"floor":30,"key":"Du-Vu Doll"}],"event_choices":[{"damage_healed":0,"gold_gain":0,"player_choice":"Grow","damage_taken":0,"max_hp_gain":0,"max_hp_loss":0,"event_name":"Living Wall","floor":2,"gold_loss":0,"cards_upgraded":["Eruption"]},{"damage_healed":0,"gold_gain":175,"player_choice":"AGREE","damage_taken":0,"max_hp_gain":0,"max_hp_loss":0,"event_name":"Liars Game","floor":4,"gold_loss":0,"cards_obtained":["Doubt"]},{"cards_removed":["Doubt"],"damage_healed":0,"gold_gain":0,"player_choice":"Card Removal","damage_taken":0,"max_hp_gain":0,"max_hp_loss":0,"event_name":"Wheel of Change","floor":5,"gold_loss":0},{"damage_healed":0,"gold_gain":0,"player_choice":"Obtained Relic","damage_taken":0,"relics_obtained":["Oddly Smooth Stone"],"max_hp_gain":0,"max_hp_loss":0,"event_name":"Addict","floor":19,"gold_loss":85},{"damage_healed":0,"gold_gain":0,"player_choice":"Simplicity","damage_taken":0,"max_hp_gain":0,"max_hp_loss":0,"event_name":"Back to Basics","floor":20,"gold_loss":0,"cards_upgraded":["Strike_P","Strike_P","Strike_P","Defend_P","Defend_P","Defend_P","Defend_P"]},{"damage_healed":0,"gold_gain":0,"player_choice":"Paid Fearfully","damage_taken":0,"max_hp_gain":0,"max_hp_loss":0,"event_name":"Masked Bandits","floor":21,"gold_loss":43},{"damage_healed":0,"gold_gain":0,"player_choice":"Obtained Book","damage_taken":16,"max_hp_gain":0,"max_hp_loss":0,"event_name":"Cursed Tome","floor":22,"gold_loss":0},{"damage_healed":0,"gold_gain":0,"player_choice":"Fight","damage_taken":0,"max_hp_gain":0,"max_hp_loss":0,"event_name":"Colosseum","floor":29,"gold_loss":0},{"damage_healed":0,"gold_gain":0,"player_choice":"Fought Nobs","damage_taken":0,"max_hp_gain":0,"max_hp_loss":0,"event_name":"Colosseum","floor":29,"gold_loss":0},{"damage_healed":0,"gold_gain":99,"player_choice":"Stole From Cult","damage_taken":0,"max_hp_gain":0,"max_hp_loss":0,"event_name":"Nest","floor":31,"gold_loss":0},{"damage_healed":0,"gold_gain":0,"player_choice":"Paid","damage_taken":0,"relics_obtained":["Red Mask"],"max_hp_gain":0,"max_hp_loss":0,"event_name":"Tomb of Lord Red Mask","floor":37,"gold_loss":28},{"cards_removed":["SignatureMove"],"damage_healed":0,"gold_gain":0,"player_choice":"Removed Attack","damage_taken":0,"max_hp_gain":0,"max_hp_loss":0,"event_name":"Falling","floor":38,"gold_loss":0},{"damage_healed":0,"gold_gain":0,"player_choice":"Max HP","damage_taken":0,"max_hp_gain":0,"max_hp_loss":4,"event_name":"Winding Halls","floor":44,"gold_loss":0},{"damage_healed":0,"gold_gain":0,"player_choice":"Memory 1","damage_taken":0,"max_hp_gain":0,"max_hp_loss":0,"event_name":"SensoryStone","floor":45,"gold_loss":0},{"damage_healed":0,"gold_gain":0,"player_choice":"Copied","damage_taken":0,"max_hp_gain":0,"max_hp_loss":0,"event_name":"Duplicator","floor":48,"gold_loss":0,"cards_obtained":["Prostrate"]}],"is_beta":false,"boss_relics":[{"not_picked":["Runic Dome","Runic Pyramid"],"picked":"Philosopher\u0027s Stone"},{"not_picked":["Velvet Choker","Coffee Dripper"],"picked":"SacredBark"}],"items_purged_floors":[3],"is_endless":false,"potions_floor_spawned":[1,13,18,29,30,33,42],"killed_by":"Shield and Spear","ascension_level":0}}