{"host":"3ek78t4i81ecmdy1","time":1608703676,"event":{"mods":["2.2 Compatiblity","AchievementEnabler","BaseMod","Colored Map","DeckTracker","Filter the Spire","Keyboard Shortcuts","Minty Spire (QoL Compilation)","Permanent Neow","Quick Restart","SuperFastMode","everything is the same but u backflip on backflip"],"gold_per_floor":[10,10,23,23,33,33,48,48,48,68,42,72,72,92,92,188,188,201,201,201],"floor_reached":19,"playtime":670,"items_purged":[],"score":177,"play_id":"2c130827-7203-4efa-8727-bef0f129737d","local_time":"20201223150756","is_ascension_mode":true,"campfire_choices":[{"floor":6.0,"key":"DIG"},{"floor":13.0,"key":"DIG"},{"floor":15.0,"key":"DIG"}],"circlet_count":0,"master_deck":["Bash","Intimidate","Berserk","Spot Weakness","Armaments","Inflame","Shrug It Off","Flex","Warcry","Corruption","Brutality","Rage","Dropkick","True Grit","Armaments","Shockwave","Entrench","Bloodletting"],"relics":["Burning Blood","Shovel","Toy Ornithopter","Mummified Hand","Bag of Preparation","Sundial","Tiny Chest","Pandora\u0027s Box"],"acts_visited":["Exordium","TheCity"],"potions_floor_usage":[16],"damage_taken":[{"damage":10.0,"enemies":"Jaw Worm","floor":1.0,"turns":4.0},{"damage":1.0,"enemies":"2 Louse","floor":3.0,"turns":4.0},{"damage":5.0,"enemies":"Cultist","floor":5.0,"turns":4.0},{"damage":4.0,"enemies":"Exordium Thugs","floor":7.0,"turns":5.0},{"damage":5.0,"enemies":"Looter","floor":10.0,"turns":4.0},{"damage":16.0,"enemies":"Lagavulin","floor":12.0,"turns":5.0},{"damage":5.0,"enemies":"Gremlin Gang","floor":14.0,"turns":5.0},{"damage":69,"enemies":"Slime Boss","floor":16,"turns":15},{"damage":18,"enemies":"Spheric Guardian","floor":18,"turns":5},{"damage":42,"enemies":"3 Byrds","floor":19,"turns":4}],"seed_played":"6370615851454658521","potions_obtained":[{"floor":1.0,"key":"FearPotion"},{"floor":10.0,"key":"EntropicBrew"},{"floor":14.0,"key":"Weak Potion"}],"is_trial":false,"path_per_floor":["M","?","M","T","M","R","M","?","T","M","$","E","R","M","R","B",null,"M","M"],"character_chosen":"IRONCLAD","items_purchased":["Flex"],"campfire_rested":0,"item_purchase_floors":[11],"current_hp_per_floor":[76,76,80,80,80,80,80,80,80,80,80,70,70,71,71,13,80,68,26,26],"gold":201,"neow_bonus":"ONE_RARE_RELIC","is_daily":false,"chose_seed":false,"campfire_upgraded":0,"win_rate":0.0,"timestamp":1608703676,"path_taken":["M","?","M","?","M","R","M","?","T","M","$","E","R","M","R","BOSS","M","?"],"items_purchased_type":["Card"],"build_version":"2020-12-22","purchased_purges":0,"victory":false,"max_hp_per_floor":[80,80,80,80,80,80,80,80,80,80,80,80,80,80,80,80,80,80,80,80],"card_choices":[{"not_picked":["Iron Wave","Shrug It Off"],"picked":"Intimidate","floor":1.0},{"not_picked":["Warcry","Perfected Strike"],"picked":"Spot Weakness","floor":3.0},{"not_picked":["Entrench","Twin Strike"],"picked":"Armaments","floor":5.0},{"not_picked":["Carnage","Wild Strike"],"picked":"Inflame","floor":7.0},{"not_picked":["Intimidate","Bloodletting"],"picked":"Shrug It Off","floor":10.0},{"not_picked":["Reckless Charge","Perfected Strike"],"picked":"Warcry","floor":12.0},{"not_picked":["Wild Strike","Headbutt","Rupture"],"picked":"SKIP","floor":14.0},{"not_picked":["Feed","Fiend Fire"],"picked":"Corruption","floor":16},{"not_picked":["Wild Strike+1","Bloodletting","Havoc"],"picked":"SKIP","floor":18}],"player_experience":18674,"relics_obtained":[{"floor":4.0,"key":"Toy Ornithopter"},{"floor":6.0,"key":"Mummified Hand"},{"floor":12.0,"key":"Bag of Preparation"},{"floor":13.0,"key":"Sundial"},{"floor":15.0,"key":"Tiny Chest"}],"event_choices":[{"damage_healed":0.0,"max_hp_gain":0.0,"max_hp_loss":0.0,"gold_gain":0.0,"cards_transformed":["Strike_R"],"event_name":"Living Wall","player_choice":"Change","floor":2.0,"gold_loss":0.0,"damage_taken":0.0,"cards_obtained":["Berserk"]},{"damage_healed":0.0,"max_hp_gain":0.0,"max_hp_loss":0.0,"gold_gain":0.0,"event_name":"Match and Keep!","player_choice":"0 cards matched","floor":8.0,"gold_loss":0.0,"damage_taken":0.0,"cards_obtained":[]}],"is_beta":false,"boss_relics":[{"not_picked":["Mark of Pain","Coffee Dripper"],"picked":"Pandora\u0027s Box"}],"items_purged_floors":[],"is_endless":false,"potions_floor_spawned":[1,10,14],"killed_by":"3 Byrds","ascension_level":1}}