{"host":"x4x6fw95e6eqd4n0","time":1608750251,"event":{"mods":["AchievementEnabler","BaseMod","Colored Map","Colored Powertips","DeckTracker","Minty Spire (QoL Compilation)"],"gold_per_floor":[117,134,134,84,99,99,113,132,132,132,145,145,179,196,196,301,301,318,318,85,105,20,20,30,30,98,113,113,113,123,138,138,234,234,254,254,254,72,92,92,122,122,148,160,190,256,268,300,312,324,324],"floor_reached":50,"playtime":1946,"items_purged":["Strike_B","Strike_B"],"score":524,"play_id":"69e87836-1a44-4925-91c1-ee268f49e91a","local_time":"20201223210411","is_ascension_mode":false,"campfire_choices":[{"data":"White Noise","floor":6,"key":"SMITH"},{"data":"Dualcast","floor":10,"key":"SMITH"},{"data":"Darkness","floor":12,"key":"SMITH"},{"data":"Storm","floor":15,"key":"SMITH"},{"data":"Buffer","floor":23,"key":"SMITH"},{"data":"Genetic Algorithm","floor":25,"key":"SMITH"},{"data":"Storm","floor":29,"key":"SMITH"},{"data":"Defragment","floor":32,"key":"SMITH"},{"data":"Electrodynamics","floor":40,"key":"SMITH"},{"data":"Electrodynamics","floor":42,"key":"SMITH"},{"data":"All For One","floor":44,"key":"SMITH"},{"data":"Fusion","floor":49,"key":"SMITH"}],"circlet_count":0,"master_deck":["Defend_B","Defend_B","Defend_B","Defend_B","Zap","Dualcast+1","Self Repair","White Noise+1","Cold Snap","Self Repair","Ball Lightning","Darkness+1","Fusion+1","Storm+1","Buffer+1","Conserve Battery","Storm+1","Defragment+1","Glacier","Ball Lightning","Compile Driver+1","Genetic Algorithm+1","Self Repair+1","Leap+1","Conserve Battery+1","Electrodynamics+1","Darkness+1","Master of Strategy+1","Deep Breath+1","Dark Shackles+1","All For One+1","Blind+1","Chaos+1","Compile Driver+1","Electrodynamics+1","Writhe","Conserve Battery+1","Hologram+1","BootSequence+1","Redo+1"],"relics":["Cracked Core","Regal Pillow","Omamori","Oddly Smooth Stone","Cursed Key","Mercury Hourglass","Toxic Egg 2","Necronomicon","Philosopher\u0027s Stone","Kunai","MawBank","Prayer Wheel"],"acts_visited":["Exordium","TheCity","TheBeyond"],"potions_floor_usage":[13,16,33,33,33,33,35,41,46,50,50,50],"damage_taken":[{"damage":8,"enemies":"2 Louse","floor":1,"turns":2},{"damage":5,"enemies":"Small Slimes","floor":2,"turns":3},{"damage":6,"enemies":"Jaw Worm","floor":5,"turns":3},{"damage":8,"enemies":"Looter","floor":7,"turns":4},{"damage":9,"enemies":"Blue Slaver","floor":8,"turns":4},{"damage":0,"enemies":"3 Louse","floor":11,"turns":3},{"damage":1,"enemies":"Gremlin Nob","floor":13,"turns":3},{"damage":4,"enemies":"Looter","floor":14,"turns":3},{"damage":43,"enemies":"Hexaghost","floor":16,"turns":5},{"damage":10,"enemies":"Shell Parasite","floor":18,"turns":2},{"damage":0,"enemies":"Spheric Guardian","floor":21,"turns":3},{"damage":12,"enemies":"Centurion and Healer","floor":24,"turns":4},{"damage":3,"enemies":"Snecko","floor":27,"turns":4},{"damage":2,"enemies":"Cultist and Chosen","floor":30,"turns":4},{"damage":0,"enemies":"Centurion and Healer","floor":31,"turns":4},{"damage":47,"enemies":"Collector","floor":33,"turns":11},{"damage":19,"enemies":"3 Darklings","floor":35,"turns":2},{"damage":13,"enemies":"3 Shapes","floor":39,"turns":2},{"damage":0,"enemies":"Nemesis","floor":41,"turns":5},{"damage":0,"enemies":"Sphere and 2 Shapes","floor":45,"turns":3},{"damage":32,"enemies":"2 Orb Walkers","floor":46,"turns":3},{"damage":11,"enemies":"Spire Growth","floor":48,"turns":3},{"damage":56,"enemies":"Time Eater","floor":50,"turns":11}],"seed_played":"-835957847820465286","potions_obtained":[{"floor":1,"key":"ColorlessPotion"},{"floor":8,"key":"EntropicBrew"},{"floor":11,"key":"DuplicationPotion"},{"floor":16,"key":"BlessingOfTheForge"},{"floor":18,"key":"Dexterity Potion"},{"floor":24,"key":"FocusPotion"},{"floor":33,"key":"SkillPotion"},{"floor":35,"key":"Block Potion"},{"floor":39,"key":"LiquidBronze"},{"floor":45,"key":"Explosive Potion"},{"floor":46,"key":"BlessingOfTheForge"}],"is_trial":false,"path_per_floor":["M","M","?","?","M","R","M","M","T","R","M","R","E","M","R","B",null,"M","?","$","M","?","R","M","R","T","M","?","R","M","M","R","B",null,"M","?","?","$","M","R","E","R","T","R","M","?","?","M","R","B"],"character_chosen":"DEFECT","items_purchased":["Defragment","Glacier","Ball Lightning","Chaos+1"],"campfire_rested":0,"item_purchase_floors":[20,20,20,38],"current_hp_per_floor":[67,69,62,62,56,56,62,74,74,74,75,75,75,75,75,46,75,75,75,75,75,75,75,75,75,75,75,59,59,74,75,75,52,75,63,53,53,53,40,40,47,47,47,47,47,29,66,55,55,0,0],"gold":324,"neow_bonus":"RANDOM_COMMON_RELIC","is_daily":false,"chose_seed":false,"campfire_upgraded":12,"win_rate":0.0,"timestamp":1608750251,"path_taken":["M","M","?","?","M","R","?","M","T","R","M","R","E","M","R","BOSS","M","?","$","M","?","R","M","R","T","M","?","R","M","M","R","BOSS","M","?","?","$","M","R","E","R","T","R","?","?","?","M","R","BOSS"],"items_purchased_type":["Card","Card","Card","Card"],"build_version":"2020-12-13","purchased_purges":2,"victory":false,"max_hp_per_floor":[75,75,75,75,75,75,75,75,75,75,75,75,75,75,75,75,75,75,75,75,75,75,75,75,75,75,75,75,75,75,75,75,75,75,75,75,75,75,75,75,75,75,75,75,75,75,66,66,66,66,66],"card_choices":[{"not_picked":["Reprogram","Skim"],"picked":"Self Repair","floor":1},{"not_picked":["Cold Snap","Conserve Battery"],"picked":"White Noise","floor":2},{"not_picked":["Barrage","Steam Power"],"picked":"Cold Snap","floor":5},{"not_picked":["Coolheaded","Double Energy"],"picked":"Self Repair","floor":7},{"not_picked":["Steam Power","Go for the Eyes"],"picked":"Ball Lightning","floor":8},{"not_picked":["Leap","Rebound"],"picked":"Darkness","floor":11},{"not_picked":["Chaos","Conserve Battery"],"picked":"Fusion","floor":13},{"not_picked":["Coolheaded","Stack"],"picked":"Storm","floor":14},{"not_picked":["Seek","Fission"],"picked":"Buffer","floor":16},{"not_picked":["Sweeping Beam","Stack"],"picked":"Conserve Battery","floor":18},{"not_picked":["Auto Shields","Ball Lightning"],"picked":"Compile Driver+1","floor":21},{"not_picked":["Reinforced Body","Tempest"],"picked":"Genetic Algorithm","floor":24},{"not_picked":["Steam+1","Sweeping Beam"],"picked":"Self Repair+1","floor":27},{"not_picked":["Stack+1","FTL"],"picked":"Leap+1","floor":30},{"not_picked":["Redo+1","Doom and Gloom"],"picked":"Conserve Battery+1","floor":31},{"not_picked":["Seek+1","Rainbow+1"],"picked":"Electrodynamics","floor":33},{"not_picked":["Coolheaded+1","Rebound+1"],"picked":"Darkness+1","floor":35},{"not_picked":["Dramatic Entrance","Jack Of All Trades+1"],"picked":"Master of Strategy+1","floor":36},{"not_picked":["Purity+1","Flash of Steel"],"picked":"Deep Breath+1","floor":36},{"not_picked":["PanicButton+1","Jack Of All Trades+1"],"picked":"Dark Shackles+1","floor":36},{"not_picked":["Compile Driver+1","Steam+1","Conserve Battery+1"],"picked":"SKIP","floor":39},{"not_picked":["Steam+1","Conserve Battery+1"],"picked":"Compile Driver+1","floor":39},{"not_picked":["Compile Driver+1","Barrage+1"],"picked":"Electrodynamics","floor":41},{"not_picked":["FTL","Compile Driver"],"picked":"Conserve Battery+1","floor":45},{"not_picked":["Sweeping Beam+1","Steam+1"],"picked":"Hologram+1","floor":46},{"not_picked":["Lockon","Sweeping Beam+1"],"picked":"BootSequence+1","floor":48},{"not_picked":["Barrage+1","Leap+1"],"picked":"Redo+1","floor":48}],"player_experience":46978,"relics_obtained":[{"floor":9,"key":"Omamori"},{"floor":13,"key":"Oddly Smooth Stone"},{"floor":26,"key":"Toxic Egg 2"},{"floor":28,"key":"Necronomicon"},{"floor":41,"key":"Kunai"},{"floor":43,"key":"MawBank"},{"floor":46,"key":"Prayer Wheel"}],"event_choices":[{"cards_removed":["Strike_B"],"damage_healed":0,"gold_gain":0,"player_choice":"Card Removal","damage_taken":7,"max_hp_gain":0,"max_hp_loss":0,"event_name":"Golden Wing","floor":3,"gold_loss":0},{"cards_removed":["Strike_B"],"damage_healed":0,"gold_gain":0,"player_choice":"Card Removal","damage_taken":0,"max_hp_gain":0,"max_hp_loss":0,"event_name":"The Cleric","floor":4,"gold_loss":50},{"damage_healed":0,"gold_gain":0,"player_choice":"Read","damage_taken":0,"max_hp_gain":0,"max_hp_loss":0,"event_name":"The Library","floor":19,"gold_loss":0,"cards_obtained":["Storm"]},{"damage_healed":0,"gold_gain":0,"player_choice":"Obtained Relic","damage_taken":0,"relics_obtained":["Mercury Hourglass"],"max_hp_gain":0,"max_hp_loss":0,"event_name":"Addict","floor":22,"gold_loss":85},{"damage_healed":0,"gold_gain":0,"player_choice":"Obtained Book","damage_taken":16,"max_hp_gain":0,"max_hp_loss":0,"event_name":"Cursed Tome","floor":28,"gold_loss":0},{"damage_healed":0,"gold_gain":0,"player_choice":"Memory 3","damage_taken":10,"max_hp_gain":0,"max_hp_loss":0,"event_name":"SensoryStone","floor":36,"gold_loss":0},{"damage_healed":0,"gold_gain":0,"player_choice":"2 cards matched","damage_taken":0,"max_hp_gain":0,"max_hp_loss":0,"event_name":"Match and Keep!","floor":37,"gold_loss":0,"cards_obtained":["All For One","Blind"]},{"damage_healed":0,"gold_gain":0,"player_choice":"Fight","damage_taken":0,"max_hp_gain":0,"max_hp_loss":0,"event_name":"Mysterious Sphere","floor":46,"gold_loss":0},{"damage_healed":66,"gold_gain":0,"player_choice":"Heal","damage_taken":0,"max_hp_gain":0,"max_hp_loss":9,"event_name":"The Moai Head","floor":47,"gold_loss":0}],"is_beta":false,"boss_relics":[{"not_picked":["Runic Dome","FrozenCore"],"picked":"Cursed Key"},{"not_picked":["Pandora\u0027s Box","Calling Bell"],"picked":"Philosopher\u0027s Stone"}],"items_purged_floors":[20,38],"is_endless":false,"potions_floor_spawned":[1,8,11,16,18,24,33,35,39,45,46],"killed_by":"Time Eater","ascension_level":0}}