{"host":"hgkb2zpbo2dcws21","time":1608731285,"event":{"mods":["AchievementEnabler","BaseMod","Colored Map","Colored Powertips","Custom Start","DeckTracker","KOR Keyword Fix","Minty Spire (QoL Compilation)","Relic Stats","StSLib","SuperFastMode"],"gold_per_floor":[116,66,241,253,27,27,47,72,95,114,114,134,134,144,144,220,220,231,231,186,186],"floor_reached":20,"playtime":379,"items_purged":["Doubt"],"score":292,"play_id":"9c3fa0d0-19a0-45b1-9820-fc97e3004e70","local_time":"20201223224805","is_ascension_mode":true,"campfire_choices":[{"data":"Eruption","floor":6,"key":"SMITH"},{"data":"Meditate","floor":11,"key":"SMITH"},{"floor":15,"key":"REST"}],"circlet_count":0,"master_deck":["AscendersBane","Strike_P","Strike_P","Strike_P","Defend_P","Defend_P","Defend_P","Defend_P","Eruption+1","Vigilance","Indignation","FearNoEvil","EmptyFist","Meditate+1","Adaptation","Vault"],"relics":["PureWater","NeowsBlessing","OrangePellets","Odd Mushroom","Ginger","Strawberry","VioletLotus"],"acts_visited":["Exordium","TheCity"],"potions_floor_usage":[16,16,16,18,20],"damage_taken":[{"damage":0,"enemies":"2 Louse","floor":1,"turns":1},{"damage":0,"enemies":"Small Slimes","floor":4,"turns":2},{"damage":0,"enemies":"The Mushroom Lair","floor":7,"turns":1},{"damage":32,"enemies":"Lagavulin","floor":8,"turns":6},{"damage":7,"enemies":"Jaw Worm","floor":10,"turns":3},{"damage":11,"enemies":"2 Fungi Beasts","floor":12,"turns":3},{"damage":4,"enemies":"Red Slaver","floor":14,"turns":2},{"damage":33,"enemies":"Slime Boss","floor":16,"turns":6},{"damage":39,"enemies":"3 Byrds","floor":18,"turns":8},{"damage":20,"enemies":"2 Thieves","floor":20,"turns":2}],"seed_played":"-5728293777484263356","potions_obtained":[{"floor":8,"key":"GamblersBrew"},{"floor":10,"key":"Strength Potion"},{"floor":13,"key":"EntropicBrew"},{"floor":16,"key":"PowerPotion"},{"floor":18,"key":"PowerPotion"}],"is_trial":false,"path_per_floor":["M","?","?","M","$","R","?","E","T","M","R","M","?","M","R","B",null,"M","?","M"],"character_chosen":"WATCHER","items_purchased":["OrangePellets"],"campfire_rested":1,"item_purchase_floors":[5],"current_hp_per_floor":[61,61,61,61,61,61,61,29,36,29,29,18,18,14,36,3,57,18,11,0,0],"gold":186,"neow_bonus":"THREE_ENEMY_KILL","is_daily":false,"chose_seed":false,"campfire_upgraded":2,"win_rate":0.0,"timestamp":1608731285,"path_taken":["M","?","?","M","$","R","?","E","T","?","R","M","?","?","R","BOSS","M","?","?"],"items_purchased_type":["Relic"],"build_version":"2020-12-22","purchased_purges":1,"victory":false,"max_hp_per_floor":[68,68,68,68,68,68,68,68,75,75,75,75,75,75,75,75,75,75,75,75,75],"relic_stats":{"OrangePellets":[0],"counters":[10,34],"VioletLotus":[6],"Ginger":[0],"obtain_stats":[{"OrangePellets":5,"NeowsBlessing":0,"Strawberry":9,"VioletLotus":17,"Ginger":8,"PureWater":0,"Odd Mushroom":7},{"OrangePellets":2,"NeowsBlessing":0,"Strawberry":4,"VioletLotus":8,"Ginger":4,"PureWater":0,"Odd Mushroom":3},{"OrangePellets":3,"NeowsBlessing":0,"Strawberry":10,"VioletLotus":24,"Ginger":10,"PureWater":0,"Odd Mushroom":4}]},"card_choices":[{"not_picked":["CutThroughFate","Evaluate"],"picked":"Indignation","floor":1},{"not_picked":["JustLucky","Vengeance"],"picked":"FearNoEvil","floor":4},{"not_picked":["WaveOfTheHand","CrushJoints"],"picked":"EmptyFist","floor":7},{"not_picked":["DeceiveReality","CutThroughFate"],"picked":"Meditate","floor":8},{"not_picked":["Prostrate","FlyingSleeves","ClearTheMind"],"picked":"SKIP","floor":10},{"not_picked":["Sanctity","ClearTheMind"],"picked":"Adaptation","floor":12},{"not_picked":["EmptyBody","DeceiveReality","Halt"],"picked":"SKIP","floor":14},{"not_picked":["Wish","Omniscience"],"picked":"Vault","floor":16},{"not_picked":["CutThroughFate","Consecrate","JustLucky"],"picked":"SKIP","floor":18}],"player_experience":1102023,"relics_obtained":[{"floor":7,"key":"Odd Mushroom"},{"floor":8,"key":"Ginger"},{"floor":9,"key":"Strawberry"}],"event_choices":[{"cards_removed":["Strike_P"],"damage_healed":0,"gold_gain":0,"player_choice":"Card Removal","damage_taken":0,"max_hp_gain":0,"max_hp_loss":0,"event_name":"The Cleric","floor":2,"gold_loss":50},{"damage_healed":0,"gold_gain":175,"player_choice":"AGREE","damage_taken":0,"max_hp_gain":0,"max_hp_loss":0,"event_name":"Liars Game","floor":3,"gold_loss":0,"cards_obtained":["Doubt"]},{"damage_healed":0,"gold_gain":0,"player_choice":"Fought Mushrooms","damage_taken":0,"max_hp_gain":0,"max_hp_loss":0,"event_name":"Mushrooms","floor":7,"gold_loss":0},{"damage_healed":0,"gold_gain":0,"player_choice":"Got Potions","damage_taken":0,"max_hp_gain":0,"max_hp_loss":0,"event_name":"Lab","floor":13,"gold_loss":0},{"damage_healed":0,"gold_gain":0,"player_choice":"Damaged","damage_taken":7,"max_hp_gain":0,"max_hp_loss":0,"event_name":"Wheel of Change","floor":19,"gold_loss":0}],"is_beta":false,"boss_relics":[{"not_picked":["Runic Dome","Black Star"],"picked":"VioletLotus"}],"items_purged_floors":[5],"is_endless":false,"potions_floor_spawned":[8,10,12,16,18],"killed_by":"2 Thieves","ascension_level":14}}