{"host":"4a6fro0of1ie0h2w","time":1608742023,"event":{"mods":["Aspiration","BaseMod","CCEM","Colored Map","Conspire","Downfall","GifTheSpireLib","Halation","Highlight Path","Hubris","Infinite Spire","Marisa????????","Minty Spire (QoL Compilation)","Permanent Neow","Replay The Spire","StSLib","Stuff the Spire","The Servant 0.9.4"],"gold_per_floor":[99,118,132,145,145,170,194,194,194],"floor_reached":8,"playtime":371,"items_purged":[],"score":59,"play_id":"3b5f53ad-2415-4aac-8714-1bf0081fd3de","local_time":"20201223184703","is_ascension_mode":true,"campfire_choices":[{"data":"champ:Taunt","floor":1,"key":"SMITH"}],"circlet_count":0,"master_deck":["champ:Strike","champ:Strike","champ:Strike","champ:Strike","champ:Defend","champ:Defend","champ:Defend","champ:Defend","champ:Execute","champ:Taunt+1","champ:Circumvent","champ:PreciseThrust","champ:TornadoPunch","StuffTheSpire:CuriosityCurse","champ:ShieldSigil"],"relics":["champ:ChampionCrown","WingedGreaves","CCEMRelics:CocoNut","Eternal Feather"],"acts_visited":["Exordium"],"potions_floor_usage":[8,8],"damage_taken":[{"damage":9,"enemies":"Jaw Worm","floor":2,"turns":6},{"damage":7,"enemies":"2 Louse","floor":3,"turns":4},{"damage":8,"enemies":"Small Slimes","floor":4,"turns":5},{"damage":38,"enemies":"Replay:BlueRogue","floor":6,"turns":9},{"damage":22,"enemies":"Gremlin Nob","floor":8,"turns":3}],"seed_played":"-5003929988371391198","potions_obtained":[{"floor":2,"key":"AttackPotion"},{"floor":6,"key":"DistilledChaos"}],"is_trial":false,"path_per_floor":["R","M","M","M","?","E","T","E"],"character_chosen":"THE_CHAMP","items_purchased":[],"campfire_rested":0,"item_purchase_floors":[],"current_hp_per_floor":[63,60,58,55,60,22,22,0,0],"gold":194,"neow_bonus":"ONE_RARE_RELIC","is_daily":false,"chose_seed":false,"campfire_upgraded":1,"win_rate":0.0,"timestamp":1608742023,"path_taken":["R","M","M","M","?","E","T","E"],"items_purchased_type":[],"build_version":"2020-12-22","purchased_purges":0,"victory":false,"max_hp_per_floor":[90,90,90,90,95,95,95,95,95],"card_choices":[{"not_picked":["champ:TornadoPunch","champ:Riposte"],"picked":"champ:Circumvent","floor":2},{"not_picked":["champ:RageSigil","champ:GladiatorsShout"],"picked":"champ:PreciseThrust","floor":3},{"not_picked":["champ:AdrenalArmor","champ:Encircle"],"picked":"champ:TornadoPunch","floor":4},{"not_picked":["champ:ShieldThrow","champ:BringItOn"],"picked":"champ:ShieldSigil","floor":6}],"player_experience":211532,"relics_obtained":[{"floor":6,"key":"Eternal Feather"}],"event_choices":[],"is_beta":false,"boss_relics":[],"items_purged_floors":[],"is_endless":false,"potions_floor_spawned":[2,6],"killed_by":"Gremlin Nob","ascension_level":1}}