{"host":"knoo6yq0od847mqf","time":1608752780,"event":{"mods":["BaseMod","Bestiary","CatGirl Mod","Displayed Cursed Tome","Downfall","Hubris","Marisa????????","Minty Spire (QoL Compilation)","Replay The Spire","StSLib","The Alterego","The Bug Knight","The Dragon Tamer"],"gold_per_floor":[116,132,132,149,149,182,199,94,121,121,151,168,168,186,186,299,299,315,36,36,67,67,67],"floor_reached":22,"playtime":879,"items_purged":[],"score":188,"play_id":"19a5690a-58b2-4010-ac65-b57a6b230059","local_time":"20201223204620","is_ascension_mode":false,"campfire_choices":[{"floor":10,"key":"REST"},{"data":"expansioncontent:DecasProtection","floor":13,"key":"SMITH"},{"data":"expansioncontent:DecasProtection","floor":15,"key":"SMITH"}],"circlet_count":0,"master_deck":["Strike_MRS","Strike_MRS+1","Strike_MRS+1","Strike_MRS","Defend_MRS","Defend_MRS","Defend_MRS","Defend_MRS","MasterSpark","UpSweep","HollowMod:QuickDashStart","EnergyFlow","MagicAbsorber","TreasureHunter","ChargingUp","expansioncontent:DecasProtection+1","expansioncontent:DecasProtection+1","WitchOfGreed","IllusionStar","UltimateShortwave","MillisecondPulsars"],"relics":["MiniHakkero","Blue Doll","ReplayTheSpireMod:TigerMarble","hubris:TerracottaHorce","Medical Kit","Replay:WaspNest"],"acts_visited":["Exordium","TheCity"],"potions_floor_usage":[11,18,21],"damage_taken":[{"damage":2,"enemies":"Small Slimes","floor":1,"turns":3},{"damage":0,"enemies":"2 Louse","floor":2,"turns":2},{"damage":1,"enemies":"Cultist","floor":4,"turns":3},{"damage":21,"enemies":"Lagavulin","floor":6,"turns":6},{"damage":13,"enemies":"Large Slime","floor":7,"turns":6},{"damage":6,"enemies":"Gremlin Gang","floor":11,"turns":7},{"damage":4,"enemies":"3 Louse","floor":12,"turns":3},{"damage":13,"enemies":"Exordium Wildlife","floor":14,"turns":5},{"damage":32,"enemies":"Hexaghost","floor":16,"turns":12},{"damage":12,"enemies":"Chosen","floor":18,"turns":6},{"damage":31,"enemies":"2 Thieves","floor":21,"turns":3},{"damage":32,"enemies":"Cultist and Chosen","floor":22,"turns":5}],"seed_played":"5511526674465518429","potions_obtained":[{"floor":1,"key":"Adrenaline Potion"},{"floor":6,"key":"Weak Potion"},{"floor":7,"key":"Reflective Coating"},{"floor":11,"key":"SkillPotion"},{"floor":18,"key":"Strength Potion"}],"is_trial":false,"path_per_floor":["M","M","?","M","?","E","M","$","T","R","M","M","R","M","R","B",null,"M","$","?","M","M"],"character_chosen":"MARISA","items_purchased":["expansioncontent:DecasProtection","WitchOfGreed","MillisecondPulsars","Medical Kit"],"campfire_rested":1,"item_purchase_floors":[8,8,19,19],"current_hp_per_floor":[87,87,69,68,68,47,34,34,34,60,54,50,50,37,37,5,68,56,56,56,25,0,0],"gold":67,"neow_bonus":"TWENTY_PERCENT_HP_BONUS","is_daily":false,"chose_seed":false,"campfire_upgraded":2,"win_rate":0.0,"timestamp":1608752780,"path_taken":["M","M","?","M","?","E","?","$","T","R","M","M","R","M","R","BOSS","M","$","?","M","?"],"items_purchased_type":["Card","Card","Card","Relic"],"build_version":"2020-12-13","purchased_purges":0,"victory":false,"max_hp_per_floor":[89,89,89,89,89,89,89,89,89,89,89,89,89,89,89,89,89,89,89,89,89,89,89],"card_choices":[{"not_picked":["Orbital","UnstableBomb"],"picked":"EnergyFlow","floor":1},{"not_picked":["6A","GravityBeat"],"picked":"MagicAbsorber","floor":2},{"not_picked":["SprinkleStarSeal","ShootTheMoon"],"picked":"TreasureHunter","floor":4},{"not_picked":["LuminesStrike","Orbital","RefractionSpark"],"picked":"SKIP","floor":6},{"not_picked":["MilkyWay","WitchLeyline"],"picked":"ChargingUp","floor":7},{"not_picked":["6A","SporeBomb"],"picked":"IllusionStar","floor":11},{"not_picked":["DoubleSpark","ShootingEcho","MysteriousBeam"],"picked":"SKIP","floor":12},{"not_picked":["TreasureHunter","AsteroidBelt","ShootingEcho"],"picked":"SKIP","floor":14},{"not_picked":["StarDustReverie","TreasureHunter"],"picked":"UltimateShortwave","floor":16},{"not_picked":["MilkyWay+1","WitchOfGreed","PowerUp"],"picked":"SKIP","floor":18},{"not_picked":["DC","MagicAbsorber","IllusionStar"],"picked":"SKIP","floor":21}],"player_experience":206944,"relics_obtained":[{"floor":6,"key":"Blue Doll"},{"floor":9,"key":"ReplayTheSpireMod:TigerMarble"}],"event_choices":[{"damage_healed":0,"gold_gain":0,"player_choice":"Entered Light","damage_taken":18,"max_hp_gain":0,"max_hp_loss":0,"event_name":"Shining Light","floor":3,"gold_loss":0,"cards_upgraded":["Strike_MRS","Strike_MRS"]},{"cards_removed":["alterego_mod:Defend"],"damage_healed":0,"gold_gain":0,"player_choice":"Purged","damage_taken":0,"max_hp_gain":0,"max_hp_loss":0,"event_name":"Purifier","floor":5,"gold_loss":0},{"damage_healed":0,"gold_gain":0,"player_choice":"Gave Potion","damage_taken":0,"relics_obtained":["Replay:WaspNest"],"max_hp_gain":0,"max_hp_loss":0,"event_name":"WeMeetAgain","floor":20,"gold_loss":0}],"is_beta":false,"boss_relics":[{"not_picked":["Replay:Grab Bag","Ring of Chaos"],"picked":"hubris:TerracottaHorce"}],"items_purged_floors":[],"is_endless":false,"potions_floor_spawned":[1,6,7,11,14,18],"killed_by":"Cultist and Chosen","ascension_level":0}}