{"host":"qw1m3zcvi888b4j7","time":1608696197,"event":{"mods":["AchievementEnabler","Act Like it!","BaseMod","Block Reminder","Colored Map","Colored Powertips","Curses Come First","DeckTracker","Hermit","Highlight Path","Hubris","Minty Spire (QoL Compilation)","Quick Restart","Rare Cards Sparkle","Relic Sorter","Relic Stats","Replay The Spire","StSLib","SuperFastMode","The Blue Laboratory","The Cursed","The Servant 0.9.4","everything is the same but u backflip on backflip"],"gold_per_floor":[111,111,123,143,159,159,192,192,216,216,249,261,274,287,287,388,388,408,421,421,421,421],"floor_reached":21,"playtime":849,"items_purged":[],"score":203,"play_id":"010ed7df-bc0b-42af-a178-fb55b8110eae","local_time":"20201223050317","is_ascension_mode":true,"campfire_choices":[{"floor":6,"key":"RECALL"},{"floor":8,"key":"REST"},{"floor":15,"key":"REST"}],"circlet_count":0,"master_deck":["Strike_R","Strike_R","Strike_R","Strike_R","Strike_R","Defend_R","Defend_R","Defend_R","Defend_R","Bash","Whirlwind","Infernal Blade","Sentinel","Abandon","Hemogenesis","Parasite","Thunderclap","ReplayTheSpireMod:LeadingStrike","Armaments","Flex","Feed","Pommel Strike+1","ReplayTheSpireMod:Strike From Hell"],"relics":["Burning Blood","NeowsBlessing","Tiny Chest","ReplayTheSpireMod:Shallot","ChewingGum","Nilry\u0027s Codex"],"acts_visited":["Exordium","TheCity"],"potions_floor_usage":[16,16,19,19],"damage_taken":[{"damage":0,"enemies":"Small Slimes","floor":1,"turns":1},{"damage":0,"enemies":"Cultist","floor":3,"turns":1},{"damage":0,"enemies":"2 Louse","floor":4,"turns":1},{"damage":25,"enemies":"Exordium Wildlife","floor":5,"turns":5},{"damage":31,"enemies":"3 Sentries","floor":7,"turns":4},{"damage":62,"enemies":"Gremlin Nob","floor":11,"turns":5},{"damage":4,"enemies":"3 Louse","floor":12,"turns":3},{"damage":12,"enemies":"Looter","floor":13,"turns":4},{"damage":24,"enemies":"Exordium Wildlife","floor":14,"turns":6},{"damage":29,"enemies":"Fading Forest","floor":16,"turns":11},{"damage":16,"enemies":"Chosen","floor":18,"turns":6},{"damage":26,"enemies":"Spheric Guardian","floor":19,"turns":5},{"damage":56,"enemies":"3 Cultists","floor":21,"turns":5}],"seed_played":"-1097068613735052954","potions_obtained":[{"floor":1,"key":"BloodPotion"},{"floor":2,"key":"blueLaboratory:LimitlessPotion"},{"floor":2,"key":"PowerPotion"},{"floor":16,"key":"Languid Potion"},{"floor":18,"key":"LiquidMemories"},{"floor":19,"key":"blueLaboratory:FruitPreserves"}],"is_trial":false,"path_per_floor":["M","?","M","M","M","R","E","R","T","?","E","M","M","M","R","B",null,"M","M","?","M"],"character_chosen":"IRONCLAD","items_purchased":[],"campfire_rested":2,"item_purchase_floors":[],"current_hp_per_floor":[80,80,80,80,61,61,36,60,60,80,24,31,30,19,43,49,80,75,63,47,0,0],"gold":421,"neow_bonus":"THREE_ENEMY_KILL","is_daily":false,"chose_seed":false,"campfire_upgraded":0,"win_rate":0.0,"timestamp":1608696197,"path_taken":["M","?","M","?","M","R","E","R","T","?","E","M","M","M","R","BOSS","M","M","?","M"],"items_purchased_type":[],"build_version":"2020-12-13","purchased_purges":0,"victory":false,"max_hp_per_floor":[80,80,80,80,80,80,80,80,80,80,80,80,80,80,80,80,80,80,83,83,86,86],"relic_stats":{"counters":[13,57],"Tiny Chest":0,"obtain_stats":[{"NeowsBlessing":0,"ReplayTheSpireMod:Shallot":11,"Nilry\u0027s Codex":20,"Tiny Chest":7,"ChewingGum":17,"Burning Blood":0},{"NeowsBlessing":0,"ReplayTheSpireMod:Shallot":6,"Nilry\u0027s Codex":12,"Tiny Chest":5,"ChewingGum":10,"Burning Blood":0},{"NeowsBlessing":0,"ReplayTheSpireMod:Shallot":17,"Nilry\u0027s Codex":52,"Tiny Chest":12,"ChewingGum":41,"Burning Blood":0}],"Burning Blood":54},"card_choices":[{"not_picked":["Hemokinesis","ReplayTheSpireMod:Strike From Hell"],"picked":"Whirlwind","floor":1},{"not_picked":["Perfected Strike","Warcry"],"picked":"Infernal Blade","floor":3},{"not_picked":["Pommel Strike","Rage"],"picked":"Sentinel","floor":4},{"not_picked":["Evolve","Shrug It Off"],"picked":"Abandon","floor":5},{"not_picked":["Twin Strike","Heavy Blade"],"picked":"Hemogenesis","floor":7},{"not_picked":["Headbutt","Heavy Blade"],"picked":"Thunderclap","floor":11},{"not_picked":["Seeing Red","Pommel Strike"],"picked":"ReplayTheSpireMod:LeadingStrike","floor":12},{"not_picked":["Fiend Fire","True Grit"],"picked":"Armaments","floor":13},{"not_picked":["Clothesline","Armaments"],"picked":"Flex","floor":14},{"not_picked":["Brutality","Exhume"],"picked":"Feed","floor":16},{"not_picked":["Replay:Undeath\u0027s Touch","Searing Blow"],"picked":"Pommel Strike+1","floor":18},{"not_picked":["Body Slam","Headbutt"],"picked":"ReplayTheSpireMod:Strike From Hell","floor":19}],"player_experience":124281,"relics_obtained":[{"floor":7,"key":"Tiny Chest"},{"floor":11,"key":"ReplayTheSpireMod:Shallot"},{"floor":20,"key":"Nilry\u0027s Codex"}],"event_choices":[{"damage_healed":0,"gold_gain":0,"player_choice":"Got Potions","damage_taken":0,"max_hp_gain":0,"max_hp_loss":0,"event_name":"Lab","floor":2,"gold_loss":0},{"damage_healed":20,"gold_gain":0,"player_choice":"Healed and dodged fight","damage_taken":0,"max_hp_gain":0,"max_hp_loss":0,"event_name":"Mushrooms","floor":10,"gold_loss":0,"cards_obtained":["Parasite"]},{"damage_healed":0,"gold_gain":0,"player_choice":"Obtained Book","damage_taken":16,"max_hp_gain":0,"max_hp_loss":0,"event_name":"Cursed Tome","floor":20,"gold_loss":0}],"is_beta":false,"boss_relics":[{"not_picked":["hubris:TerracottaHorce","Runic Dome"],"picked":"ChewingGum"}],"items_purged_floors":[],"is_endless":false,"potions_floor_spawned":[1,4,11,14,16,18,19],"killed_by":"3 Cultists","ascension_level":1}}