{"host":"imcnvgdpyln3vfnc","time":1608702682,"event":{"mods":["BaseMod","Colored Map","Colored Powertips","Minty Spire (QoL Compilation)","Rare Cards Sparkle","StSLib","The Forsaken","The Servant 0.9.4","everything is the same but u backflip on backflip"],"gold_per_floor":[115,133,58,58,77,77,177,237,260,287,307,27,40,50,50,149,199,213,213,230,56,56,83,83,111,111,128,128,140,151,151,151,151,151],"floor_reached":33,"playtime":17225,"items_purged":["Strike_R","Defend_R","Strike_R"],"score":351,"play_id":"704725a5-9bbc-4fb4-833b-227d72fdbe38","local_time":"20201223005122","is_ascension_mode":true,"campfire_choices":[{"data":"Anger","floor":6.0,"key":"SMITH"},{"data":"Carnage","floor":15.0,"key":"SMITH"},{"data":"Entrench","floor":24.0,"key":"SMITH"},{"floor":28.0,"key":"REST"},{"floor":32.0,"key":"REST"}],"circlet_count":1,"master_deck":["Strike_R","Strike_R","Defend_R","Defend_R","Defend_R","Bash","Anger+1","Intimidate","Body Slam","Wild Strike","Sentinel","Metallicize","Iron Wave","Carnage+1","Double Tap+1","Shrug It Off","Twin Strike","J.A.X.","Entrench+1","Flex","Ghostly Armor","Seeing Red","Cleave"],"relics":["Burning Blood","Pen Nib","Pocketwatch","Circlet","Self Forming Clay","Anchor","Tiny House","Spirit Poop","Strawberry","theForsaken:ScaryMask","Mummified Hand"],"acts_visited":[],"potions_floor_usage":[33,33],"damage_taken":[{"damage":3.0,"enemies":"2 Louse","floor":1.0,"turns":4.0},{"damage":2.0,"enemies":"Small Slimes","floor":2.0,"turns":3.0},{"damage":1.0,"enemies":"Cultist","floor":5.0,"turns":3.0},{"damage":16.0,"enemies":"Gremlin Nob","floor":8.0,"turns":3.0},{"damage":37.0,"enemies":"Lagavulin","floor":10.0,"turns":6.0},{"damage":13.0,"enemies":"Gremlin Gang","floor":11.0,"turns":6.0},{"damage":2.0,"enemies":"2 Fungi Beasts","floor":13.0,"turns":3.0},{"damage":1.0,"enemies":"Looter","floor":14.0,"turns":2.0},{"damage":11.0,"enemies":"Slime Boss","floor":16.0,"turns":7.0},{"damage":14.0,"enemies":"Spheric Guardian","floor":18.0,"turns":3.0},{"damage":12.0,"enemies":"3 Byrds","floor":20.0,"turns":5.0},{"damage":24.0,"enemies":"Slavers","floor":23.0,"turns":4.0},{"damage":16.0,"enemies":"Book of Stabbing","floor":25.0,"turns":7.0},{"damage":14.0,"enemies":"3 Cultists","floor":27.0,"turns":5.0},{"damage":13.0,"enemies":"Snecko","floor":29.0,"turns":3.0},{"damage":26.0,"enemies":"Snake Plant","floor":30.0,"turns":6.0},{"damage":67,"enemies":"Collector","floor":33,"turns":5}],"seed_played":"-4492369896529119965","potions_obtained":[{"floor":2.0,"key":"PowerPotion"},{"floor":5.0,"key":"ColorlessPotion"},{"floor":10.0,"key":"Energy Potion"},{"floor":16.0,"key":"Strength Potion"},{"floor":17.0,"key":"LiquidBronze"},{"floor":18.0,"key":"GamblersBrew"},{"floor":20.0,"key":"HeartOfIron"},{"floor":25.0,"key":"DistilledChaos"},{"floor":30.0,"key":"SkillPotion"}],"is_trial":false,"path_per_floor":["M","M","$","?","M","R","?","E","T","E","M","$","M","M","R","B",null,"M","?","M","$","?","E","R","E","T","M","R","M","M","?","R","B"],"character_chosen":"IRONCLAD","items_purchased":["Anchor","Metallicize","Flex"],"campfire_rested":2,"item_purchase_floors":[12,12,21],"current_hp_per_floor":[80,80,80,80,80,80,80,70,70,39,32,32,36,41,41,36,85,77,77,71,71,71,60,60,50,50,42,69,62,42,24,53,0,0],"gold":151,"neow_bonus":"REMOVE_CARD","is_daily":false,"chose_seed":false,"campfire_upgraded":3,"win_rate":0.0,"timestamp":1608702682,"path_taken":["M","M","$","?","M","R","?","E","T","E","?","$","?","M","R","BOSS","M","?","M","$","?","E","R","E","T","M","R","M","?","?","R","BOSS"],"items_purchased_type":["Relic","Card","Card"],"build_version":"2020-12-13","purchased_purges":3,"victory":false,"max_hp_per_floor":[80,80,80,80,80,80,80,80,80,80,80,80,80,80,80,80,85,85,85,85,85,85,92,92,92,92,92,92,92,92,97,97,97,97],"card_choices":[{"not_picked":["Evolve","Bloodletting"],"picked":"Anger","floor":1.0},{"not_picked":["Armaments","Rage"],"picked":"Intimidate","floor":2.0},{"not_picked":["Dark Embrace","Rupture"],"picked":"Body Slam","floor":5.0},{"not_picked":["Feed","Disarm"],"picked":"Wild Strike","floor":8.0},{"not_picked":["Cleave","Iron Wave"],"picked":"Sentinel","floor":10.0},{"not_picked":["True Grit","Clothesline","Whirlwind"],"picked":"SKIP","floor":11.0},{"not_picked":["Wild Strike","Warcry"],"picked":"Iron Wave","floor":13.0},{"not_picked":["Anger","Pommel Strike"],"picked":"Carnage","floor":14.0},{"not_picked":["Bludgeon","Limit Break"],"picked":"Double Tap","floor":16.0},{"not_picked":["Rampage","Rupture"],"picked":"Shrug It Off","floor":17.0},{"not_picked":["Blood for Blood","Sentinel"],"picked":"Twin Strike","floor":18.0},{"not_picked":["Intimidate","Headbutt"],"picked":"Entrench","floor":20.0},{"not_picked":["Rage","Pommel Strike"],"picked":"Ghostly Armor","floor":23.0},{"not_picked":["Shrug It Off","Sword Boomerang"],"picked":"Seeing Red","floor":25.0},{"not_picked":["Evolve","Twin Strike"],"picked":"Cleave","floor":27.0},{"not_picked":["Brutality","Clothesline","True Grit"],"picked":"SKIP","floor":29.0},{"not_picked":["Heavy Blade","Perfected Strike","Anger"],"picked":"SKIP","floor":30.0}],"player_experience":208794,"relics_obtained":[{"floor":8.0,"key":"Pocketwatch"},{"floor":9.0,"key":"Circlet"},{"floor":10.0,"key":"Self Forming Clay"},{"floor":23.0,"key":"Strawberry"},{"floor":25.0,"key":"theForsaken:ScaryMask"},{"floor":26.0,"key":"Mummified Hand"}],"event_choices":[{"damage_healed":0.0,"max_hp_gain":0.0,"max_hp_loss":0.0,"gold_gain":0.0,"event_name":"Big Fish","player_choice":"Box","floor":4.0,"gold_loss":0.0,"damage_taken":0.0,"relics_obtained":["Pen Nib"],"cards_obtained":["Regret"]},{"damage_healed":0.0,"max_hp_gain":0.0,"max_hp_loss":0.0,"gold_gain":100.0,"event_name":"Golden Shrine","player_choice":"Pray","floor":7.0,"gold_loss":0.0,"damage_taken":0.0},{"damage_healed":0.0,"max_hp_gain":0.0,"max_hp_loss":0.0,"gold_gain":0.0,"event_name":"Drug Dealer","player_choice":"Obtain J.A.X.","floor":19.0,"gold_loss":0.0,"damage_taken":0.0,"cards_obtained":["J.A.X."]},{"cards_removed":["Regret"],"damage_healed":0.0,"max_hp_gain":0.0,"max_hp_loss":0.0,"gold_gain":0.0,"event_name":"Bonfire Elementals","player_choice":"Offered Curse","floor":22.0,"gold_loss":0.0,"damage_taken":0.0,"relics_obtained":["Spirit Poop"]},{"damage_healed":0.0,"max_hp_gain":5.0,"max_hp_loss":0.0,"gold_gain":0.0,"event_name":"Forgotten Altar","player_choice":"Shed Blood","floor":31.0,"gold_loss":0.0,"damage_taken":23.0}],"is_beta":false,"boss_relics":[{"not_picked":["Runic Pyramid","Circlet"],"picked":"Tiny House"}],"items_purged_floors":[3,12,21],"is_endless":false,"potions_floor_spawned":[2,5,10,16,18,20,25,30],"killed_by":"Collector","ascension_level":2}}