{"host":"vb6wt0mawj2xz8v4","time":1608757332,"event":{"mods":["AchievementEnabler","Aspiration","BaseMod","Hermit","Highlight Path","Hubris","Jorbs\u0027s Wanderer Trilogy","Minty Spire (QoL Compilation)","Quick Restart","Replay The Spire","Shop Mod","StSLib","SuperFastMode","The Cursed","The Disciple","The Hierophant","The Jungle"],"gold_per_floor":[119,294,313,1,1,32,32,32,85,120,120,140,157,184,184,287,287,299,128,128,128,403,436,454,470,549,563,55,69,82,110,110,214,214,225,277,277,295,310,329,329,347,347,373,383,383,383,402,402,402,402],"floor_reached":50,"playtime":1732,"items_purged":["Doubt"],"score":771,"play_id":"763f993c-6b0f-4bdd-a7d3-9c1ab966a704","local_time":"20201223160212","is_ascension_mode":true,"campfire_choices":[{"data":"Apotheosis","floor":8,"key":"SMITH"},{"data":"hermit:Maintenance","floor":11,"key":"SMITH"},{"floor":15,"key":"REST"},{"floor":32,"key":"REST"},{"floor":41,"key":"REST"},{"floor":46,"key":"REST"},{"floor":49,"key":"REST"}],"circlet_count":0,"master_deck":["hermit:Strike_Hermit+1","hermit:Strike_Hermit","hermit:Strike_Hermit","hermit:Strike_Hermit","hermit:Defend_Hermit","hermit:Defend_Hermit","hermit:Defend_Hermit","hermit:Defend_Hermit","hermit:Snapshot+1","hermit:Gestalt","hermit:Maintenance+1","Apotheosis+1","Backflip+1","Hidden Blade","Slice","hermit:WideOpen","Injury","hermit:Malice+1","hermit:TakeCover+1","hermit:CalledShot+1","hermit:Quickdraw+1","hermit:Purgatory+1","hermit:BodyArmor+1","hermit:Misfire+1","hermit:HighCaliber+1","Regret","hermit:Quickdraw+1","hermit:Headshot+1","hermit:Headshot+1","hermit:GoldenBullet+1","hermit:FullyLoaded+1","hermit:Vantage+1","hermit:SprayPray+1","hermit:HighCaliber+1","hermit:Roughhouse+1","Coolheaded+1","Steam+1","Leap","Sweeping Beam+1","Parasite","Reprogram","hermit:Enervate+1","Ball Lightning+1","hermit:CalledShot+1","Echo Form","hubris:NaturalOne"],"relics":["hermit:Momento","Dead Branch","ClockworkSouvenir","Akabeko","Molten Egg 2","ReplayTheSpireMod:Lightbulb","Replay:Baseball","hubris:OldNail","Philosopher\u0027s Stone","theJungle:BirthdayCake","Replay:Rubber Ducky","Pear","Ginger","Sling","Gremlin Food","aspiration:DefectSkillbook","Durian","Mango","Unceasing Top","hubris:Icosahedron"],"acts_visited":["Exordium","Exordium","TheBeyond"],"potions_floor_usage":[18,31,33,36,44,48,50,50],"damage_taken":[{"damage":6,"enemies":"Cultist","floor":1,"turns":3},{"damage":7,"enemies":"Jaw Worm","floor":3,"turns":2},{"damage":24,"enemies":"Lagavulin","floor":6,"turns":9},{"damage":1,"enemies":"Gremlin Nob","floor":10,"turns":3},{"damage":0,"enemies":"2 Louse","floor":12,"turns":2},{"damage":1,"enemies":"Looter","floor":13,"turns":2},{"damage":12,"enemies":"Lagavulin","floor":14,"turns":7},{"damage":29,"enemies":"The Guardian","floor":16,"turns":9},{"damage":1,"enemies":"theJungle:GiantWrat","floor":18,"turns":3},{"damage":2,"enemies":"theJungle:Cassacara","floor":23,"turns":5},{"damage":0,"enemies":"theJungle:MUSHROOMGANG","floor":24,"turns":2},{"damage":1,"enemies":"theJungle:2_Snecko_Cultists","floor":25,"turns":3},{"damage":46,"enemies":"theJungle:JungleHuntersEncounter","floor":27,"turns":4},{"damage":26,"enemies":"Snake Plant","floor":29,"turns":3},{"damage":19,"enemies":"theJungle:Snecko_Cultist_And_Trap","floor":30,"turns":3},{"damage":0,"enemies":"theJungle:2_Phrogs","floor":31,"turns":3},{"damage":18,"enemies":"theJungle:QueenSpyder","floor":33,"turns":9},{"damage":4,"enemies":"3 Shapes","floor":35,"turns":3},{"damage":52,"enemies":"2 Orb Walkers","floor":36,"turns":4},{"damage":1,"enemies":"Orb Walker","floor":38,"turns":2},{"damage":6,"enemies":"Transient","floor":39,"turns":5},{"damage":12,"enemies":"Writhing Mass","floor":40,"turns":6},{"damage":0,"enemies":"Spire Growth","floor":42,"turns":4},{"damage":4,"enemies":"Giant Head","floor":44,"turns":7},{"damage":37,"enemies":"4 Shapes","floor":45,"turns":4},{"damage":12,"enemies":"3 Darklings","floor":48,"turns":3},{"damage":122,"enemies":"Donu and Deca","floor":50,"turns":10}],"seed_played":"-4649314733457661401","potions_obtained":[{"floor":3,"key":"SteroidPotion"},{"floor":6,"key":"GamblersBrew"},{"floor":10,"key":"ColorlessPotion"},{"floor":24,"key":"Swift Potion"},{"floor":38,"key":"GamblersBrew"},{"floor":40,"key":"Regen Potion"},{"floor":42,"key":"SkillPotion"},{"floor":48,"key":"Energy Potion"}],"is_trial":false,"path_per_floor":["M","?","M","$","?","E","?","R","T","E","R","M","M","E","R","B",null,"M","$","?","?","?","E","M","M","T","M","$","M","M","E","R","B",null,"M","?","?","M","M","M","R","M","T","E","M","R","?","M","R","B"],"character_chosen":"HERMIT","items_purchased":["Apotheosis","ClockworkSouvenir","hermit:Misfire+1","hermit:HighCaliber+1","Ginger","Sling","hermit:FullyLoaded"],"campfire_rested":5,"item_purchase_floors":[4,4,19,19,28,28,28],"current_hp_per_floor":[69,69,62,62,62,38,38,38,38,37,37,37,36,24,46,17,75,74,74,74,94,94,92,92,91,101,55,55,29,10,10,41,23,105,101,54,54,53,47,35,68,68,82,93,56,93,93,81,118,0,0],"gold":402,"neow_bonus":"ONE_RARE_RELIC","is_daily":false,"chose_seed":false,"campfire_upgraded":2,"win_rate":0.0,"timestamp":1608757332,"path_taken":["M","?","M","$","?","E","?","R","T","E","R","M","M","E","R","BOSS","M","$","?","?","?","E","M","M","T","M","$","M","?","E","R","BOSS","M","?","?","M","?","M","R","M","T","E","M","R","?","M","R","BOSS"],"items_purchased_type":["Card","Relic","Card","Card","Relic","Relic","Card"],"build_version":"2020-12-22","purchased_purges":1,"victory":false,"max_hp_per_floor":[75,75,75,75,75,75,75,75,75,75,75,75,75,75,75,75,75,75,75,75,95,95,95,95,95,105,105,105,105,105,105,105,105,105,105,110,110,110,110,110,110,110,124,124,124,124,124,124,124,124,124],"card_choices":[{"not_picked":["hermit:Quickdraw","hermit:Cheat"],"picked":"hermit:Gestalt","floor":1},{"not_picked":["hermit:HighCaliber","hermit:TrackingShot"],"picked":"hermit:Maintenance","floor":3},{"not_picked":["hermit:BodyArmor","hermit:Snipe"],"picked":"hermit:WideOpen","floor":6},{"not_picked":["hermit:EyeOfTheStorm","hermit:Roughhouse+1"],"picked":"hermit:Malice+1","floor":10},{"not_picked":["hermit:Combo","hermit:Coalescence"],"picked":"hermit:TakeCover","floor":12},{"not_picked":["hermit:Showdown+1","hermit:Maintenance"],"picked":"hermit:CalledShot+1","floor":13},{"not_picked":["hermit:SprayPray+1","hermit:Shortfuse+1"],"picked":"hermit:Quickdraw+1","floor":14},{"not_picked":["hermit:Magnum+1","hermit:Adapt"],"picked":"hermit:Purgatory+1","floor":16},{"not_picked":["hermit:ItchyTrigger+1","hermit:Maintenance"],"picked":"hermit:BodyArmor+1","floor":18},{"not_picked":["hermit:Misfire+1","hermit:EyeOfTheStorm"],"picked":"hermit:Quickdraw+1","floor":23},{"not_picked":["hermit:EyeOfTheStorm","hermit:Vantage"],"picked":"hermit:Headshot+1","floor":24},{"not_picked":["hermit:BodyArmor","hermit:BigShot"],"picked":"hermit:Headshot+1","floor":25},{"not_picked":["hermit:HoleUp","hermit:Snipe"],"picked":"hermit:GoldenBullet+1","floor":27},{"not_picked":["hermit:Quickdraw+1","hermit:Roughhouse+1"],"picked":"hermit:Vantage+1","floor":29},{"not_picked":["hermit:Vantage","hermit:GhostlyPresence"],"picked":"hermit:SprayPray+1","floor":30},{"not_picked":["hermit:FromBeyond","hermit:CalledShot+1"],"picked":"hermit:HighCaliber+1","floor":31},{"not_picked":["hermit:Magnum+1","hermit:Gambit"],"picked":"hermit:Roughhouse+1","floor":33},{"not_picked":["hermit:Midnight","hermit:TrackingShot+1","Fusion+1"],"picked":"Coolheaded+1","floor":35},{"not_picked":["hermit:Feint+1","hermit:GoldenBullet+1","hermit:Ricochet+1"],"picked":"Steam+1","floor":36},{"not_picked":["Heatsinks","Coolheaded","hermit:LowProfile"],"picked":"Leap","floor":38},{"not_picked":["Double Energy+1","Beam Cell+1","hermit:BodyArmor+1"],"picked":"Sweeping Beam+1","floor":39},{"not_picked":["hermit:Shortfuse+1","hermit:TrackingShot+1","Self Repair"],"picked":"Reprogram","floor":40},{"not_picked":["hermit:Ricochet+1","hermit:Dive","Leap"],"picked":"hermit:Enervate+1","floor":42},{"not_picked":["hermit:Feint","hermit:GoldenBullet+1","hermit:ShadowCloak"],"picked":"Ball Lightning+1","floor":44},{"not_picked":["ReplayTheSpireMod:GoodbyeWorld","Steam","hermit:Misfire+1"],"picked":"hermit:CalledShot+1","floor":45},{"not_picked":["Steam","Redo","Leap+1"],"picked":"Echo Form","floor":48}],"player_experience":450593,"relics_obtained":[{"floor":6,"key":"Akabeko"},{"floor":9,"key":"ReplayTheSpireMod:Lightbulb"},{"floor":10,"key":"Replay:Baseball"},{"floor":14,"key":"hubris:OldNail"},{"floor":23,"key":"Replay:Rubber Ducky"},{"floor":26,"key":"Pear"},{"floor":31,"key":"Gremlin Food"},{"floor":36,"key":"Durian"},{"floor":43,"key":"Mango"},{"floor":44,"key":"Unceasing Top"}],"event_choices":[{"damage_healed":0,"gold_gain":175,"player_choice":"AGREE","damage_taken":0,"max_hp_gain":0,"max_hp_loss":0,"event_name":"Liars Game","floor":2,"gold_loss":0,"cards_obtained":["Doubt"]},{"damage_healed":0,"gold_gain":275,"player_choice":"Desecrate","damage_taken":0,"max_hp_gain":0,"max_hp_loss":0,"event_name":"Golden Shrine","floor":22,"gold_loss":0,"cards_obtained":["Regret"]},{"damage_healed":0,"gold_gain":0,"player_choice":"Fight","damage_taken":0,"max_hp_gain":0,"max_hp_loss":0,"event_name":"Mysterious Sphere","floor":36,"gold_loss":0},{"damage_healed":0,"gold_gain":0,"player_choice":"Upgraded","damage_taken":0,"max_hp_gain":0,"max_hp_loss":0,"event_name":"Upgrade Shrine","floor":37,"gold_loss":0,"cards_upgraded":["hermit:FullyLoaded"]}],"is_beta":false,"boss_relics":[{"not_picked":["SacredBark","Velvet Choker"],"picked":"Philosopher\u0027s Stone"},{"not_picked":["Runic Dome","hermit:BartenderGlass"],"picked":"aspiration:DefectSkillbook"}],"items_purged_floors":[19],"is_endless":false,"potions_floor_spawned":[3,6,10,24,25,30,38,40,42,48],"killed_by":"Donu and Deca","ascension_level":4}}