{"host":"03a85bwj0a5skoit","time":1608706974,"event":{"mods":["BaseMod","Block Reminder","Minty Spire (QoL Compilation)","Relic Stats","StSLib"],"gold_per_floor":[119,119,138,156,168,168,196,196,196,226,238,250,274,286,298,400,412,449,386,414,426,452,464,476,476],"floor_reached":24,"playtime":624,"items_purged":[],"score":461,"play_id":"02d9ae47-b8c8-4ab8-b87c-2b4cd7bdd195","local_time":"20201223173254","is_ascension_mode":true,"campfire_choices":[{"data":"Vigilance","floor":6,"key":"SMITH"},{"data":"PathToVictory","floor":8,"key":"SMITH"},{"data":"PathToVictory","floor":12,"key":"SMITH"},{"data":"Perseverance","floor":15,"key":"SMITH"}],"circlet_count":0,"master_deck":["AscendersBane","Strike_P","Strike_P","Defend_P","Defend_P","Defend_P","Eruption","Vigilance+1","FlyingSleeves","PathToVictory+1","PathToVictory+1","PathToVictory","PathToVictory","Perseverance+1","Establishment","Meditate","Ghostly","Ghostly","Ghostly"],"relics":["Empty Cage","Juzu Bracelet","Singing Bowl","MawBank","Golden Idol","SlaversCollar"],"acts_visited":["Exordium","TheCity"],"potions_floor_usage":[18,23,23],"damage_taken":[{"damage":1,"enemies":"2 Louse","floor":1,"turns":4},{"damage":0,"enemies":"Small Slimes","floor":3,"turns":2},{"damage":0,"enemies":"Jaw Worm","floor":4,"turns":2},{"damage":0,"enemies":"Large Slime","floor":5,"turns":4},{"damage":11,"enemies":"Gremlin Nob","floor":7,"turns":3},{"damage":1,"enemies":"3 Louse","floor":10,"turns":3},{"damage":7,"enemies":"Gremlin Gang","floor":13,"turns":3},{"damage":7,"enemies":"The Guardian","floor":16,"turns":6},{"damage":9,"enemies":"Shell Parasite","floor":18,"turns":3},{"damage":27,"enemies":"2 Thieves","floor":20,"turns":4},{"damage":1,"enemies":"Centurion and Healer","floor":22,"turns":6},{"damage":0,"enemies":"Gremlin Leader","floor":23,"turns":2},{"damage":43,"enemies":"Shelled Parasite and Fungi","floor":24,"turns":3}],"seed_played":"-1908844937156723075","potions_obtained":[{"floor":7,"key":"Block Potion"},{"floor":16,"key":"SkillPotion"},{"floor":20,"key":"SmokeBomb"}],"is_trial":false,"path_per_floor":["M","?","M","M","M","R","E","R","T","M","$","R","M","?","R","B",null,"M","?","M","?","M","E","M"],"character_chosen":"WATCHER","items_purchased":[],"campfire_rested":0,"item_purchase_floors":[],"current_hp_per_floor":[60,49,49,49,49,49,40,40,40,39,39,39,32,32,32,25,54,47,47,20,20,21,21,0,0],"gold":476,"neow_bonus":"BOSS_RELIC","is_daily":false,"chose_seed":false,"campfire_upgraded":4,"win_rate":0.0,"timestamp":1608706974,"path_taken":["M","?","M","M","M","R","E","R","T","M","$","R","M","?","R","BOSS","M","?","M","?","M","E","M"],"items_purchased_type":[],"build_version":"2020-12-22","purchased_purges":0,"victory":false,"max_hp_per_floor":[68,68,68,68,68,68,70,70,70,70,70,70,70,63,63,63,63,65,65,65,32,34,34,34,34],"relic_stats":{"Singing Bowl":6,"counters":[13,45],"Golden Idol":37,"Juzu Bracelet":0,"MawBank":180,"obtain_stats":[{"SlaversCollar":17,"Singing Bowl":7,"Golden Idol":14,"Juzu Bracelet":2,"PureWater":0,"Empty Cage":0,"MawBank":9},{"SlaversCollar":8,"Singing Bowl":5,"Golden Idol":7,"Juzu Bracelet":1,"PureWater":0,"Empty Cage":0,"MawBank":5},{"SlaversCollar":27,"Singing Bowl":15,"Golden Idol":21,"Juzu Bracelet":4,"PureWater":0,"Empty Cage":0,"MawBank":15}]},"card_choices":[{"not_picked":["Halt","LikeWater"],"picked":"FlyingSleeves","floor":1},{"not_picked":["Study","Crescendo"],"picked":"PathToVictory","floor":3},{"not_picked":["Prostrate","BowlingBash"],"picked":"PathToVictory","floor":4},{"not_picked":["LikeWater","ClearTheMind"],"picked":"PathToVictory","floor":5},{"not_picked":["SandsOfTime","CrushJoints","Sanctity"],"picked":"Singing Bowl","floor":7},{"not_picked":["Swivel","Collect"],"picked":"PathToVictory","floor":10},{"not_picked":["Wireheading","WaveOfTheHand"],"picked":"Perseverance","floor":13},{"not_picked":["ConjureBlade","Wish"],"picked":"Establishment","floor":16},{"not_picked":["ClearTheMind","CutThroughFate","BowlingBash+1"],"picked":"Singing Bowl","floor":18},{"not_picked":["Prostrate","BowlingBash"],"picked":"Meditate","floor":20},{"not_picked":["JustLucky","ReachHeaven","FollowUp"],"picked":"Singing Bowl","floor":22}],"player_experience":2300380,"relics_obtained":[{"floor":7,"key":"Singing Bowl"},{"floor":9,"key":"MawBank"}],"event_choices":[{"damage_healed":0,"gold_gain":0,"player_choice":"Success","damage_taken":11,"relics_obtained":["Juzu Bracelet"],"max_hp_gain":0,"max_hp_loss":0,"event_name":"Scrap Ooze","floor":2,"gold_loss":0},{"damage_healed":0,"gold_gain":0,"player_choice":"Lose Max HP","damage_taken":0,"relics_obtained":["Golden Idol"],"max_hp_gain":0,"max_hp_loss":7,"event_name":"Golden Idol","floor":14,"gold_loss":0},{"cards_removed":["Strike_P"],"damage_healed":0,"gold_gain":0,"player_choice":"Gave Gold","damage_taken":0,"max_hp_gain":0,"max_hp_loss":0,"event_name":"Beggar","floor":19,"gold_loss":75},{"damage_healed":0,"gold_gain":0,"player_choice":"Became a Ghost","damage_taken":0,"max_hp_gain":0,"max_hp_loss":33,"event_name":"Ghosts","floor":21,"gold_loss":0,"cards_obtained":["Ghostly","Ghostly","Ghostly"]}],"is_beta":false,"boss_relics":[{"not_picked":["Black Star","Tiny House"],"picked":"SlaversCollar"}],"items_purged_floors":[],"is_endless":false,"potions_floor_spawned":[7,16,20],"killed_by":"Shelled Parasite and Fungi","ascension_level":20}}