{"host":"mqhvlr3kpxebko0t","time":1608735359,"event":{"mods":["AchievementEnabler","BaseMod","Colored Map","Keyboard Shortcuts","Minty Spire (QoL Compilation)","StSLib","SuperFastMode"],"gold_per_floor":[113,113,38,56,56,56,84,97,97,97,113,126,126,157,157,157,157],"floor_reached":16,"playtime":167,"items_purged":["Strike_R"],"score":270,"play_id":"ba37b72b-14c3-4300-a228-9ad033c55437","local_time":"20201223235559","is_ascension_mode":true,"campfire_choices":[{"floor":6,"key":"RECALL"},{"data":"Blood for Blood","floor":10,"key":"SMITH"},{"data":"Body Slam","floor":15,"key":"SMITH"}],"circlet_count":0,"master_deck":["AscendersBane","Strike_R","Strike_R","Strike_R","Defend_R","Defend_R","Defend_R","Defend_R","Bash+1","Shrug It Off+1","Blood for Blood+1","Body Slam+1","Evolve"],"relics":["Burning Blood","NeowsBlessing","Incense Burner","Paper Frog","Tiny Chest"],"acts_visited":["Exordium"],"potions_floor_usage":[12,14],"damage_taken":[{"damage":0,"enemies":"2 Louse","floor":1,"turns":1},{"damage":0,"enemies":"Cultist","floor":4,"turns":1},{"damage":0,"enemies":"3 Sentries","floor":7,"turns":2},{"damage":7,"enemies":"Small Slimes","floor":8,"turns":4},{"damage":20,"enemies":"Gremlin Gang","floor":11,"turns":5},{"damage":7,"enemies":"Exordium Thugs","floor":12,"turns":4},{"damage":28,"enemies":"Lagavulin","floor":14,"turns":7},{"damage":0,"enemies":"The Guardian","floor":16,"turns":2}],"seed_played":"6211356994514778447","potions_obtained":[{"floor":1,"key":"DistilledChaos"},{"floor":7,"key":"BlessingOfTheForge"},{"floor":8,"key":"PowerPotion"}],"is_trial":false,"path_per_floor":["M","?","$","M","?","R","E","M","T","R","M","M","?","E","R","B"],"character_chosen":"IRONCLAD","items_purchased":[],"campfire_rested":0,"item_purchase_floors":[],"current_hp_per_floor":[74,74,74,75,75,75,75,74,74,74,60,59,59,37,37,37,37],"gold":157,"neow_bonus":"THREE_ENEMY_KILL","is_daily":false,"chose_seed":false,"campfire_upgraded":2,"win_rate":0.0,"timestamp":1608735359,"path_taken":["M","?","$","?","?","R","E","?","T","R","M","?","?","E","R","BOSS"],"items_purchased_type":[],"build_version":"2020-12-22","purchased_purges":1,"victory":false,"max_hp_per_floor":[75,75,75,75,75,75,75,75,75,75,75,75,75,75,75,75,75],"card_choices":[{"not_picked":["Sever Soul","Infernal Blade"],"picked":"Shrug It Off","floor":1},{"not_picked":["Thunderclap","Twin Strike","Clash"],"picked":"SKIP","floor":4},{"not_picked":["Sentinel","Clothesline"],"picked":"Blood for Blood","floor":7},{"not_picked":["Feel No Pain","Cleave"],"picked":"Body Slam","floor":8},{"not_picked":["Body Slam","Sword Boomerang"],"picked":"Evolve","floor":11},{"not_picked":["Clash","Warcry","Armaments"],"picked":"SKIP","floor":12},{"not_picked":["Juggernaut","Perfected Strike","True Grit"],"picked":"SKIP","floor":14}],"player_experience":680452,"relics_obtained":[{"floor":7,"key":"Incense Burner"},{"floor":9,"key":"Paper Frog"},{"floor":14,"key":"Tiny Chest"}],"event_choices":[{"damage_healed":0,"gold_gain":0,"player_choice":"Upgraded","damage_taken":0,"max_hp_gain":0,"max_hp_loss":0,"event_name":"Upgrade Shrine","floor":2,"gold_loss":0,"cards_upgraded":["Bash"]},{"damage_healed":0,"gold_gain":0,"player_choice":"Forge","damage_taken":0,"max_hp_gain":0,"max_hp_loss":0,"event_name":"Accursed Blacksmith","floor":5,"gold_loss":0,"cards_upgraded":["Shrug It Off"]},{"cards_removed":["Strike_R"],"damage_healed":0,"gold_gain":0,"player_choice":"Purged","damage_taken":0,"max_hp_gain":0,"max_hp_loss":0,"event_name":"Purifier","floor":13,"gold_loss":0}],"is_beta":false,"boss_relics":[],"items_purged_floors":[3],"is_endless":false,"potions_floor_spawned":[1,7,8],"killed_by":"The Guardian","ascension_level":20}}