{"host":"dt8tt9y5uobrbn6j","time":1609835219,"event":{"mods":["ATMod(阿瑾Mod)","Act Like it!","Aspiration","BaseMod","Better Third Choice","BetterRewards","Card Forge","Colored Powertips","Conspire","Hubris","Infinite Spire","Minty Spire (QoL Compilation)","Quick Restart","Relic Stats","Retaliation","Shop Mod","StSLib","The Marked","残留之物","篝火指南"],"gold_per_floor":[116,191,47,47,62,90,90,90,90,90,105,135,135,154,154,257,257,271,271,288,302,321,321,321],"floor_reached":23,"playtime":1331,"items_purged":["PlaceholderMod:BaseStrike"],"score":201,"play_id":"10040f54-4364-4eb4-bd58-549de9fabfb4","local_time":"20210105162659","is_ascension_mode":false,"campfire_choices":[{"data":"AT_FamilyPortrait","floor":7.0,"key":"SMITH"},{"data":"PlaceholderMod:Inner","floor":10.0,"key":"SMITH"},{"data":"PlaceholderMod:EvolutionSpray","floor":15.0,"key":"SMITH"}],"circlet_count":0,"master_deck":["PlaceholderMod:BaseStrike","PlaceholderMod:BaseStrike","PlaceholderMod:BaseStrike","PlaceholderMod:BaseDefend","PlaceholderMod:BaseDefend","PlaceholderMod:BaseDefend","PlaceholderMod:BaseDefend","PlaceholderMod:BaseDefend","PlaceholderMod:Crystal","PlaceholderMod:PoisonWhip","AT_FamilyPortrait+1","PlaceholderMod:DissolvingSpikes","PlaceholderMod:BlastSpray","PlaceholderMod:ParasiteChange","PlaceholderMod:Inner+1","PlaceholderMod:RadicalHit","PlaceholderMod:EvolutionSpray+1","PlaceholderMod:GrowthForm"],"relics":["PlaceholderMod:Tancle","Hammer of Thor","Seething Fire","Anvil of the Gods","AT_ATBox","Centennial Puzzle","Darkstone Periapt","MealTicket","aspiration:FutureDiary","PrismaticShard"],"acts_visited":["Exordium","TheCity"],"potions_floor_usage":[20],"damage_taken":[{"damage":0.0,"enemies":"Jaw Worm","floor":1.0,"turns":6.0},{"damage":0.0,"enemies":"Cultist","floor":5.0,"turns":2.0},{"damage":8.0,"enemies":"Gremlin Nob","floor":6.0,"turns":3.0},{"damage":0.0,"enemies":"Small Slimes","floor":11.0,"turns":3.0},{"damage":19.0,"enemies":"3 Sentries","floor":12.0,"turns":4.0},{"damage":6.0,"enemies":"conspire:2 RoseBushes","floor":14.0,"turns":5.0},{"damage":38.0,"enemies":"Hexaghost","floor":16.0,"turns":7.0},{"damage":7.0,"enemies":"Chosen","floor":18.0,"turns":4.0},{"damage":31,"enemies":"2 Thieves","floor":20,"turns":4},{"damage":10,"enemies":"Snecko","floor":21,"turns":4},{"damage":23,"enemies":"Chosen and Byrds","floor":22,"turns":5},{"damage":21,"enemies":"Nightmare","floor":23,"turns":5}],"seed_played":"2499301539287634316","potions_obtained":[{"floor":1.0,"key":"Strength Potion"},{"floor":6.0,"key":"CultistPotion"},{"floor":11.0,"key":"Fruit Juice"},{"floor":14.0,"key":"Dexterity Potion"}],"is_trial":false,"path_per_floor":["M","?","$","T","M","E","R","$","T","R","M","E","$","M","R","B",null,"M","?","M","M","M","NM"],"character_chosen":"THE_PLACEHOLDER","items_purchased":["PlaceholderMod:BlastSpray"],"campfire_rested":0,"item_purchase_floors":[3],"current_hp_per_floor":[85,77,77,77,77,69,69,69,69,69,69,50,65,64,64,26,90,83,75,44,34,11,0,0],"gold":321,"neow_bonus":"TEN_PERCENT_HP_BONUS","is_daily":false,"chose_seed":false,"campfire_upgraded":3,"win_rate":0.0,"timestamp":1609835219,"path_taken":["M","?","?","?","?","E","R","$","T","R","M","E","?","M","R","BOSS","M","?","M","M","M","NM"],"items_purchased_type":["Card"],"build_version":"2020-12-22","purchased_purges":1,"victory":false,"max_hp_per_floor":[85,85,85,85,85,85,85,85,85,85,85,85,85,90,90,90,90,90,90,90,90,90,90,90],"relic_stats":{"Darkstone Periapt":0,"Centennial Puzzle":[24],"counters":[12,52],"MealTicket":15,"obtain_stats":[{"Darkstone Periapt":9,"PlaceholderMod:Tancle":0,"Centennial Puzzle":6,"AT_ATBox":0,"Anvil of the Gods":0,"MealTicket":12,"Hammer of Thor":0,"Seething Fire":0,"aspiration:FutureDiary":17,"PrismaticShard":19},{"Darkstone Periapt":3,"PlaceholderMod:Tancle":0,"Centennial Puzzle":3,"AT_ATBox":0,"Anvil of the Gods":0,"MealTicket":5,"Hammer of Thor":0,"Seething Fire":0,"aspiration:FutureDiary":7,"PrismaticShard":8},{"Darkstone Periapt":11,"PlaceholderMod:Tancle":0,"Centennial Puzzle":11,"AT_ATBox":0,"Anvil of the Gods":0,"MealTicket":18,"Hammer of Thor":0,"Seething Fire":0,"aspiration:FutureDiary":30,"PrismaticShard":34}]},"card_choices":[{"not_picked":["PlaceholderMod:Sweep","PlaceholderMod:Internalization"],"picked":"PlaceholderMod:DissolvingSpikes","floor":1.0},{"not_picked":["PlaceholderMod:StressReaction","PlaceholderMod:PoisonExcitation"],"picked":"PlaceholderMod:ParasiteChange","floor":5.0},{"not_picked":["PlaceholderMod:DiffusionChemical","PlaceholderMod:StressReaction"],"picked":"PlaceholderMod:Inner","floor":6.0},{"not_picked":["PlaceholderMod:PoisonExcitation","PlaceholderMod:OHStrongAttack"],"picked":"PlaceholderMod:RadicalHit","floor":11.0},{"not_picked":["PlaceholderMod:Sweep","PlaceholderMod:BlastSpray","PlaceholderMod:SpinBlade"],"picked":"SKIP","floor":12.0},{"not_picked":["PlaceholderMod:AttackAsDefend","PlaceholderMod:ParasiteChange"],"picked":"PlaceholderMod:EvolutionSpray","floor":14.0},{"not_picked":["PlaceholderMod:Activation","PlaceholderMod:HornyCollision"],"picked":"PlaceholderMod:GrowthForm","floor":16.0},{"not_picked":["PlaceholderMod:HardStinger","PlaceholderMod:Internalization","PlaceholderMod:Turn+1"],"picked":"SKIP","floor":18.0},{"not_picked":["theMarked:CreepingChasm","Hologram","Rebound"],"picked":"SKIP","floor":20},{"not_picked":["PlaceholderMod:DiffusionChemical","Iron Wave+1","PlaceholderMod:SevereHeat"],"picked":"SKIP","floor":21},{"not_picked":["CutThroughFate+1","AT_ThreeBodyProblem","AT_IrregularMenstruation"],"picked":"SKIP","floor":22}],"player_experience":806637,"relics_obtained":[{"floor":6.0,"key":"Centennial Puzzle"},{"floor":9.0,"key":"Darkstone Periapt"},{"floor":12.0,"key":"MealTicket"},{"floor":19.0,"key":"PrismaticShard"}],"event_choices":[{"damage_healed":0.0,"max_hp_gain":0.0,"max_hp_loss":0.0,"gold_gain":75.0,"event_name":"FaceTrader","player_choice":"Touch","floor":2.0,"gold_loss":0.0,"damage_taken":8.0}],"is_beta":false,"boss_relics":[{"not_picked":["hubris:HollowSoul","hubris:ScarierMask"],"picked":"aspiration:FutureDiary"}],"items_purged_floors":[3],"is_endless":false,"potions_floor_spawned":[1,6,11,14,18],"killed_by":"Nightmare","ascension_level":0}}