{"host":"2461dio7vetlq1z3","time":1609886660,"event":{"mods":["2.2 Compatiblity","AchievementEnabler","BaseMod","Better Third Choice","Friendly Minions","Minty Spire (QoL Compilation)","Relic Stats","Spicy Shops","StSLib","The Marked","Waifu the Spire"],"gold_per_floor":[166,166,184,202,39,39,57,84,111,127,127,154,154,171,171,242,242,253,268,35,50,63,63,90,90,114,114,141,141,155,169,169,247,247,265,265,265,101,112,137,147,147,147,176,176,191,191,191,191,191,191,191],"floor_reached":51,"playtime":2639,"items_purged":["Pain","Strike_G"],"score":1589,"play_id":"cf74ea65-5e09-4202-aea5-b8a29f7b08f5","local_time":"20210105234420","is_ascension_mode":true,"campfire_choices":[{"data":"Bouncing Flask","floor":6,"key":"SMITH"},{"data":"Footwork","floor":11,"key":"SMITH"},{"floor":13,"key":"REST"},{"data":"Caltrops","floor":15,"key":"SMITH"},{"data":"Adrenaline","floor":23,"key":"SMITH"},{"data":"Sucker Punch","floor":25,"key":"SMITH"},{"data":"Footwork","floor":27,"key":"SMITH"},{"floor":29,"key":"REST"},{"data":"Noxious Fumes","floor":32,"key":"SMITH"},{"data":"Malaise","floor":42,"key":"SMITH"},{"floor":45,"key":"REST"},{"floor":49,"key":"RECALL"}],"circlet_count":0,"master_deck":["AscendersBane","Strike_G","Strike_G+1","Strike_G","Strike_G","Defend_G","Defend_G","Defend_G","Defend_G","Defend_G","Survivor","Neutralize","Caltrops+1","Endless Agony","Crippling Poison+1","Blur","Bouncing Flask+1","Footwork+1","Heel Hook","Dash","Sucker Punch+1","Deflect","Adrenaline+1","Deflect+1","Footwork+1","Slice+1","Calculated Gamble","Outmaneuver+1","Flying Knee+1","Noxious Fumes+1","Malaise+1","CurseOfTheBell","Deflect","Bandage Up","Writhe","Parasite","Deflect","PiercingWail+1","Bouncing Flask+1","Outmaneuver","Doubt"],"relics":["Tiny House","WarpedTongs","PreservedInsect","Toy Ornithopter","Tiny Chest","Runic Pyramid","Snake Skull","Bottled Lightning","Smiling Mask","Pear","Calling Bell","Potion Belt","Blue Candle","Du-Vu Doll","Paper Crane","Blood Vial","War Paint","Frozen Egg 2"],"acts_visited":["Exordium","TheCity","TheBeyond"],"potions_floor_usage":[10,14,22,28,33,40,44],"damage_taken":[{"damage":3,"enemies":"2 Louse","floor":1,"turns":3},{"damage":5,"enemies":"Cultist","floor":3,"turns":4},{"damage":8,"enemies":"Small Slimes","floor":4,"turns":5},{"damage":4,"enemies":"2 Fungi Beasts","floor":7,"turns":3},{"damage":14,"enemies":"3 Sentries","floor":8,"turns":10},{"damage":3,"enemies":"Blue Slaver","floor":10,"turns":2},{"damage":27,"enemies":"Gremlin Nob","floor":12,"turns":4},{"damage":4,"enemies":"Looter","floor":14,"turns":3},{"damage":10,"enemies":"Hexaghost","floor":16,"turns":8},{"damage":0,"enemies":"3 Byrds","floor":18,"turns":2},{"damage":1,"enemies":"Spheric Guardian","floor":19,"turns":7},{"damage":10,"enemies":"Centurion and Healer","floor":21,"turns":10},{"damage":11,"enemies":"Sentry and Sphere","floor":22,"turns":7},{"damage":28,"enemies":"Gremlin Leader","floor":24,"turns":7},{"damage":28,"enemies":"Slavers","floor":28,"turns":5},{"damage":1,"enemies":"Shelled Parasite and Fungi","floor":30,"turns":6},{"damage":1,"enemies":"Centurion and Healer","floor":31,"turns":7},{"damage":13,"enemies":"Automaton","floor":33,"turns":11},{"damage":12,"enemies":"3 Shapes","floor":35,"turns":6},{"damage":3,"enemies":"Orb Walker","floor":39,"turns":3},{"damage":45,"enemies":"Reptomancer","floor":40,"turns":7},{"damage":1,"enemies":"4 Shapes","floor":41,"turns":6},{"damage":54,"enemies":"Giant Head","floor":44,"turns":9},{"damage":7,"enemies":"3 Darklings","floor":46,"turns":3},{"damage":66,"enemies":"Time Eater","floor":50,"turns":16},{"damage":32,"enemies":"Donu and Deca","floor":51,"turns":2}],"seed_played":"4436997417523862758","potions_obtained":[{"floor":0,"key":"FairyPotion"},{"floor":1,"key":"FearPotion"},{"floor":12,"key":"Energy Potion"},{"floor":16,"key":"Explosive Potion"},{"floor":18,"key":"Fruit Juice"},{"floor":22,"key":"Explosive Potion"},{"floor":28,"key":"SneckoOil"},{"floor":30,"key":"ColorlessPotion"},{"floor":41,"key":"AttackPotion"},{"floor":44,"key":"Fire Potion"}],"is_trial":false,"path_per_floor":["M","?","M","M","$","R","M","E","T","M","R","E","R","M","R","B",null,"M","M","$","M","M","R","E","R","T","R","E","R","M","M","R","B",null,"M","?","?","$","M","E","M","R","T","E","R","M","T","?","R","B","B"],"character_chosen":"THE_SILENT","items_purchased":["Bouncing Flask","Footwork","Snake Skull","Paper Crane"],"campfire_rested":3,"item_purchase_floors":[5,20,20,38],"current_hp_per_floor":[61,61,56,48,48,48,44,30,30,32,32,5,26,27,27,17,58,58,57,57,47,46,46,18,18,18,18,32,57,56,55,55,47,76,64,59,76,76,73,37,42,42,42,1,26,21,21,86,86,24,0,0],"gold":191,"neow_bonus":"BOSS_RELIC","is_daily":false,"chose_seed":false,"campfire_upgraded":8,"win_rate":0.0,"timestamp":1609886660,"path_taken":["M","?","M","M","$","R","M","E","T","M","R","E","R","?","R","BOSS","M","M","$","M","M","R","E","R","T","R","E","R","M","M","R","BOSS","M","?","?","$","M","E","M","R","T","E","R","M","?","?","R","BOSS","BOSS"],"items_purchased_type":["Card","Card","Relic","Relic"],"build_version":"2020-12-22","purchased_purges":2,"victory":false,"max_hp_per_floor":[71,71,71,71,71,71,71,71,71,71,71,71,71,71,71,71,71,71,71,71,71,76,76,76,76,76,76,86,86,86,86,86,86,86,86,86,86,86,86,86,86,86,86,86,86,86,86,86,86,86,86,86],"relic_stats":{"Blood Vial":8,"counters":[26,156],"Blue Candle":[8],"Tiny Chest":1,"PreservedInsect":307,"Snake Skull":[140],"War Paint":["Outmaneuver","Crippling Poison"],"Smiling Mask":50,"obtain_stats":[{"Potion Belt":34,"Tiny House":0,"Pear":28,"Blue Candle":34,"PreservedInsect":8,"Snake Skull":20,"Paper Crane":38,"War Paint":44,"Frozen Egg 2":47,"Smiling Mask":26,"WarpedTongs":2,"Calling Bell":34,"Du-Vu Doll":34,"Blood Vial":40,"Tiny Chest":12,"Bottled Lightning":24,"Toy Ornithopter":9,"Ring of the Snake":0,"Runic Pyramid":17},{"Potion Belt":18,"Tiny House":0,"Pear":15,"Blue Candle":18,"PreservedInsect":5,"Snake Skull":11,"Paper Crane":19,"War Paint":23,"Frozen Egg 2":24,"Smiling Mask":14,"WarpedTongs":1,"Calling Bell":18,"Du-Vu Doll":18,"Blood Vial":21,"Tiny Chest":7,"Bottled Lightning":14,"Toy Ornithopter":5,"Ring of the Snake":0,"Runic Pyramid":9},{"Potion Belt":104,"Tiny House":0,"Pear":80,"Blue Candle":104,"PreservedInsect":25,"Snake Skull":51,"Paper Crane":110,"War Paint":135,"Frozen Egg 2":138,"Smiling Mask":75,"WarpedTongs":3,"Calling Bell":104,"Du-Vu Doll":104,"Blood Vial":120,"Tiny Chest":31,"Bottled Lightning":75,"Toy Ornithopter":25,"Ring of the Snake":0,"Runic Pyramid":42}],"Toy Ornithopter":35,"WarpedTongs":[151]},"card_choices":[{"not_picked":["Deflect","Accuracy"],"picked":"Caltrops","floor":0},{"not_picked":["Reflex","Slice"],"picked":"Endless Agony","floor":1},{"not_picked":["All Out Attack","Sucker Punch"],"picked":"Crippling Poison","floor":3},{"not_picked":["Cloak And Dagger","Sucker Punch"],"picked":"Blur","floor":4},{"not_picked":["Distraction","Poisoned Stab"],"picked":"Footwork","floor":7},{"not_picked":["Endless Agony","Prepared"],"picked":"Heel Hook","floor":8},{"not_picked":["Deflect","Skewer"],"picked":"Dash","floor":10},{"not_picked":["Distraction","Poisoned Stab"],"picked":"Sucker Punch","floor":12},{"not_picked":["Unload","Outmaneuver"],"picked":"Deflect","floor":14},{"not_picked":["Wraith Form v2","After Image"],"picked":"Adrenaline","floor":16},{"not_picked":["Dodge and Roll","Bane"],"picked":"Deflect+1","floor":18},{"not_picked":["Bane","Leg Sweep","Dash"],"picked":"SKIP","floor":19},{"not_picked":["Acrobatics","Distraction","Backstab"],"picked":"SKIP","floor":21},{"not_picked":["Bane","Prepared"],"picked":"Slice+1","floor":22},{"not_picked":["Prepared","Poisoned Stab"],"picked":"Calculated Gamble","floor":24},{"not_picked":["Bouncing Flask","Bane"],"picked":"Outmaneuver","floor":28},{"not_picked":["Riddle With Holes","Prepared"],"picked":"Flying Knee+1","floor":30},{"not_picked":["Deflect","Dagger Spray"],"picked":"Noxious Fumes","floor":31},{"not_picked":["Glass Knife","Unload"],"picked":"Malaise","floor":33},{"not_picked":["Finisher","Dagger Throw"],"picked":"Deflect","floor":35},{"not_picked":["Dramatic Entrance","Swift Strike"],"picked":"Bandage Up","floor":36},{"not_picked":["Acrobatics","Cloak And Dagger","Backflip"],"picked":"SKIP","floor":39},{"not_picked":["Dagger Spray","Quick Slash"],"picked":"Deflect","floor":40},{"not_picked":["Underhanded Strike","Unload"],"picked":"PiercingWail+1","floor":41},{"not_picked":["Predator","Backstab"],"picked":"Bouncing Flask+1","floor":44},{"not_picked":["Cloak And Dagger","Underhanded Strike"],"picked":"Outmaneuver","floor":46}],"player_experience":1069474,"relics_obtained":[{"floor":8,"key":"PreservedInsect"},{"floor":9,"key":"Toy Ornithopter"},{"floor":12,"key":"Tiny Chest"},{"floor":24,"key":"Bottled Lightning"},{"floor":26,"key":"Smiling Mask"},{"floor":28,"key":"Pear"},{"floor":34,"key":"Potion Belt"},{"floor":34,"key":"Blue Candle"},{"floor":34,"key":"Du-Vu Doll"},{"floor":40,"key":"Blood Vial"},{"floor":44,"key":"War Paint"},{"floor":47,"key":"Frozen Egg 2"}],"event_choices":[{"damage_healed":0,"gold_gain":0,"player_choice":"Rummage","damage_taken":0,"relics_obtained":["WarpedTongs"],"max_hp_gain":0,"max_hp_loss":0,"event_name":"Accursed Blacksmith","floor":2,"gold_loss":0,"cards_obtained":["Pain"]},{"damage_healed":0,"gold_gain":0,"player_choice":"Memory 2","damage_taken":5,"max_hp_gain":0,"max_hp_loss":0,"event_name":"SensoryStone","floor":36,"gold_loss":0},{"damage_healed":17,"gold_gain":0,"player_choice":"Writhe","damage_taken":0,"max_hp_gain":0,"max_hp_loss":0,"event_name":"Winding Halls","floor":37,"gold_loss":0,"cards_obtained":["Writhe"]},{"damage_healed":65,"gold_gain":0,"player_choice":"Heal","damage_taken":0,"max_hp_gain":0,"max_hp_loss":0,"event_name":"MindBloom","floor":48,"gold_loss":0,"cards_obtained":["Doubt"]}],"is_beta":false,"boss_relics":[{"not_picked":["Velvet Choker","Astrolabe"],"picked":"Runic Pyramid"},{"not_picked":["WristBlade","Runic Dome"],"picked":"Calling Bell"}],"items_purged_floors":[5,38],"is_endless":false,"potions_floor_spawned":[1,7,8,12,16,18,22,28,30,41,44],"killed_by":"Donu and Deca","ascension_level":20}}