{"host":"fdmexzkyss3ff9bv","time":1609878966,"event":{"mods":["BaseMod","Beaked The Cultist","BetterRewards","Downfall","Glutton Mod","Halation","Hubris","Infinite Spire","Minty Spire (QoL Compilation)","Replay The Spire","StSLib","The Animator","The Blackbeard","The Bug Knight","The Construct","The Mystic","The Servant 0.9.4","The Witch"],"gold_per_floor":[116,116,116,116,126,126,143,154,154,169,186,43,43,62,162,165,165,83,96,96,96,105,105,39,39,64,64,78,78,93,103,103,205,205,233,233,40,40,40],"floor_reached":38,"playtime":2705,"items_purged":[],"score":711,"play_id":"923ebfc2-740a-47c6-ac0e-857ac1f50fb9","local_time":"20210105213606","is_ascension_mode":false,"campfire_choices":[{"floor":23,"key":"REST"},{"floor":25,"key":"REST"},{"floor":29,"key":"REST"},{"floor":32,"key":"REST"}],"circlet_count":0,"master_deck":["Strike_G","Strike_G","Defend_G","Defend_G","Defend_G+1","Defend_G","Defend_G","Survivor","Neutralize","ReplayTheSpireMod:Speed Training","Tools of the Trade","Neutralize","ReplayTheSpireMod:Scrap Shanks","Cloak And Dagger","Acrobatics","Endless Agony","Tactician","Accuracy","Backflip","Adrenaline","Distraction","hubris:SlightOfHand","expansioncontent:Chronoboost+1","ReplayTheSpireMod:IOU","ReplayTheSpireMod:IOU","ReplayTheSpireMod:IOU","ReplayTheSpireMod:IOU","ReplayTheSpireMod:IOU","hubris:SlightOfHand+1","ReplayTheSpireMod:Scrap Shanks+1","Unload","Necronomicurse","Acrobatics","Dagger Spray","Distraction","Storm of Steel","Bane+1","Bullet Time+1","After Image+1","Hidden Blade","ReplayTheSpireMod:IOU","ReplayTheSpireMod:IOU","ReplayTheSpireMod:IOU","hubris:Sniper+1","Tactician+1","Infinite Blades+1"],"relics":["hubris:ToyBattleship","Sizzling Blood","Replay:Wax Seal","halation:Sosunser","HollowMod:StagPassRelic","Fusion Hammer","halation:VictoryRuler","Regal Pillow","hubris:TenFootPole","Necronomicon","infinitespire:EvilPickle","Astrolabe","infinitespire:Satchel","TheAbacus"],"acts_visited":["Exordium","TheCity","TheBeyond"],"potions_floor_usage":[11,18,24,35,38],"damage_taken":[{"damage":2,"enemies":"Small Slimes","floor":1,"turns":4},{"damage":0,"enemies":"2 Louse","floor":5,"turns":3},{"damage":8,"enemies":"Jaw Worm","floor":7,"turns":4},{"damage":1,"enemies":"Red Slaver","floor":8,"turns":6},{"damage":8,"enemies":"2 Fungi Beasts","floor":10,"turns":4},{"damage":3,"enemies":"3 Louse","floor":11,"turns":3},{"damage":5,"enemies":"Large Slime","floor":14,"turns":7},{"damage":26,"enemies":"Slime Boss","floor":16,"turns":6},{"damage":23,"enemies":"2 Thieves","floor":18,"turns":5},{"damage":18,"enemies":"Spheric Guardian","floor":19,"turns":4},{"damage":32,"enemies":"Book of Stabbing","floor":24,"turns":5},{"damage":32,"enemies":"Centurion and Healer","floor":28,"turns":5},{"damage":18,"enemies":"Chosen and Byrds","floor":30,"turns":5},{"damage":28,"enemies":"Sentry and Sphere","floor":31,"turns":5},{"damage":39,"enemies":"Pondfish","floor":33,"turns":5},{"damage":67,"enemies":"3 Shapes","floor":35,"turns":6},{"damage":11,"enemies":"Orb Walker","floor":38,"turns":2}],"seed_played":"-9007151358565668729","potions_obtained":[{"floor":1,"key":"Poison Potion"},{"floor":7,"key":"BlessingOfTheForge"},{"floor":14,"key":"SteroidPotion"},{"floor":18,"key":"Doom Potion"},{"floor":30,"key":"BlessingOfTheForge"},{"floor":31,"key":"Doom Potion"},{"floor":35,"key":"Elixir"}],"is_trial":false,"path_per_floor":["M","?","?","?","M","?","M","M","T","M","M","$","?","M","R","B",null,"M","M","?","?","$","R","E","R","T","?","M","R","M","M","R","B",null,"M","?","$","M"],"character_chosen":"THE_SILENT","items_purchased":["halation:Sosunser","HollowMod:StagPassRelic","Accuracy","expansioncontent:Chronoboost","halation:VictoryRuler","hubris:SlightOfHand","ReplayTheSpireMod:Scrap Shanks","infinitespire:Satchel","TheAbacus","hubris:Sniper","Tactician","Infinite Blades"],"campfire_rested":4,"item_purchase_floors":[12,12,12,22,22,22,22,37,37,37,37,37],"current_hp_per_floor":[68,72,72,72,74,49,45,48,48,44,45,45,45,44,44,22,74,55,41,41,41,41,63,35,72,72,65,37,74,60,36,73,38,74,11,11,11,0,0],"gold":40,"neow_bonus":"RANDOM_COMMON_RELIC","is_daily":false,"chose_seed":false,"campfire_upgraded":0,"win_rate":0.0,"timestamp":1609878966,"path_taken":["M","?","?","?","?","?","M","M","T","M","M","$","?","M","R","BOSS","M","M","?","?","$","R","E","R","T","?","M","R","M","M","R","BOSS","M","?","$","M"],"items_purchased_type":["Relic","Relic","Card","Card","Relic","Card","Card","Relic","Relic","Card","Card","Card"],"build_version":"2020-12-13","purchased_purges":0,"victory":false,"max_hp_per_floor":[70,74,74,74,74,74,74,74,74,74,74,74,74,74,74,74,74,74,74,74,74,74,74,74,74,74,74,74,74,74,74,74,74,74,74,74,74,74,74],"card_choices":[{"not_picked":["ReplayTheSpireMod:Shiv Toss","Bane"],"picked":"Poisoned Stab","floor":1},{"not_picked":["Blade Dance","Heel Hook"],"picked":"ReplayTheSpireMod:Scrap Shanks","floor":5},{"not_picked":["PiercingWail","Hidden Blade"],"picked":"Cloak And Dagger","floor":7},{"not_picked":["Flechettes","Deadly Poison"],"picked":"Acrobatics","floor":8},{"not_picked":["Hidden Blade","Prepared"],"picked":"Endless Agony","floor":10},{"not_picked":["Slice","Dodge and Roll"],"picked":"Tactician","floor":11},{"not_picked":["Slice","Deadly Poison"],"picked":"Backflip","floor":14},{"not_picked":["Bullet Time","Burst"],"picked":"Adrenaline","floor":16},{"not_picked":["Bouncing Flask","Backflip+1"],"picked":"Distraction","floor":18},{"not_picked":["Dash","Dagger Spray"],"picked":"hubris:SlightOfHand","floor":19},{"not_picked":["Prepared+1","Cloak And Dagger"],"picked":"Unload","floor":24},{"not_picked":["Deflect","PiercingWail"],"picked":"Acrobatics","floor":28},{"not_picked":["Catalyst","Deadly Poison"],"picked":"Dagger Spray","floor":30},{"not_picked":["Dodge and Roll","PiercingWail"],"picked":"Distraction","floor":31},{"not_picked":["Envenom","Phantasmal Killer"],"picked":"Storm of Steel","floor":33},{"not_picked":["Dagger Spray","Noxious Fumes+1"],"picked":"Hidden Blade","floor":35}],"player_experience":70868,"relics_obtained":[{"floor":24,"key":"Regal Pillow"},{"floor":26,"key":"hubris:TenFootPole"},{"floor":27,"key":"Necronomicon"}],"event_choices":[{"damage_healed":0,"gold_gain":0,"player_choice":"3 cards matched","damage_taken":0,"max_hp_gain":0,"max_hp_loss":0,"event_name":"Match and Keep!","floor":4,"gold_loss":0,"cards_obtained":["ReplayTheSpireMod:Speed Training","Tools of the Trade","Neutralize"]},{"damage_healed":0,"gold_gain":0,"player_choice":"Success","damage_taken":25,"relics_obtained":["Replay:Wax Seal"],"max_hp_gain":0,"max_hp_loss":0,"event_name":"Scrap Ooze","floor":6,"gold_loss":0},{"damage_healed":0,"gold_gain":0,"player_choice":"Obtained Book","damage_taken":16,"max_hp_gain":0,"max_hp_loss":0,"event_name":"Cursed Tome","floor":27,"gold_loss":0},{"cards_removed":["Poisoned Stab"],"damage_healed":0,"gold_gain":0,"player_choice":"Removed Attack","damage_taken":0,"max_hp_gain":0,"max_hp_loss":0,"event_name":"Falling","floor":36,"gold_loss":0}],"is_beta":false,"boss_relics":[{"not_picked":["SacredBark","ReplayTheSpireMod:DimensionalGlitch"],"picked":"Fusion Hammer"},{"not_picked":["hubris:VirtuousBlindfold","Replay:Drink Me"],"picked":"Astrolabe"}],"items_purged_floors":[],"is_endless":false,"potions_floor_spawned":[1,7,14,18,30,31,33,35],"killed_by":"Orb Walker","ascension_level":0}}