{"host":"6bsan6hkua32tfq7","time":1609807432,"event":{"mods":["BaseMod","Better Third Choice","Colored Map","Highlight Path","Minty Spire (QoL Compilation)","StSLib"],"gold_per_floor":[115,40,40,52,52,52,64,64,87,130,155,184,216,238,250,341,353,343,229,261,291,303,342,354,380,418,458,470,470],"floor_reached":28,"playtime":828,"items_purged":[],"score":599,"play_id":"89167a45-3a20-4ebb-ab11-afea27599c53","local_time":"20210105014352","is_ascension_mode":true,"campfire_choices":[{"data":"TalkToTheHand","floor":6.0,"key":"SMITH"},{"data":"Eruption","floor":8.0,"key":"SMITH"},{"data":"Wallop","floor":15.0,"key":"SMITH"},{"data":"Wallop","floor":24.0,"key":"SMITH"}],"circlet_count":0,"master_deck":["AscendersBane","Defend_P","Defend_P+1","Defend_P","Eruption+1","Vigilance","FearNoEvil","TalkToTheHand+1","Consecrate+1","Wallop+1","Wallop+1","LessonLearned","Prostrate+1","Bite+1","Bite+1","Bite+1","Bite+1","Bite+1","Prostrate","Protect"],"relics":["PureWater","Vajra","MawBank","Torii","SlaversCollar","Molten Egg 2","Ginger","Nunchaku","Tiny Chest"],"acts_visited":["Exordium","TheCity"],"potions_floor_usage":[],"damage_taken":[{"damage":3.0,"enemies":"2 Louse","floor":1.0,"turns":4.0},{"damage":3.0,"enemies":"Small Slimes","floor":4.0,"turns":4.0},{"damage":0.0,"enemies":"Cultist","floor":7.0,"turns":2.0},{"damage":21.0,"enemies":"3 Sentries","floor":10.0,"turns":9.0},{"damage":1.0,"enemies":"Gremlin Gang","floor":11.0,"turns":2.0},{"damage":1.0,"enemies":"Exordium Wildlife","floor":12.0,"turns":2.0},{"damage":0.0,"enemies":"Red Slaver","floor":13.0,"turns":2.0},{"damage":1.0,"enemies":"Looter","floor":14.0,"turns":2.0},{"damage":12.0,"enemies":"The Guardian","floor":16.0,"turns":12.0},{"damage":12.0,"enemies":"2 Thieves","floor":18.0,"turns":4.0},{"damage":0.0,"enemies":"Chosen","floor":20.0,"turns":3.0},{"damage":35.0,"enemies":"Snecko","floor":21.0,"turns":8.0},{"damage":30.0,"enemies":"Slavers","floor":23.0,"turns":7.0},{"damage":9.0,"enemies":"Centurion and Healer","floor":25.0,"turns":6.0},{"damage":0,"enemies":"Gremlin Leader","floor":27,"turns":4},{"damage":91,"enemies":"Cultist and Chosen","floor":28,"turns":5}],"seed_played":"5142764484692203038","potions_obtained":[{"floor":3.0,"key":"DuplicationPotion"},{"floor":3.0,"key":"SkillPotion"},{"floor":11.0,"key":"BlessingOfTheForge"},{"floor":13.0,"key":"Swift Potion"},{"floor":14.0,"key":"Weak Potion"},{"floor":21.0,"key":"FairyPotion"},{"floor":25.0,"key":"FearPotion"}],"is_trial":false,"path_per_floor":["M","?","?","M","$","R","M","R","T","E","M","M","M","M","R","B",null,"M","?","M","M","?","E","R","M","T","E","M"],"character_chosen":"WATCHER","items_purchased":[],"campfire_rested":0,"item_purchase_floors":[],"current_hp_per_floor":[58,58,58,55,55,55,55,55,55,34,33,32,32,31,31,19,56,44,44,44,9,9,27,27,33,33,47,0,0],"gold":470,"neow_bonus":"RANDOM_COMMON_RELIC","is_daily":false,"chose_seed":false,"campfire_upgraded":4,"win_rate":0.0,"timestamp":1609807432,"path_taken":["M","?","?","?","$","R","M","R","T","E","M","?","M","M","R","BOSS","M","?","?","M","?","E","R","M","T","E","M"],"items_purchased_type":[],"build_version":"2020-12-22","purchased_purges":0,"victory":false,"max_hp_per_floor":[68,68,68,68,68,68,68,68,68,68,68,68,68,68,68,68,68,68,68,68,68,47,47,47,47,47,47,47,47],"card_choices":[{"not_picked":["CutThroughFate","Indignation"],"picked":"FearNoEvil","floor":1.0},{"not_picked":["FollowUp","SashWhip"],"picked":"TalkToTheHand","floor":4.0},{"not_picked":["Weave","Crescendo"],"picked":"Consecrate","floor":7.0},{"not_picked":["CutThroughFate","FlurryOfBlows"],"picked":"Wallop","floor":10.0},{"not_picked":["Weave","Crescendo","PathToVictory"],"picked":"SKIP","floor":11.0},{"not_picked":["Halt","Vengeance"],"picked":"Wallop","floor":12.0},{"not_picked":["BowlingBash","WreathOfFlame","Omniscience"],"picked":"SKIP","floor":13.0},{"not_picked":["Crescendo","JustLucky","ClearTheMind"],"picked":"SKIP","floor":14.0},{"not_picked":["Crescendo","JustLucky","ClearTheMind"],"picked":"SKIP","floor":14.0},{"not_picked":["Wish","Judgement"],"picked":"LessonLearned","floor":16.0},{"not_picked":["ThirdEye","Evaluate","Halt"],"picked":"SKIP","floor":18.0},{"not_picked":["FlyingSleeves+1","Evaluate","Indignation"],"picked":"SKIP","floor":20.0},{"not_picked":["ReachHeaven+1","Consecrate+1"],"picked":"Prostrate+1","floor":21.0},{"not_picked":["Evaluate","FollowUp+1","EmptyFist+1"],"picked":"SKIP","floor":23.0},{"not_picked":["FlurryOfBlows+1","PathToVictory+1"],"picked":"Prostrate","floor":25.0},{"not_picked":["LessonLearned+1","Conclude+1"],"picked":"Protect","floor":27}],"player_experience":5253809,"relics_obtained":[{"floor":9.0,"key":"MawBank"},{"floor":10.0,"key":"Torii"},{"floor":23.0,"key":"Ginger"},{"floor":26.0,"key":"Nunchaku"},{"floor":27,"key":"Tiny Chest"}],"event_choices":[{"cards_removed":["Defend_P"],"damage_healed":0.0,"max_hp_gain":0.0,"max_hp_loss":0.0,"gold_gain":0.0,"event_name":"The Cleric","player_choice":"Card Removal","floor":2.0,"gold_loss":75.0,"damage_taken":0.0},{"damage_healed":0.0,"max_hp_gain":0.0,"max_hp_loss":0.0,"gold_gain":0.0,"event_name":"Lab","player_choice":"Got Potions","floor":3.0,"gold_loss":0.0,"damage_taken":0.0},{"damage_healed":0.0,"max_hp_gain":0.0,"max_hp_loss":0.0,"gold_gain":0.0,"event_name":"WeMeetAgain","player_choice":"Paid Gold","floor":19.0,"gold_loss":126.0,"damage_taken":0.0,"relics_obtained":["Molten Egg 2"]},{"damage_healed":0.0,"max_hp_gain":0.0,"max_hp_loss":21.0,"gold_gain":0.0,"event_name":"Vampires","player_choice":"Became a vampire","floor":22.0,"gold_loss":0.0,"damage_taken":0.0,"cards_obtained":["Bite","Bite","Bite","Bite","Bite"]}],"is_beta":false,"boss_relics":[{"not_picked":["Runic Dome","SacredBark"],"picked":"SlaversCollar"}],"items_purged_floors":[],"is_endless":false,"potions_floor_spawned":[4,7,11,13,14,21,25],"killed_by":"Cultist and Chosen","ascension_level":20}}