{"host":"mtg945c5jssv10ty","time":1609869031,"event":{"mods":["Ascension Unlocker","BaseMod","Downfall","Minty Spire (QoL Compilation)","StSLib","SuperFastMode"],"gold_per_floor":[99,116,116,21,21,21,72,22,22,34,50,225,225,245,255,255,255],"floor_reached":16,"playtime":371,"items_purged":[],"score":124,"play_id":"85f6e45d-284b-4d6a-9a84-2b695c6c980c","local_time":"20210105125031","is_ascension_mode":true,"campfire_choices":[{"data":"sneckomod:TailWhip","floor":1.0,"key":"SMITH"},{"data":"sneckomod:MorePower","floor":6.0,"key":"SMITH"},{"data":"sneckomod:MorePower","floor":9.0,"key":"SMITH"}],"circlet_count":0,"master_deck":["sneckomod:Strike","sneckomod:Strike","sneckomod:Defend","sneckomod:Defend","sneckomod:TailWhip+1","sneckomod:SnekBite","sneckomod:Unknown","sneckomod:UnknownUncommonPower","sneckomod:MorePower+1","sneckomod:MorePower+1","downfall:Haunted","sneckomod:UnknownClassGREEN+1","sneckomod:Unknown3Cost+1","sneckomod:SlitherStrike","Reckless Charge","sneckomod:UnknownStrike+1","sneckomod:Unknown1Cost","sneckomod:UnknownUncommonPower+1","sneckomod:UnknownVulnerable+1","sneckomod:UnknownCommonSkill","Doubt","Demon Form+1","sneckomod:Unknown3Cost+1","sneckomod:Unknown2Cost","sneckomod:UnknownUncommonSkill+1","sneckomod:UnknownDraw+1","sneckomod:UnknownUncommonAttack"],"relics":["sneckomod:SneckoSoul","Vajra","Oddly Smooth Stone"],"acts_visited":["Exordium"],"potions_floor_usage":[],"damage_taken":[{"damage":9.0,"enemies":"2 Louse","floor":2.0,"turns":4.0},{"damage":0.0,"enemies":"downfall:FleeingMerchant","floor":4.0,"turns":4.0},{"damage":9.0,"enemies":"downfall:FleeingMerchant","floor":8.0,"turns":4.0},{"damage":12.0,"enemies":"Small Slimes","floor":10.0,"turns":3.0},{"damage":0.0,"enemies":"Cultist","floor":11.0,"turns":3.0},{"damage":0.0,"enemies":"Exordium Wildlife","floor":14.0,"turns":2.0},{"damage":0.0,"enemies":"Large Slime","floor":15.0,"turns":4.0},{"damage":0,"enemies":"ArchetypeAct1Statuses","floor":16,"turns":1}],"seed_played":"5789352781338836356","potions_obtained":[{"floor":2.0,"key":"DistilledChaos"},{"floor":10.0,"key":"Block Potion"}],"is_trial":false,"path_per_floor":["R","M","?","$","?","R","T","$","R","M","M","?","R","M","M","B"],"character_chosen":"THE_SNECKO","items_purchased":["sneckomod:MorePower","sneckomod:SlitherStrike"],"campfire_rested":0,"item_purchase_floors":[4,8],"current_hp_per_floor":[99,91,79,79,79,79,79,72,72,63,66,66,66,68,71,71,71],"gold":255,"neow_bonus":"TEN_PERCENT_HP_BONUS","is_daily":false,"chose_seed":false,"campfire_upgraded":3,"win_rate":0.0,"timestamp":1609869031,"path_taken":["R","M","?","$","?","R","T","$","R","?","M","?","R","M","M","BOSS"],"items_purchased_type":["Card","Card"],"build_version":"2020-12-22","purchased_purges":0,"victory":false,"max_hp_per_floor":[99,100,100,100,100,100,100,102,102,105,108,108,108,110,113,113,113],"card_choices":[{"not_picked":["sneckomod:SerpentIdol","sneckomod:WideSting"],"picked":"sneckomod:UnknownUncommonPower","floor":2.0},{"not_picked":["sneckomod:UnknownBlock","sneckomod:SnakeSap"],"picked":"sneckomod:MorePower","floor":4.0},{"not_picked":["sneckomod:UnknownWeak+1","sneckomod:Unknown+1"],"picked":"sneckomod:UnknownClassGREEN+1","floor":8.0},{"not_picked":["sneckomod:UnknownStrike+1","sneckomod:UnknownX+1"],"picked":"sneckomod:Unknown3Cost+1","floor":8.0},{"not_picked":["sneckomod:UnknownX","sneckomod:UnknownCommonSkill"],"picked":"sneckomod:Memorize","floor":8.0},{"not_picked":["sneckomod:UnknownClassBLUE+1","sneckomod:Unknown1Cost+1"],"picked":"sneckomod:UnknownClassRED+1","floor":10.0},{"not_picked":["sneckomod:UnknownClassTHE_CHAMP_GRAY+1","sneckomod:Unknown+1"],"picked":"sneckomod:UnknownStrike+1","floor":10.0},{"not_picked":["sneckomod:ImprovisedGuard","sneckomod:UnknownCommonAttack"],"picked":"sneckomod:Unknown1Cost","floor":10.0},{"not_picked":["sneckomod:Unknown+1","sneckomod:Unknown0Cost+1"],"picked":"sneckomod:UnknownUncommonPower+1","floor":11.0},{"not_picked":["sneckomod:UnknownCommonAttack+1","sneckomod:UnknownClassSLIMEBOUND+1"],"picked":"sneckomod:UnknownVulnerable+1","floor":11.0},{"not_picked":["sneckomod:TrashToTreasure","sneckomod:DiceBlock"],"picked":"sneckomod:UnknownCommonSkill","floor":11.0},{"not_picked":["sneckomod:Unknown1Cost+1","sneckomod:UnknownDraw+1"],"picked":"sneckomod:Unknown3Cost+1","floor":14.0},{"not_picked":["sneckomod:Restock","sneckomod:UnknownWeak"],"picked":"sneckomod:Unknown2Cost","floor":14.0},{"not_picked":["sneckomod:UnknownCommonAttack+1","sneckomod:UnknownCommonSkill+1"],"picked":"sneckomod:UnknownUncommonSkill+1","floor":15.0},{"not_picked":["sneckomod:UnknownClassTHE_BRONZE_AUTOMATON+1","sneckomod:UnknownClassSLIMEBOUND+1"],"picked":"sneckomod:UnknownDraw+1","floor":15.0},{"not_picked":["sneckomod:UnknownClassSLIMEBOUND","sneckomod:UnknownVulnerable"],"picked":"sneckomod:UnknownUncommonAttack","floor":15.0}],"player_experience":188994,"relics_obtained":[{"floor":7.0,"key":"Oddly Smooth Stone"}],"event_choices":[{"damage_healed":0.0,"max_hp_gain":0.0,"max_hp_loss":0.0,"gold_gain":0.0,"event_name":"Scrap Ooze","player_choice":"Success","floor":3.0,"gold_loss":0.0,"damage_taken":12.0,"relics_obtained":["Vajra"]}],"is_beta":false,"boss_relics":[],"items_purged_floors":[],"is_endless":false,"potions_floor_spawned":[2,10],"killed_by":"ArchetypeAct1Statuses","ascension_level":2}}