{"host":"x3lqeik2a5qeoft8","time":1609881221,"event":{"mods":["AchievementEnabler","BaseMod","Downfall","Minty Spire (QoL Compilation)","StSLib","SuperFastMode"],"gold_per_floor":[99,99,99,99,113,123,174,24,24,54,64,84,84,84,96,197,197,197,197,215,229,229,229,229,229],"floor_reached":23,"playtime":704,"items_purged":[],"score":214,"play_id":"79dd3cdc-2827-4da7-92d1-84bb099cb23b","local_time":"20210105221341","is_ascension_mode":false,"campfire_choices":[{"floor":1,"key":"RECALL"},{"data":"Slimebound:RejuvenatingLick","floor":8,"key":"SMITH"},{"floor":13,"key":"REST"},{"data":"Slimebound:Split","floor":18,"key":"SMITH"}],"circlet_count":0,"master_deck":["Slimebound:Tackle","Slimebound:Defend_Slimebound","Slimebound:Defend_Slimebound","Slimebound:Defend_Slimebound","Slimebound:Split+1","Slimebound:CorrosiveSpit","Slimebound:SplitBruiser","Slimebound:SplitAcid","Slimebound:Schlurp","Slimebound:GoopSpray","Slimebound:RejuvenatingLick+1","Slimebound:Overexert","Slimebound:ItLooksTasty","Regret","Slimebound:LeechEnergy","Slimebound:MassFeed","Bite","Bite","Bite","Bite","Bite","Slimebound:LevelUp","Slimebound:RejuvenatingLick","Slimebound:SelfFormingGoo"],"relics":["Slimebound:AbsorbEndCombatUpgraded","downfall:HeartsMalice","downfall:HeartBlessingBlue","downfall:HeartBlessingRed","Bronze Scales","Bag of Marbles","Singing Bowl"],"acts_visited":["Exordium","TheCity"],"potions_floor_usage":[15,16],"damage_taken":[{"damage":0,"enemies":"Cultist","floor":2,"turns":1},{"damage":0,"enemies":"2 Louse","floor":3,"turns":1},{"damage":0,"enemies":"Small Slimes","floor":4,"turns":1},{"damage":33,"enemies":"Gremlin Gang","floor":5,"turns":3},{"damage":15,"enemies":"Blue Slaver","floor":6,"turns":4},{"damage":24,"enemies":"Lagavulin","floor":10,"turns":6},{"damage":11,"enemies":"2 Fungi Beasts","floor":11,"turns":3},{"damage":16,"enemies":"Gremlin Gang","floor":12,"turns":3},{"damage":9,"enemies":"Lots of Slimes","floor":15,"turns":3},{"damage":52,"enemies":"downfall:Ironclad","floor":16,"turns":6},{"damage":33,"enemies":"Spheric Guardian","floor":20,"turns":4},{"damage":30,"enemies":"Snake Plant","floor":21,"turns":3},{"damage":45,"enemies":"Shelled Parasite and Fungi","floor":23,"turns":2}],"seed_played":"605933096696261297","potions_obtained":[{"floor":5,"key":"Block Potion"},{"floor":10,"key":"PowerPotion"},{"floor":12,"key":"Dexterity Potion"},{"floor":20,"key":"Slimebound:SlimyTonguePotion"}],"is_trial":false,"path_per_floor":["R","M","M","M","M","M","T","R","T","E","M","M","R","?","M","B",null,"R","?","M","M","?","M"],"character_chosen":"SLIMEBOUND","items_purchased":[],"campfire_rested":1,"item_purchase_floors":[],"current_hp_per_floor":[60,60,60,60,37,28,28,38,38,28,27,17,38,38,37,9,70,70,49,38,24,24,0,0,0],"gold":229,"neow_bonus":"THREE_ENEMY_KILL","is_daily":false,"chose_seed":false,"campfire_upgraded":2,"win_rate":0.0,"timestamp":1609881221,"path_taken":["R","M","M","?","M","M","T","R","?","E","M","?","R","?","M","BOSS","R","?","M","M","?","M"],"items_purchased_type":[],"build_version":"2020-12-22","purchased_purges":0,"victory":false,"max_hp_per_floor":[60,60,60,60,60,60,60,70,70,70,70,70,70,70,70,70,70,70,49,49,49,49,49,49,49],"card_choices":[{"not_picked":["Slimebound:SplitLeeching","Slimebound:FirmFortitude"],"picked":"Slimebound:SplitBruiser","floor":2},{"not_picked":["Slimebound:SamplingLick","Slimebound:RollThrough"],"picked":"Slimebound:SplitAcid","floor":3},{"not_picked":["Slimebound:SplitBruiser","Slimebound:SamplingLick"],"picked":"Slimebound:Schlurp","floor":4},{"not_picked":["Slimebound:FinishingTackle","Slimebound:Repurpose"],"picked":"Slimebound:GoopSpray","floor":5},{"not_picked":["Slimebound:RollThrough","Slimebound:FlameTackle"],"picked":"Slimebound:RejuvenatingLick","floor":6},{"not_picked":["Slimebound:RollThrough","Slimebound:FormOfPuddle","Slimebound:SplitAcid"],"picked":"SKIP","floor":10},{"not_picked":["Slimebound:SplitMire","Slimebound:PressTheAttack"],"picked":"Slimebound:Overexert","floor":11},{"not_picked":["Slimebound:GoopSpray","Slimebound:ForwardTackle"],"picked":"Slimebound:ItLooksTasty","floor":12},{"not_picked":["Slimebound:BestDefense","Slimebound:GrowthPunch"],"picked":"Slimebound:LeechEnergy","floor":15},{"not_picked":["Slimebound:SlimeSlap","Slimebound:DouseInSlime"],"picked":"Slimebound:MassFeed","floor":16},{"not_picked":["Slimebound:FirmFortitude","Slimebound:SplitBruiser"],"picked":"Slimebound:LevelUp","floor":20},{"not_picked":["Slimebound:ComboTackle","Slimebound:SamplingLick+1"],"picked":"Slimebound:RejuvenatingLick","floor":21}],"player_experience":118354,"relics_obtained":[{"floor":9,"key":"Bronze Scales"},{"floor":10,"key":"Bag of Marbles"}],"event_choices":[{"damage_healed":0,"gold_gain":0,"player_choice":"Box","damage_taken":0,"relics_obtained":["Singing Bowl"],"max_hp_gain":0,"max_hp_loss":0,"event_name":"Big Fish","floor":14,"gold_loss":0,"cards_obtained":["Regret"]},{"damage_healed":0,"gold_gain":0,"player_choice":"Became a vampire","damage_taken":0,"max_hp_gain":0,"max_hp_loss":21,"event_name":"Vampires","floor":19,"gold_loss":0,"cards_obtained":["Bite","Bite","Bite","Bite","Bite"]},{"damage_healed":0,"gold_gain":0,"cards_transformed":["Slimebound:Defend_Slimebound"],"player_choice":"Transformed","damage_taken":0,"max_hp_gain":0,"max_hp_loss":0,"event_name":"Transmorgrifier","floor":22,"gold_loss":0,"cards_obtained":["Slimebound:SelfFormingGoo"]}],"is_beta":false,"boss_relics":[{"not_picked":["Black Star","Slimebound:TarBlob"],"picked":"Slimebound:AbsorbEndCombatUpgraded"}],"items_purged_floors":[],"is_endless":false,"potions_floor_spawned":[5,10,12,20],"killed_by":"Shelled Parasite and Fungi","ascension_level":0}}