{"host":"y3h3n3f7seyagppx","time":1609860953,"event":{"mods":["BaseMod","Colored Map","Colored Powertips","DeckTracker","Minty Spire (QoL Compilation)","Random Character Button","Rare Cards Sparkle","Relic Sorter","Relic Stats","StSLib"],"gold_per_floor":[10,29,44,44,63,63,96,96,122,140,175,21,46,58,58,135,135,149,149,168,179,179,179,207,226,226,226,253,270,288,288,288,365,365,380,380,109,129,145,177,195,195,195,206,236,236,264,39,39,39,39,39,39,39,72,72],"floor_reached":57,"playtime":10542,"items_purged":["Strike_R","Strike_R"],"score":2908,"play_id":"32fca424-a381-443a-b8f4-a10026ad227f","local_time":"20210105103553","is_ascension_mode":true,"campfire_choices":[{"data":"Body Slam","floor":6,"key":"SMITH"},{"data":"Bash","floor":8,"key":"SMITH"},{"data":"Armaments","floor":15,"key":"SMITH"},{"data":"Fiend Fire","floor":23,"key":"SMITH"},{"data":"Demon Form","floor":32,"key":"SMITH"},{"data":"Uppercut","floor":42,"key":"SMITH"},{"floor":46,"key":"RECALL"},{"floor":49,"key":"REST"},{"data":"Shockwave","floor":53,"key":"SMITH"}],"circlet_count":0,"master_deck":["AscendersBane","Strike_R","Strike_R","Defend_R","Defend_R","Defend_R","Defend_R","Bash+1","Flame Barrier","Twin Strike","Body Slam+1","Impervious","Armaments+1","Offering","Battle Trance","Shrug It Off+1","Shrug It Off","Fiend Fire+1","Fire Breathing","Shockwave+1","Demon Form+1","Impervious","Impervious","Feel No Pain","Flame Barrier+1","Uppercut+1","Heavy Blade","Whirlwind+1"],"relics":["Burning Blood","Potion Belt","Lantern","Akabeko","Omamori","Velvet Choker","HornCleat","Boot","Runic Pyramid","WarpedTongs","Orrery","Letter Opener","The Courier","Smiling Mask","Ornamental Fan","Paper Frog","Gremlin Horn"],"acts_visited":["Exordium","TheCity","TheBeyond","TheEnding"],"potions_floor_usage":[5,7,18,21,21,24,28,56,56,56,56],"damage_taken":[{"damage":1,"enemies":"Cultist","floor":1,"turns":3},{"damage":11,"enemies":"Jaw Worm","floor":2,"turns":6},{"damage":7,"enemies":"Small Slimes","floor":3,"turns":4},{"damage":9,"enemies":"Exordium Wildlife","floor":5,"turns":6},{"damage":8,"enemies":"Gremlin Nob","floor":7,"turns":3},{"damage":13,"enemies":"Exordium Thugs","floor":10,"turns":5},{"damage":23,"enemies":"Lagavulin","floor":11,"turns":7},{"damage":10,"enemies":"3 Sentries","floor":13,"turns":7},{"damage":0,"enemies":"2 Fungi Beasts","floor":14,"turns":3},{"damage":18,"enemies":"The Guardian","floor":16,"turns":15},{"damage":8,"enemies":"Shell Parasite","floor":18,"turns":3},{"damage":7,"enemies":"2 Thieves","floor":20,"turns":4},{"damage":21,"enemies":"Snake Plant","floor":21,"turns":3},{"damage":6,"enemies":"Gremlin Leader","floor":24,"turns":5},{"damage":14,"enemies":"Snecko","floor":25,"turns":4},{"damage":7,"enemies":"Slavers","floor":28,"turns":6},{"damage":0,"enemies":"Chosen and Byrds","floor":29,"turns":5},{"damage":6,"enemies":"3 Cultists","floor":30,"turns":5},{"damage":30,"enemies":"Automaton","floor":33,"turns":9},{"damage":0,"enemies":"3 Darklings","floor":35,"turns":4},{"damage":0,"enemies":"3 Shapes","floor":38,"turns":4},{"damage":0,"enemies":"Sphere and 2 Shapes","floor":39,"turns":5},{"damage":0,"enemies":"Giant Head","floor":40,"turns":7},{"damage":0,"enemies":"Jaw Worm Horde","floor":41,"turns":7},{"damage":0,"enemies":"4 Shapes","floor":44,"turns":5},{"damage":6,"enemies":"Nemesis","floor":45,"turns":3},{"damage":40,"enemies":"Giant Head","floor":47,"turns":9},{"damage":26,"enemies":"Awakened One","floor":50,"turns":19},{"damage":10,"enemies":"Time Eater","floor":51,"turns":7},{"damage":12,"enemies":"Shield and Spear","floor":55,"turns":6},{"damage":64,"enemies":"The Heart","floor":56,"turns":11}],"seed_played":"1516501862081311810","potions_obtained":[{"floor":1,"key":"SteroidPotion"},{"floor":2,"key":"DistilledChaos"},{"floor":11,"key":"EntropicBrew"},{"floor":14,"key":"Fire Potion"},{"floor":16,"key":"Strength Potion"},{"floor":24,"key":"SteroidPotion"},{"floor":25,"key":"SpeedPotion"},{"floor":29,"key":"Weak Potion"},{"floor":33,"key":"Ancient Potion"},{"floor":40,"key":"Dexterity Potion"},{"floor":44,"key":"DuplicationPotion"}],"is_trial":false,"path_per_floor":["M","M","M","?","M","R","E","R","T","M","E","$","E","M","R","B",null,"M","?","M","M","?","R","E","M","T","?","E","M","M","?","R","B",null,"M","?","$","M","M","E","M","R","T","M","E","R","E","$","R","B","B",null,"R","$","E","B",null],"character_chosen":"IRONCLAD","items_purchased":["Impervious","Orrery","Paper Frog"],"campfire_rested":1,"item_purchase_floors":[12,37,48],"current_hp_per_floor":[87,82,81,81,78,78,76,76,76,69,52,52,48,54,54,42,77,75,75,74,59,59,59,59,51,51,51,50,56,56,56,56,32,75,81,81,81,87,89,89,89,89,89,89,89,89,55,55,81,61,57,81,81,81,75,17],"gold":72,"neow_bonus":"TWENTY_PERCENT_HP_BONUS","is_daily":false,"chose_seed":false,"campfire_upgraded":7,"win_rate":0.0,"timestamp":1609860953,"path_taken":["M","M","?","?","M","R","E","R","T","M","E","?","E","M","R","BOSS","M","?","?","M","?","R","E","M","T","?","E","M","M","?","R","BOSS","M","?","?","M","M","E","M","R","T","M","E","R","E","$","R","BOSS","BOSS","R","$","E","BOSS"],"items_purchased_type":["Card","Relic","Relic"],"build_version":"2020-12-22","purchased_purges":2,"victory":true,"max_hp_per_floor":[89,89,89,89,89,89,89,89,89,89,89,89,89,89,89,89,89,89,89,89,89,89,89,89,89,89,89,89,89,89,89,89,89,89,89,89,89,89,89,89,89,89,89,89,89,89,89,89,89,89,89,89,89,89,89,89],"relic_stats":{"Gremlin Horn":[0,0],"counters":[31,190],"Ornamental Fan":[4],"Letter Opener":[113],"Boot":[16],"Smiling Mask":0,"obtain_stats":[{"Potion Belt":7,"Lantern":9,"Gremlin Horn":55,"Velvet Choker":17,"The Courier":43,"Omamori":13,"Letter Opener":40,"Boot":28,"Smiling Mask":45,"Burning Blood":0,"Akabeko":11,"WarpedTongs":36,"HornCleat":24,"Ornamental Fan":47,"Orrery":37,"Runic Pyramid":34,"Paper Frog":48},{"Potion Belt":5,"Lantern":5,"Gremlin Horn":30,"Velvet Choker":10,"The Courier":24,"Omamori":8,"Letter Opener":23,"Boot":16,"Smiling Mask":26,"Burning Blood":0,"Akabeko":7,"WarpedTongs":20,"HornCleat":14,"Ornamental Fan":27,"Orrery":20,"Runic Pyramid":19,"Paper Frog":27},{"Potion Belt":22,"Lantern":22,"Gremlin Horn":179,"Velvet Choker":59,"The Courier":130,"Omamori":41,"Letter Opener":123,"Boot":84,"Smiling Mask":138,"Burning Blood":0,"Akabeko":34,"WarpedTongs":107,"HornCleat":74,"Ornamental Fan":147,"Orrery":107,"Runic Pyramid":103,"Paper Frog":147}],"Burning Blood":164,"WarpedTongs":[72]},"card_choices":[{"not_picked":["Armaments","Iron Wave"],"picked":"Flame Barrier","floor":1},{"not_picked":["Wild Strike","Thunderclap"],"picked":"Twin Strike","floor":2},{"not_picked":["Sword Boomerang","Rampage"],"picked":"Body Slam","floor":3},{"not_picked":["Intimidate","Iron Wave"],"picked":"Anger","floor":5},{"not_picked":["True Grit","Anger","Heavy Blade"],"picked":"SKIP","floor":7},{"not_picked":["Entrench","Heavy Blade","Perfected Strike"],"picked":"SKIP","floor":10},{"not_picked":["Clothesline","Intimidate","Heavy Blade"],"picked":"SKIP","floor":11},{"not_picked":["Burning Pact","Infernal Blade","Body Slam"],"picked":"SKIP","floor":13},{"not_picked":["Perfected Strike","Combust"],"picked":"Armaments","floor":14},{"not_picked":["Limit Break","Berserk"],"picked":"Offering","floor":16},{"not_picked":["Searing Blow","True Grit"],"picked":"Battle Trance","floor":18},{"not_picked":["Clash","Ghostly Armor"],"picked":"Shrug It Off+1","floor":20},{"not_picked":["Rupture","Pommel Strike"],"picked":"Shrug It Off","floor":21},{"not_picked":["Clothesline","Warcry","Sword Boomerang"],"picked":"SKIP","floor":24},{"not_picked":["Clothesline","Warcry","Sword Boomerang"],"picked":"SKIP","floor":24},{"not_picked":["Clothesline","Anger"],"picked":"Shockwave","floor":25},{"not_picked":["Inflame+1","Thunderclap","Clash"],"picked":"SKIP","floor":28},{"not_picked":["Heavy Blade","Reckless Charge"],"picked":"Impervious","floor":29},{"not_picked":["Whirlwind","Rampage","Second Wind"],"picked":"SKIP","floor":30},{"not_picked":["Exhume","Immolate"],"picked":"Impervious","floor":33},{"not_picked":["Wild Strike","Clash","Pommel Strike"],"picked":"SKIP","floor":35},{"not_picked":["Power Through","Clash"],"picked":"Feel No Pain","floor":37},{"not_picked":["Pommel Strike","Body Slam"],"picked":"Flame Barrier+1","floor":37},{"not_picked":["Perfected Strike+1","Iron Wave"],"picked":"Uppercut","floor":37},{"not_picked":["Perfected Strike","Wild Strike","Cleave+1"],"picked":"SKIP","floor":38},{"not_picked":["Flame Barrier+1","Rage","Shockwave"],"picked":"SKIP","floor":39},{"not_picked":["Clothesline","Shockwave","Heavy Blade"],"picked":"SKIP","floor":40},{"not_picked":["Clothesline","Shockwave"],"picked":"Heavy Blade","floor":40},{"not_picked":["Perfected Strike","Twin Strike","Headbutt"],"picked":"SKIP","floor":41},{"not_picked":["Carnage","Shrug It Off"],"picked":"Whirlwind+1","floor":44},{"not_picked":["Blood for Blood","Iron Wave","Shrug It Off"],"picked":"SKIP","floor":45},{"not_picked":["Clash","Perfected Strike","Searing Blow"],"picked":"SKIP","floor":47},{"not_picked":["Cleave","Carnage","Flame Barrier"],"picked":"SKIP","floor":55}],"player_experience":20348518,"relics_obtained":[{"floor":7,"key":"Potion Belt"},{"floor":9,"key":"Lantern"},{"floor":11,"key":"Akabeko"},{"floor":13,"key":"Omamori"},{"floor":24,"key":"HornCleat"},{"floor":28,"key":"Boot"},{"floor":40,"key":"Letter Opener"},{"floor":43,"key":"The Courier"},{"floor":45,"key":"Smiling Mask"},{"floor":47,"key":"Ornamental Fan"},{"floor":55,"key":"Gremlin Horn"}],"event_choices":[{"damage_healed":0,"gold_gain":0,"player_choice":"Got Potions","damage_taken":0,"max_hp_gain":0,"max_hp_loss":0,"event_name":"Lab","floor":4,"gold_loss":0},{"damage_healed":0,"gold_gain":0,"player_choice":"Cursed","damage_taken":0,"max_hp_gain":0,"max_hp_loss":0,"event_name":"Wheel of Change","floor":19,"gold_loss":0,"cards_obtained":["Decay"]},{"damage_healed":0,"gold_gain":0,"cards_transformed":["Anger","Strike_R"],"player_choice":"Became Test Subject","damage_taken":0,"max_hp_gain":0,"max_hp_loss":0,"event_name":"Drug Dealer","floor":22,"gold_loss":0,"cards_obtained":["Fiend Fire","Fire Breathing"]},{"damage_healed":0,"gold_gain":0,"player_choice":"Read","damage_taken":0,"max_hp_gain":0,"max_hp_loss":0,"event_name":"The Library","floor":27,"gold_loss":0,"cards_obtained":["Demon Form"]},{"damage_healed":0,"gold_gain":0,"player_choice":"Ignored","damage_taken":0,"max_hp_gain":0,"max_hp_loss":0,"event_name":"Vampires","floor":31,"gold_loss":0},{"damage_healed":0,"gold_gain":0,"player_choice":"Rummage","damage_taken":0,"relics_obtained":["WarpedTongs"],"max_hp_gain":0,"max_hp_loss":0,"event_name":"Accursed Blacksmith","floor":36,"gold_loss":0,"cards_obtained":["Pain"]}],"is_beta":false,"boss_relics":[{"not_picked":["Ectoplasm","Astrolabe"],"picked":"Velvet Choker"},{"not_picked":["Black Blood","Runic Cube"],"picked":"Runic Pyramid"}],"items_purged_floors":[12,37],"is_endless":false,"potions_floor_spawned":[1,2,3,11,14,16,24,25,29,33,39,40,44],"ascension_level":20}}