{"host":"7k88kcl92al3r52p","time":1609868220,"event":{"mods":["BaseMod","Beaked The Cultist","Conspire","Downfall","Infinite Spire","Mimic Mod","Minty Spire (QoL Compilation)","Rare Cards Sparkle","Replay The Spire","Shop Mod","StSLib","The Cursed"],"gold_per_floor":[99,99,99,99,99,99,174,202,202,302,319,419,432,93,104,104,104],"floor_reached":16,"playtime":2032,"items_purged":[],"score":96,"play_id":"e263434a-1845-42a0-829c-057fc3c90849","local_time":"20210105123700","is_ascension_mode":false,"campfire_choices":[{"data":"beaked:Ceremony","floor":1.0,"key":"SMITH"},{"floor":9,"key":"REST"}],"circlet_count":0,"master_deck":["beaked:Strike_Y","beaked:Strike_Y","beaked:Strike_Y","beaked:Strike_Y","beaked:Strike_Y","beaked:Strike_Y","beaked:Defend_Y","beaked:Defend_Y","beaked:Defend_Y","beaked:Defend_Y","beaked:Ceremony","beaked:Ceremony","beaked:Ceremony+1","Deadly Poison","Carnage","Warcry","Uppercut","TheCursedMod:PrepareRite","TheCursedMod:VitalStrike","beaked:VigorBurst","Hemogenesis+1","Limit Break+1","expansioncontent:StudyTheSpire+1","Quick Slash"],"relics":["beaked:MendingPlumage","downfall:HeartsMalice","Golden Egg","Regal Pillow","downfall:GremlinWheel","Toy Ornithopter"],"acts_visited":["Exordium"],"potions_floor_usage":[8,8,8,12,13,13,16],"damage_taken":[{"damage":0.0,"enemies":"Small Slimes","floor":2.0,"turns":1.0},{"damage":0,"enemies":"Cultist","floor":4,"turns":1},{"damage":0,"enemies":"2 Louse","floor":5,"turns":1},{"damage":31,"enemies":"3 Sentries","floor":8,"turns":10},{"damage":32,"enemies":"3 Sentries","floor":10,"turns":5},{"damage":0,"enemies":"2 Fungi Beasts","floor":11,"turns":4},{"damage":44,"enemies":"downfall:LadyInBlue","floor":12,"turns":9},{"damage":14,"enemies":"Red Slaver","floor":13,"turns":3},{"damage":0,"enemies":"downfall:FleeingMerchant","floor":14,"turns":4},{"damage":23,"enemies":"Lots of Slimes","floor":15,"turns":10},{"damage":69,"enemies":"downfall:Defect","floor":16,"turns":5}],"seed_played":"-8093252160122684916","potions_obtained":[{"floor":3,"key":"SneckoOil"},{"floor":3,"key":"Weak Potion"},{"floor":3,"key":"sneckomod:MuddlingPotion"},{"floor":8,"key":"Elixir"},{"floor":10,"key":"PowerPotion"},{"floor":12,"key":"Regen Potion"},{"floor":12,"key":"ColorlessPotion"},{"floor":13,"key":"Elixir"},{"floor":15,"key":"Toxic Potion"}],"is_trial":false,"path_per_floor":["R","M","?","M","M","?","T","E","R","?","M","?","M","$","M","B"],"character_chosen":"BEAKED_THE_CULTIST","items_purchased":["Limit Break","expansioncontent:StudyTheSpire"],"campfire_rested":1,"item_purchase_floors":[14,14],"current_hp_per_floor":[50,50,50,50,50,50,50,37,50,26,34,13,30,45,54,0,0],"gold":104,"neow_bonus":"THREE_ENEMY_KILL","is_daily":false,"chose_seed":false,"campfire_upgraded":1,"win_rate":0.0,"timestamp":1609868220,"path_taken":["R","M","?","?","M","?","T","E","R","?","?","?","M","$","M","BOSS"],"items_purchased_type":["Card","Card"],"build_version":"2020-12-22","purchased_purges":0,"victory":false,"max_hp_per_floor":[50,50,50,50,50,50,50,50,50,50,50,50,55,55,55,55,55],"card_choices":[{"not_picked":["Predator","Run Through"],"picked":"Deadly Poison","floor":2},{"not_picked":["Flame Barrier","beaked:VigorBurst"],"picked":"Carnage","floor":4},{"not_picked":["beaked:Insight","Expertise"],"picked":"Warcry","floor":5},{"not_picked":["beaked:Redirect","Body Slam"],"picked":"Uppercut","floor":8},{"not_picked":["beaked:SacrificialDive","conspire:DoublingDagger"],"picked":"TheCursedMod:PrepareRite","floor":11},{"not_picked":["Flying Knee","Poisoned Stab"],"picked":"TheCursedMod:VitalStrike","floor":12},{"not_picked":["Flex","beaked:MimicMachine"],"picked":"beaked:VigorBurst","floor":13},{"not_picked":["Deadly Poison","beaked:WarriorSpirit"],"picked":"Hemogenesis","floor":14},{"not_picked":["beaked:TuckingFeathers","Warcry"],"picked":"Quick Slash","floor":15}],"player_experience":261027,"relics_obtained":[{"floor":7,"key":"Golden Egg"},{"floor":8,"key":"Regal Pillow"},{"floor":10,"key":"downfall:GremlinWheel"},{"floor":12,"key":"Toy Ornithopter"}],"event_choices":[{"damage_healed":0,"gold_gain":0,"player_choice":"Got Potions","damage_taken":0,"max_hp_gain":0,"max_hp_loss":0,"event_name":"Lab","floor":3,"gold_loss":0}],"is_beta":false,"boss_relics":[],"items_purged_floors":[],"is_endless":false,"potions_floor_spawned":[8,10,13,15],"killed_by":"downfall:Defect","ascension_level":0}}