{"host":"1a3cjta80tad0aqj","time":1609819572,"event":{"mods":["2.2 Compatiblity","AchievementEnabler","BaseMod","Colored Map","DeckTracker","KOR Keyword Fix","Keyboard Shortcuts","Minty Spire (QoL Compilation)","Permanent Neow","Quick Restart","Random Character Button","StSLib","SuperFastMode","everything is the same but u backflip on backflip"],"gold_per_floor":[114,129,54,69,69,69,69,69,69,88,88,163,182,82,82,207,207,226,245,245,264,283,283,283],"floor_reached":23,"playtime":1145,"items_purged":["Alpha","Juggernaut"],"score":208,"play_id":"c6dd9476-880a-4d75-a0e6-70dd46038b52","local_time":"20210105130612","daily_mods":["Shiny","Red Cards","Night Terrors"],"is_ascension_mode":false,"campfire_choices":[{"data":"Immolate","floor":6,"key":"SMITH"},{"data":"Omniscience","floor":8,"key":"SMITH"},{"data":"Bludgeon","floor":11,"key":"SMITH"},{"data":"Corruption","floor":15,"key":"SMITH"}],"circlet_count":0,"master_deck":["Double Tap","Demon Form","Bludgeon+1","Feed","Limit Break","Corruption+1","Barricade","Fiend Fire+1","Berserk","Impervious","Brutality","Reaper","Exhume","Offering","Immolate+1","Judgement","ConjureBlade","MasterReality","Brilliance+1","Devotion","Blasphemy","Ragnarok","LessonLearned","Scrawl","Vault","Wish","Omniscience+1","Establishment","SpiritShield","DevaForm","DeusExMachina","Offering","Writhe"],"relics":["PureWater","Golden Idol","Kunai","Ornamental Fan","Philosopher\u0027s Stone","MealTicket"],"acts_visited":["Exordium","TheCity"],"potions_floor_usage":[23],"damage_taken":[{"damage":0,"enemies":"Small Slimes","floor":1,"turns":1},{"damage":0,"enemies":"Jaw Worm","floor":2,"turns":1},{"damage":0,"enemies":"2 Louse","floor":4,"turns":2},{"damage":12,"enemies":"Exordium Wildlife","floor":10,"turns":2},{"damage":0,"enemies":"3 Louse","floor":13,"turns":1},{"damage":5,"enemies":"Slime Boss","floor":16,"turns":4},{"damage":4,"enemies":"2 Thieves","floor":18,"turns":3},{"damage":8,"enemies":"Shell Parasite","floor":19,"turns":3},{"damage":12,"enemies":"Cultist and Chosen","floor":21,"turns":2},{"damage":25,"enemies":"Centurion and Healer","floor":22,"turns":4},{"damage":39,"enemies":"Book of Stabbing","floor":23,"turns":3}],"seed_played":"-8136925521176778862","potions_obtained":[{"floor":10,"key":"Ancient Potion"},{"floor":16,"key":"EntropicBrew"},{"floor":18,"key":"BottledMiracle"}],"is_trial":false,"path_per_floor":["M","M","$","M","?","R","?","R","T","M","R","T","M","$","R","B",null,"M","M","?","M","M","E"],"character_chosen":"WATCHER","items_purchased":[],"campfire_rested":0,"item_purchase_floors":[],"current_hp_per_floor":[72,72,72,72,54,54,54,54,54,42,42,42,42,42,42,70,75,71,66,66,54,37,0,0],"gold":283,"neow_bonus":"","is_daily":true,"chose_seed":false,"campfire_upgraded":4,"win_rate":0.0,"timestamp":1609819572,"path_taken":["M","M","$","M","?","R","?","R","T","M","R","?","M","$","R","BOSS","M","M","?","M","M","E"],"items_purchased_type":[],"build_version":"2020-12-22","purchased_purges":2,"victory":false,"max_hp_per_floor":[72,72,72,72,72,72,72,72,72,72,72,72,72,72,72,75,75,75,78,78,78,78,78,78],"card_choices":[{"not_picked":["Headbutt","Armaments","Clothesline"],"picked":"SKIP","floor":1},{"not_picked":["Conclude","JustLucky","MasterReality"],"picked":"SKIP","floor":2},{"not_picked":["Pray","MentalFortress","WheelKick"],"picked":"SKIP","floor":4},{"not_picked":["FlyingSleeves","Havoc","Bloodletting"],"picked":"SKIP","floor":10},{"not_picked":["Indignation","FlyingSleeves","Whirlwind"],"picked":"SKIP","floor":13},{"not_picked":["Feed","Bludgeon"],"picked":"Offering","floor":16},{"not_picked":["EmptyFist+1","TalkToTheHand","Clash"],"picked":"SKIP","floor":18},{"not_picked":["Hemokinesis","TalkToTheHand","Halt+1"],"picked":"SKIP","floor":19},{"not_picked":["Blood for Blood","Entrench","Reckless Charge"],"picked":"SKIP","floor":21},{"not_picked":["EmptyBody","Consecrate","Heavy Blade"],"picked":"SKIP","floor":22}],"player_experience":112161,"relics_obtained":[{"floor":9,"key":"Kunai"},{"floor":12,"key":"Ornamental Fan"}],"event_choices":[{"damage_healed":0,"gold_gain":0,"player_choice":"Take Damage","damage_taken":18,"relics_obtained":["Golden Idol"],"max_hp_gain":0,"max_hp_loss":0,"event_name":"Golden Idol","floor":5,"gold_loss":0},{"damage_healed":0,"gold_gain":0,"player_choice":"Ignored","damage_taken":0,"max_hp_gain":0,"max_hp_loss":0,"event_name":"Liars Game","floor":7,"gold_loss":0},{"damage_healed":0,"gold_gain":0,"player_choice":"Opened","damage_taken":0,"relics_obtained":["MealTicket"],"max_hp_gain":0,"max_hp_loss":0,"event_name":"The Mausoleum","floor":20,"gold_loss":0,"cards_obtained":["Writhe"]}],"is_beta":false,"boss_relics":[{"not_picked":["Astrolabe","Snecko Eye"],"picked":"Philosopher\u0027s Stone"}],"items_purged_floors":[3,14],"is_endless":false,"potions_floor_spawned":[10,16,18,21],"killed_by":"Book of Stabbing","ascension_level":0}}