{"host":"rmsq46plbpwfbxcc","time":1609859118,"event":{"mods":["AchievementEnabler","BaseMod","Colored Map","Colored Powertips","DeckTracker","KOR Keyword Fix","Minty Spire (QoL Compilation)","Permanent Neow","Quick Restart","SuperFastMode"],"gold_per_floor":[111,130,148,158,119,119,133,133,187,29,29,56,72,105,105,206,206,217,40,40,40,56,56,89,89,89,119,62,62,62,92,92,196,196,213,228,5,15,35,35,69,69,69,82,82,82],"floor_reached":45,"playtime":1702,"items_purged":["Pain"],"score":909,"play_id":"842fc008-3885-4f05-ad7e-8a3fffd722d7","local_time":"20210106000518","is_ascension_mode":true,"campfire_choices":[{"data":"Neutralize","floor":6.0,"key":"SMITH"},{"data":"Die Die Die","floor":8.0,"key":"SMITH"},{"data":"Trip","floor":11.0,"key":"SMITH"},{"data":"Accuracy","floor":15,"key":"SMITH"},{"data":"Envenom","floor":23,"key":"SMITH"},{"data":"Storm of Steel","floor":25,"key":"SMITH"},{"data":"Venomology","floor":30,"key":"SMITH"},{"floor":32,"key":"REST"},{"data":"Footwork","floor":40,"key":"SMITH"}],"circlet_count":0,"master_deck":["AscendersBane","Survivor","Neutralize+1","Expertise","Storm of Steel+1","Deflect","Reflex","Die Die Die+1","Quick Slash","Caltrops","Wraith Form v2","Venomology+1","Deflect","Cloak And Dagger","Footwork+1","Backflip","Accuracy+1","Trip+1","Blade Dance+1","Tactician","Envenom+1","CurseOfTheBell","Calculated Gamble+1","Dramatic Entrance+1","Finisher+1","Tactician+1","Blur+1","Acrobatics+1","Burst+1","Writhe","Escape Plan+1"],"relics":["Pandora\u0027s Box","Dream Catcher","Molten Egg 2","Boot","Calling Bell","Oddly Smooth Stone","Toxic Egg 2","FossilizedHelix","WarpedTongs","Bronze Scales","MawBank","Ancient Tea Set","Cursed Key","Snake Skull","Prayer Wheel","Happy Flower"],"acts_visited":["Exordium","TheCity","TheBeyond"],"potions_floor_usage":[14,16,18,22,27,31,33,35,36,36,39,41,41,44,44,45,45],"damage_taken":[{"damage":0.0,"enemies":"Small Slimes","floor":1.0,"turns":3.0},{"damage":3.0,"enemies":"Jaw Worm","floor":2.0,"turns":3.0},{"damage":2.0,"enemies":"Cultist","floor":3.0,"turns":3.0},{"damage":3.0,"enemies":"Lots of Slimes","floor":4.0,"turns":3.0},{"damage":0.0,"enemies":"Large Slime","floor":7.0,"turns":3.0},{"damage":0.0,"enemies":"Lagavulin","floor":12.0,"turns":5.0},{"damage":0.0,"enemies":"Gremlin Gang","floor":13.0,"turns":1.0},{"damage":0,"enemies":"3 Sentries","floor":14,"turns":4},{"damage":18,"enemies":"Hexaghost","floor":16,"turns":5},{"damage":0,"enemies":"Spheric Guardian","floor":18,"turns":3},{"damage":9,"enemies":"3 Byrds","floor":22,"turns":6},{"damage":22,"enemies":"Gremlin Leader","floor":24,"turns":6},{"damage":0,"enemies":"Snake Plant","floor":27,"turns":4},{"damage":23,"enemies":"Slavers","floor":31,"turns":3},{"damage":17,"enemies":"Collector","floor":33,"turns":8},{"damage":4,"enemies":"3 Shapes","floor":35,"turns":3},{"damage":1,"enemies":"Orb Walker","floor":36,"turns":3},{"damage":28,"enemies":"Sphere and 2 Shapes","floor":38,"turns":4},{"damage":0,"enemies":"4 Shapes","floor":39,"turns":5},{"damage":0,"enemies":"Reptomancer","floor":41,"turns":6},{"damage":22,"enemies":"3 Darklings","floor":44,"turns":3},{"damage":5,"enemies":"Maw","floor":45,"turns":4}],"seed_played":"4289769910833477396","potions_obtained":[{"floor":1.0,"key":"SpeedPotion"},{"floor":3.0,"key":"BlessingOfTheForge"},{"floor":12.0,"key":"PowerPotion"},{"floor":16,"key":"Block Potion"},{"floor":36,"key":"Strength Potion"},{"floor":44,"key":"Fire Potion"}],"is_trial":false,"path_per_floor":["M","M","M","M","$","R","M","R","T","$","R","E","M","E","R","B",null,"M","$","?","?","M","R","E","R","T","M","$","?","R","E","R","B",null,"M","M","$","M","M","R","E","?","T","M","M"],"character_chosen":"THE_SILENT","items_purchased":["Footwork","Accuracy","Trip","Calculated Gamble+1","Dramatic Entrance+1","Tactician+1","Snake Skull"],"campfire_rested":1,"item_purchase_floors":[5,10,10,19,19,28,37],"current_hp_per_floor":[63,60,58,55,55,55,55,55,55,55,55,55,55,55,55,37,62,62,62,62,62,53,53,31,31,31,31,31,31,31,8,29,12,56,52,51,51,23,23,23,23,23,23,1,0,0],"gold":82,"neow_bonus":"BOSS_RELIC","is_daily":false,"chose_seed":false,"campfire_upgraded":8,"win_rate":0.0,"timestamp":1609859118,"path_taken":["M","M","M","M","$","R","M","R","T","$","R","E","M","E","R","BOSS","M","$","?","?","M","R","E","R","T","?","?","?","R","E","R","BOSS","M","M","$","M","M","R","E","?","T","M","?"],"items_purchased_type":["Card","Card","Card","Card","Card","Card","Relic"],"build_version":"2020-12-22","purchased_purges":1,"victory":false,"max_hp_per_floor":[70,70,70,70,70,70,70,70,70,70,70,70,70,70,70,70,70,70,70,70,70,70,70,70,70,70,70,70,70,70,70,70,70,70,70,70,70,70,70,70,70,70,70,70,70,70],"card_choices":[{"not_picked":["Outmaneuver","Crippling Poison","Sucker Punch"],"picked":"SKIP","floor":1.0},{"not_picked":["Flying Knee","Accuracy"],"picked":"Cloak And Dagger","floor":2.0},{"not_picked":["Flying Knee","Predator","Sucker Punch"],"picked":"SKIP","floor":3.0},{"not_picked":["Venomology","Deflect","Prepared"],"picked":"SKIP","floor":4.0},{"not_picked":["Sucker Punch","Prepared"],"picked":"Backflip","floor":7.0},{"not_picked":["Deadly Poison","Concentrate"],"picked":"Blade Dance","floor":12.0},{"not_picked":["Underhanded Strike+1","Blade Dance","Outmaneuver"],"picked":"SKIP","floor":13.0},{"not_picked":["Heel Hook+1","Backstab+1"],"picked":"Tactician","floor":14},{"not_picked":["Burst","Bullet Time"],"picked":"Envenom","floor":16},{"not_picked":["Footwork","Blade Dance+1","Dagger Throw+1"],"picked":"SKIP","floor":18},{"not_picked":["Flying Knee+1","Catalyst+1","Bane+1"],"picked":"SKIP","floor":22},{"not_picked":["Predator+1","Deflect+1","Prepared+1"],"picked":"SKIP","floor":24},{"not_picked":["Prepared+1","Heel Hook+1","Deflect+1"],"picked":"SKIP","floor":27},{"not_picked":["Caltrops+1","Underhanded Strike+1"],"picked":"Blur+1","floor":31},{"not_picked":["Riddle With Holes+1","Prepared+1"],"picked":"Acrobatics+1","floor":32},{"not_picked":["Grand Finale+1","A Thousand Cuts"],"picked":"Burst+1","floor":33},{"not_picked":["Flying Knee+1","Quick Slash+1","Deflect+1"],"picked":"SKIP","floor":35},{"not_picked":["Distraction+1","Underhanded Strike+1","Bane+1"],"picked":"SKIP","floor":36},{"not_picked":["Tactician+1","Prepared+1","Catalyst+1"],"picked":"SKIP","floor":38},{"not_picked":["Slice+1","Riddle With Holes+1","Endless Agony+1"],"picked":"SKIP","floor":39},{"not_picked":["Glass Knife+1","Blade Dance+1","Sucker Punch+1"],"picked":"SKIP","floor":41},{"not_picked":["Dodge and Roll+1","Dagger Throw+1"],"picked":"Escape Plan+1","floor":44},{"not_picked":["Caltrops","Bane+1","Accuracy"],"picked":"SKIP","floor":44}],"player_experience":660410,"relics_obtained":[{"floor":9.0,"key":"Dream Catcher"},{"floor":12.0,"key":"Molten Egg 2"},{"floor":14,"key":"Boot"},{"floor":17,"key":"Oddly Smooth Stone"},{"floor":17,"key":"Toxic Egg 2"},{"floor":17,"key":"FossilizedHelix"},{"floor":24,"key":"Bronze Scales"},{"floor":26,"key":"MawBank"},{"floor":31,"key":"Ancient Tea Set"},{"floor":41,"key":"Prayer Wheel"},{"floor":43,"key":"Happy Flower"}],"event_choices":[{"damage_healed":0,"gold_gain":0,"player_choice":"Read","damage_taken":0,"max_hp_gain":0,"max_hp_loss":0,"event_name":"The Library","floor":20,"gold_loss":0,"cards_obtained":["Finisher"]},{"damage_healed":0,"gold_gain":0,"player_choice":"Rummage","damage_taken":0,"relics_obtained":["WarpedTongs"],"max_hp_gain":0,"max_hp_loss":0,"event_name":"Accursed Blacksmith","floor":21,"gold_loss":0,"cards_obtained":["Pain"]},{"damage_healed":0,"gold_gain":0,"player_choice":"Ignored","damage_taken":0,"max_hp_gain":0,"max_hp_loss":0,"event_name":"Vampires","floor":29,"gold_loss":0},{"damage_healed":0,"gold_gain":0,"player_choice":"Upgraded","damage_taken":0,"max_hp_gain":0,"max_hp_loss":0,"event_name":"Upgrade Shrine","floor":42,"gold_loss":0,"cards_upgraded":["Blade Dance"]}],"is_beta":false,"boss_relics":[{"not_picked":["Fusion Hammer","Tiny House"],"picked":"Calling Bell"},{"not_picked":["Sozu","Snecko Eye"],"picked":"Cursed Key"}],"items_purged_floors":[37],"is_endless":false,"potions_floor_spawned":[1,3,12,16,18,24,36,44],"killed_by":"Maw","ascension_level":12}}