{"host":"zig6x0mxqzam82fb","time":1609873045,"event":{"mods":["BaseMod","Block Reminder","Colored Map","Colored Powertips","Marisa????????","Minty Spire (QoL Compilation)","Relic Stats","StSLib","The Cursed","The Marked","Waifu the Spire"],"gold_per_floor":[111,76,86,99,99,125,136,136,163,183,215,215,233,233,233,304,304,322,322,322,25,44,44,57,90,90,90,106,132,132,151,151,225,225,240,240,256,33,58,58,58],"floor_reached":40,"playtime":2238,"items_purged":[],"score":802,"play_id":"b36f3863-8b1f-44de-a361-1f431670a108","local_time":"20210105135725","is_ascension_mode":true,"campfire_choices":[{"floor":8,"key":"REST"},{"data":"Coolheaded","floor":12,"key":"SMITH"},{"floor":15,"key":"REST"},{"data":"Lockon","floor":23,"key":"SMITH"},{"floor":27,"key":"REST"},{"data":"Biased Cognition","floor":30,"key":"SMITH"},{"floor":32,"key":"REST"}],"circlet_count":0,"master_deck":["AscendersBane","Strike_B","Defend_B","Defend_B","Defend_B","Zap","Dualcast","Lockon+1","Ball Lightning","Coolheaded+1","Cold Snap","Leap","Coolheaded","Static Discharge","Leap","Biased Cognition+1","Cold Snap","Reboot","Barrage","Lockon","Melter","Force Field","Compile Driver","White Noise","Streamline+1","Biased Cognition","Conserve Battery"],"relics":["Runic Pyramid","GremlinMask","Lantern","Art of War","Strawberry","Velvet Choker","Enchiridion","Boot","Lee\u0027s Waffle","PreservedInsect","Mummified Hand","Peace Pipe","Black Star","Toolbox","CaptainsWheel"],"acts_visited":["Exordium","TheCity","TheBeyond"],"potions_floor_usage":[25,33,40],"damage_taken":[{"damage":13,"enemies":"Small Slimes","floor":1,"turns":4},{"damage":5,"enemies":"2 Louse","floor":3,"turns":2},{"damage":0,"enemies":"Cultist","floor":4,"turns":3},{"damage":29,"enemies":"3 Sentries","floor":6,"turns":7},{"damage":9,"enemies":"Blue Slaver","floor":7,"turns":4},{"damage":3,"enemies":"Red Slaver","floor":10,"turns":4},{"damage":18,"enemies":"Gremlin Nob","floor":11,"turns":4},{"damage":0,"enemies":"Large Slime","floor":13,"turns":7},{"damage":21,"enemies":"The Guardian","floor":16,"turns":13},{"damage":16,"enemies":"3 Byrds","floor":18,"turns":6},{"damage":0,"enemies":"Chosen","floor":22,"turns":3},{"damage":9,"enemies":"Centurion and Healer","floor":24,"turns":7},{"damage":44,"enemies":"Gremlin Leader","floor":25,"turns":8},{"damage":3,"enemies":"3 Cultists","floor":28,"turns":5},{"damage":15,"enemies":"Book of Stabbing","floor":29,"turns":5},{"damage":24,"enemies":"Snake Plant","floor":31,"turns":3},{"damage":0,"enemies":"Champ","floor":33,"turns":11},{"damage":18,"enemies":"3 Darklings","floor":35,"turns":4},{"damage":14,"enemies":"Orb Walker","floor":37,"turns":4},{"damage":0,"enemies":"Mind Bloom Boss Battle","floor":39,"turns":5},{"damage":48,"enemies":"Giant Head","floor":40,"turns":7}],"seed_played":"7435912819310061093","potions_obtained":[{"floor":4,"key":"SkillPotion"},{"floor":6,"key":"Ancient Potion"},{"floor":18,"key":"DuplicationPotion"},{"floor":29,"key":"FearPotion"},{"floor":33,"key":"FearPotion"}],"is_trial":false,"path_per_floor":["M","?","M","M","?","E","M","R","T","M","E","R","M","?","R","B",null,"M","?","?","$","M","R","M","E","T","R","M","E","R","M","R","B",null,"M","?","M","$","?","E"],"character_chosen":"DEFECT","items_purchased":["Boot","Lee\u0027s Waffle","Toolbox","Regen Potion"],"campfire_rested":4,"item_purchase_floors":[21,21,38,38],"current_hp_per_floor":[55,73,68,68,68,39,30,52,52,49,38,38,38,38,62,41,72,56,56,40,89,89,89,80,36,36,62,59,44,44,20,46,46,78,60,60,46,46,46,0,0],"gold":58,"neow_bonus":"BOSS_RELIC","is_daily":false,"chose_seed":false,"campfire_upgraded":3,"win_rate":0.0,"timestamp":1609873045,"path_taken":["M","?","M","M","?","E","M","R","T","M","E","R","?","?","R","BOSS","M","?","?","$","M","R","?","E","T","R","M","E","R","M","R","BOSS","M","?","M","$","?","E"],"items_purchased_type":["Relic","Relic","Relic","Potion"],"build_version":"2020-12-22","purchased_purges":0,"victory":false,"max_hp_per_floor":[75,75,75,75,75,75,75,75,75,75,82,82,82,82,82,82,82,82,82,82,89,89,89,89,89,89,89,89,89,89,89,89,89,89,89,89,89,89,89,89,89],"relic_stats":{"Peace Pipe":0,"Lee\u0027s Waffle":49,"counters":[21,116],"Mummified Hand":[42],"PreservedInsect":173,"Art of War":[7],"Black Star":0,"Boot":[65],"obtain_stats":[{"Lantern":6,"Lee\u0027s Waffle":21,"Velvet Choker":17,"Enchiridion":20,"GremlinMask":5,"PreservedInsect":25,"Boot":21,"Peace Pipe":29,"CaptainsWheel":39,"Mummified Hand":26,"Strawberry":11,"Toolbox":38,"Art of War":9,"Black Star":34,"Cracked Core":0,"Runic Pyramid":0},{"Lantern":4,"Lee\u0027s Waffle":10,"Velvet Choker":9,"Enchiridion":10,"GremlinMask":3,"PreservedInsect":13,"Boot":10,"Peace Pipe":15,"CaptainsWheel":20,"Mummified Hand":13,"Strawberry":7,"Toolbox":19,"Art of War":5,"Black Star":17,"Cracked Core":0,"Runic Pyramid":0},{"Lantern":16,"Lee\u0027s Waffle":54,"Velvet Choker":48,"Enchiridion":54,"GremlinMask":9,"PreservedInsect":72,"Boot":54,"Peace Pipe":82,"CaptainsWheel":109,"Mummified Hand":72,"Strawberry":28,"Toolbox":104,"Art of War":20,"Black Star":96,"Cracked Core":0,"Runic Pyramid":0}]},"card_choices":[{"not_picked":["Gash","Stack"],"picked":"Lockon","floor":1},{"not_picked":["Streamline","Leap"],"picked":"Ball Lightning","floor":3},{"not_picked":["Redo","Reprogram"],"picked":"Coolheaded","floor":4},{"not_picked":["Go for the Eyes","Turbo"],"picked":"Cold Snap","floor":6},{"not_picked":["Biased Cognition","Go for the Eyes"],"picked":"Leap","floor":7},{"not_picked":["Force Field","Go for the Eyes"],"picked":"Coolheaded","floor":10},{"not_picked":["Rebound","Beam Cell"],"picked":"Static Discharge","floor":11},{"not_picked":["Stack","Rebound"],"picked":"Leap","floor":13},{"not_picked":["Amplify","Meteor Strike"],"picked":"Biased Cognition","floor":16},{"not_picked":["Go for the Eyes","Coolheaded"],"picked":"Cold Snap","floor":18},{"not_picked":["Melter","Sweeping Beam"],"picked":"Lockon","floor":22},{"not_picked":["Stack","Cold Snap"],"picked":"Melter","floor":24},{"not_picked":["Gash","Hello World"],"picked":"Force Field","floor":25},{"not_picked":["Reinforced Body+1","Chaos"],"picked":"Compile Driver","floor":28},{"not_picked":["Stack","FTL"],"picked":"White Noise","floor":29},{"not_picked":["Compile Driver","Coolheaded"],"picked":"Streamline+1","floor":31},{"not_picked":["Amplify","All For One"],"picked":"Biased Cognition","floor":33},{"not_picked":["Compile Driver","Coolheaded","Go for the Eyes"],"picked":"SKIP","floor":35},{"not_picked":["Streamline","Skim","Barrage"],"picked":"SKIP","floor":37},{"not_picked":["Scrape","Stack"],"picked":"Conserve Battery","floor":39}],"player_experience":443228,"relics_obtained":[{"floor":6,"key":"Lantern"},{"floor":9,"key":"Art of War"},{"floor":11,"key":"Strawberry"},{"floor":20,"key":"Enchiridion"},{"floor":25,"key":"PreservedInsect"},{"floor":26,"key":"Mummified Hand"},{"floor":29,"key":"Peace Pipe"},{"floor":39,"key":"CaptainsWheel"}],"event_choices":[{"damage_healed":18,"gold_gain":0,"player_choice":"Healed","damage_taken":0,"max_hp_gain":0,"max_hp_loss":0,"event_name":"The Cleric","floor":2,"gold_loss":35},{"damage_healed":0,"gold_gain":0,"player_choice":"Trade","damage_taken":0,"relics_obtained":["GremlinMask"],"max_hp_gain":0,"max_hp_loss":0,"event_name":"FaceTrader","floor":5,"gold_loss":0},{"cards_removed":["Strike_B"],"damage_healed":0,"gold_gain":0,"player_choice":"Purged","damage_taken":0,"max_hp_gain":0,"max_hp_loss":0,"event_name":"Purifier","floor":14,"gold_loss":0},{"damage_healed":0,"gold_gain":0,"cards_transformed":["Strike_B","Strike_B"],"player_choice":"Became Test Subject","damage_taken":0,"max_hp_gain":0,"max_hp_loss":0,"event_name":"Drug Dealer","floor":19,"gold_loss":0,"cards_obtained":["Reboot","Barrage"]},{"damage_healed":0,"gold_gain":0,"player_choice":"Obtained Book","damage_taken":16,"max_hp_gain":0,"max_hp_loss":0,"event_name":"Cursed Tome","floor":20,"gold_loss":0},{"cards_removed":["Defend_B"],"damage_healed":0,"gold_gain":0,"player_choice":"Removed Skill","damage_taken":0,"max_hp_gain":0,"max_hp_loss":0,"event_name":"Falling","floor":36,"gold_loss":0},{"damage_healed":0,"gold_gain":0,"player_choice":"Fight","damage_taken":0,"max_hp_gain":0,"max_hp_loss":0,"event_name":"MindBloom","floor":39,"gold_loss":0}],"is_beta":false,"boss_relics":[{"not_picked":["SlaversCollar","Coffee Dripper"],"picked":"Velvet Choker"},{"not_picked":["Pandora\u0027s Box","Philosopher\u0027s Stone"],"picked":"Black Star"}],"items_purged_floors":[],"is_endless":false,"potions_floor_spawned":[4,6,13,16,18,29,31,33],"killed_by":"Giant Head","ascension_level":13}}