{"host":"6azrrw3tf7wb0f4b","time":1609827139,"event":{"mods":["BaseMod","DeckTracker","Minty Spire (QoL Compilation)","SuperFastMode"],"gold_per_floor":[110,125,125,135,154,154,166,192,192,250,278,293,311,222,222,301,301,316,316,316,51,62,62,92,92,92,92,7,21,21,52,52,52,52],"floor_reached":33,"playtime":1549,"items_purged":[],"score":546,"play_id":"f01141ad-8cd3-4a90-bb41-79173e5c5d6a","local_time":"20210105151219","is_ascension_mode":true,"campfire_choices":[{"data":"Inflame","floor":6.0,"key":"SMITH"},{"floor":15.0,"key":"REST"},{"floor":23,"key":"REST"},{"data":"Armaments","floor":25,"key":"SMITH"},{"floor":27,"key":"REST"},{"floor":32,"key":"REST"}],"circlet_count":0,"master_deck":["AscendersBane","Strike_R","Defend_R","Defend_R","Defend_R","Defend_R","Bash","Whirlwind","Blood for Blood","Carnage","Sword Boomerang","Inflame+1","Heavy Blade","Battle Trance","Pommel Strike","Armaments+1","Pummel","Evolve","Limit Break+1","Rage+1","Sever Soul+1","Reaper+1","Feed","Seeing Red+1"],"relics":["Burning Blood","NlothsMask","Pear","Red Skull","Letter Opener","Astrolabe","Nilry\u0027s Codex","Ornamental Fan","Anchor","Shovel","Vajra","Question Card"],"acts_visited":["Exordium","TheCity"],"potions_floor_usage":[33],"damage_taken":[{"damage":10.0,"enemies":"Small Slimes","floor":1.0,"turns":3.0},{"damage":6.0,"enemies":"Cultist","floor":2.0,"turns":3.0},{"damage":0.0,"enemies":"2 Louse","floor":4.0,"turns":1.0},{"damage":14.0,"enemies":"2 Fungi Beasts","floor":5.0,"turns":4.0},{"damage":12.0,"enemies":"Looter","floor":7.0,"turns":3.0},{"damage":30.0,"enemies":"Lagavulin","floor":8.0,"turns":7.0},{"damage":32.0,"enemies":"Lagavulin Event","floor":10.0,"turns":5.0},{"damage":10.0,"enemies":"Gremlin Nob","floor":11.0,"turns":3.0},{"damage":20.0,"enemies":"Gremlin Gang","floor":12.0,"turns":3.0},{"damage":0.0,"enemies":"Large Slime","floor":13.0,"turns":3.0},{"damage":12,"enemies":"Slime Boss","floor":16,"turns":6},{"damage":32,"enemies":"Shell Parasite","floor":18,"turns":4},{"damage":17,"enemies":"2 Thieves","floor":22,"turns":4},{"damage":79,"enemies":"Slavers","floor":24,"turns":5},{"damage":4,"enemies":"Centurion and Healer","floor":29,"turns":3},{"damage":45,"enemies":"Gremlin Leader","floor":31,"turns":6},{"damage":86,"enemies":"Automaton","floor":33,"turns":6}],"seed_played":"-6631483232381971297","potions_obtained":[{"floor":4.0,"key":"SkillPotion"},{"floor":7.0,"key":"Block Potion"},{"floor":8.0,"key":"AttackPotion"},{"floor":10.0,"key":"Regen Potion"},{"floor":22,"key":"LiquidBronze"},{"floor":29,"key":"SpeedPotion"}],"is_trial":false,"path_per_floor":["M","M","?","M","M","R","M","E","T","?","E","M","M","$","R","B",null,"M","?","?","$","M","R","E","R","T","R","?","M","?","E","R","B"],"character_chosen":"IRONCLAD","items_purchased":["Evolve","Ornamental Fan"],"campfire_rested":4,"item_purchase_floors":[14,21],"current_hp_per_floor":[64,64,64,70,62,62,56,42,42,16,21,7,13,13,38,32,72,46,25,25,25,31,56,16,16,16,41,41,43,43,22,47,0,0],"gold":52,"neow_bonus":"TRANSFORM_CARD","is_daily":false,"chose_seed":false,"campfire_upgraded":2,"win_rate":0.0,"timestamp":1609827139,"path_taken":["M","M","?","?","M","R","M","E","T","?","E","M","M","$","R","BOSS","M","?","?","$","M","R","E","R","T","R","?","M","?","E","R","BOSS"],"items_purchased_type":["Card","Relic"],"build_version":"2020-12-22","purchased_purges":0,"victory":false,"max_hp_per_floor":[75,75,75,75,75,75,75,85,85,85,85,85,85,85,85,85,85,85,85,85,85,85,85,85,85,85,85,85,85,85,85,85,85,85],"card_choices":[{"not_picked":["Warcry","Dual Wield"],"picked":"Blood for Blood","floor":1.0},{"not_picked":["Inflame","Perfected Strike"],"picked":"Carnage","floor":2.0},{"not_picked":["Cleave","Heavy Blade"],"picked":"Sword Boomerang","floor":4.0},{"not_picked":["Cleave","Heavy Blade"],"picked":"Inflame","floor":5.0},{"not_picked":["Wild Strike","Dark Embrace"],"picked":"Heavy Blade","floor":7.0},{"not_picked":["Metallicize","Blood for Blood"],"picked":"Battle Trance","floor":8.0},{"not_picked":["Barricade","Flex"],"picked":"Pommel Strike","floor":10.0},{"not_picked":["Body Slam","Berserk"],"picked":"Armaments","floor":11.0},{"not_picked":["Warcry","Heavy Blade"],"picked":"Pummel","floor":12.0},{"not_picked":["Cleave","Body Slam","Rampage"],"picked":"SKIP","floor":13.0},{"not_picked":["Berserk","Barricade"],"picked":"Limit Break","floor":16},{"not_picked":["Thunderclap","Headbutt","Shrug It Off"],"picked":"SKIP","floor":18},{"not_picked":["Heavy Blade","Feel No Pain","Headbutt"],"picked":"SKIP","floor":22},{"not_picked":["Flex","Armaments","Inflame"],"picked":"SKIP","floor":24},{"not_picked":["True Grit","Clash"],"picked":"Feed","floor":29},{"not_picked":["Heavy Blade","Flex+1"],"picked":"Seeing Red+1","floor":31}],"player_experience":673315,"relics_obtained":[{"floor":8.0,"key":"Pear"},{"floor":10.0,"key":"Red Skull"},{"floor":11.0,"key":"Letter Opener"},{"floor":19,"key":"Nilry\u0027s Codex"},{"floor":24,"key":"Anchor"},{"floor":26,"key":"Shovel"},{"floor":31,"key":"Question Card"}],"event_choices":[{"damage_healed":0.0,"max_hp_gain":0.0,"max_hp_loss":0.0,"gold_gain":0.0,"event_name":"FaceTrader","player_choice":"Trade","floor":3.0,"gold_loss":0.0,"damage_taken":0.0,"relics_obtained":["NlothsMask"]},{"damage_healed":0.0,"max_hp_gain":0.0,"max_hp_loss":0.0,"gold_gain":0.0,"event_name":"Dead Adventurer","player_choice":"Searched \u00271\u0027 times","floor":10.0,"gold_loss":0.0,"damage_taken":0.0},{"damage_healed":0,"gold_gain":0,"player_choice":"Obtained Book","damage_taken":21,"max_hp_gain":0,"max_hp_loss":0,"event_name":"Cursed Tome","floor":19,"gold_loss":0},{"damage_healed":0,"gold_gain":0,"player_choice":"Ignored","damage_taken":0,"max_hp_gain":0,"max_hp_loss":0,"event_name":"Ghosts","floor":20,"gold_loss":0},{"damage_healed":0,"gold_gain":0,"player_choice":"Obtained Relic","damage_taken":0,"relics_obtained":["Vajra"],"max_hp_gain":0,"max_hp_loss":0,"event_name":"Addict","floor":28,"gold_loss":85},{"damage_healed":0,"gold_gain":0,"player_choice":"Upgraded","damage_taken":0,"max_hp_gain":0,"max_hp_loss":0,"event_name":"Upgrade Shrine","floor":30,"gold_loss":0,"cards_upgraded":["Limit Break"]}],"is_beta":false,"boss_relics":[{"not_picked":["Runic Cube","Coffee Dripper"],"picked":"Astrolabe"}],"items_purged_floors":[],"is_endless":false,"potions_floor_spawned":[4,7,8,10,22,29,31],"killed_by":"Automaton","ascension_level":17}}