{"host":"za51qju8r56bcr85","time":1609831407,"event":{"mods":["Act Like it!","BaseMod","Block Reminder","Googly Eyes","Minty Spire (QoL Compilation)","Quick Restart","Relic Sorter","Relic Stats","Shop Mod","StSLib","SuperFastMode"],"gold_per_floor":[363,377,142,160,160,192,208,208,262,274,274,307,307,326,326,400,400,410,410,410,429,344,344,376,376,403,431,166,166,185,210,210,288,288,302,78,103,103,114,141,153,165,177,216,238,301,329,341,353,365,377,389,401,33,68,68],"floor_reached":57,"playtime":1914,"items_purged":["Strike_R","Bash","Hemokinesis","Uppercut+1"],"score":3427,"play_id":"a5e8edab-0569-4eca-aca8-453f41eea5f4","local_time":"20210105152327","is_ascension_mode":true,"campfire_choices":[{"data":"Fire Breathing","floor":8.0,"key":"SMITH"},{"floor":11.0,"key":"REST"},{"floor":13.0,"key":"RECALL"},{"data":"Reckless Charge","floor":15.0,"key":"SMITH"},{"data":"Evolve","floor":23.0,"key":"SMITH"},{"data":"Uppercut","floor":25.0,"key":"SMITH"},{"data":"Pommel Strike","floor":32.0,"key":"SMITH"},{"data":"Reckless Charge","floor":41.0,"key":"SMITH"},{"data":"Flash of Steel","floor":49.0,"key":"SMITH"}],"circlet_count":0,"master_deck":["AscendersBane","Clumsy","Fire Breathing+1","Spot Weakness+1","Seeing Red+1","Reckless Charge+1","Second Wind+1","Offering+1","Disarm+1","Disarm+1","Reckless Charge+1","Evolve+1","Shrug It Off+1","Rage+1","Ghostly+1","Ghostly+1","Ghostly+1","Pommel Strike+1","Offering+1","Impatience+1","Flash of Steel+1","Shockwave+1","Warcry+1","True Grit+1"],"relics":["Burning Blood","Frozen Eye","Bag of Preparation","Toxic Egg 2","Dream Catcher","Happy Flower","Gambling Chip","Pandora\u0027s Box","Kunai","Letter Opener","Ancient Tea Set","Potion Belt","Bottled Tornado","Coffee Dripper","Membership Card","Unceasing Top","MawBank","Molten Egg 2","Bag of Marbles","Mango","Brimstone","Akabeko","Ornamental Fan","Nunchaku"],"acts_visited":["Exordium","TheCity","TheBeyond","TheEnding"],"potions_floor_usage":[56],"damage_taken":[{"damage":9.0,"enemies":"2 Louse","floor":1.0,"turns":3.0},{"damage":2.0,"enemies":"Jaw Worm","floor":2.0,"turns":3.0},{"damage":0.0,"enemies":"Small Slimes","floor":4.0,"turns":2.0},{"damage":32.0,"enemies":"Gremlin Nob","floor":6.0,"turns":4.0},{"damage":7.0,"enemies":"Looter","floor":7.0,"turns":3.0},{"damage":10.0,"enemies":"3 Louse","floor":10.0,"turns":6.0},{"damage":20.0,"enemies":"3 Sentries","floor":12.0,"turns":3.0},{"damage":9.0,"enemies":"2 Fungi Beasts","floor":14.0,"turns":4.0},{"damage":15.0,"enemies":"Hexaghost","floor":16.0,"turns":7.0},{"damage":6.0,"enemies":"Shell Parasite","floor":18.0,"turns":3.0},{"damage":1.0,"enemies":"3 Byrds","floor":21.0,"turns":4.0},{"damage":2.0,"enemies":"Gremlin Leader","floor":24.0,"turns":4.0},{"damage":6.0,"enemies":"Book of Stabbing","floor":27.0,"turns":4.0},{"damage":1.0,"enemies":"Sentry and Sphere","floor":30.0,"turns":3.0},{"damage":1.0,"enemies":"Gremlin Leader","floor":31.0,"turns":4.0},{"damage":1.0,"enemies":"Champ","floor":33.0,"turns":5.0},{"damage":7.0,"enemies":"Orb Walker","floor":35.0,"turns":2.0},{"damage":7.0,"enemies":"Mind Bloom Boss Battle","floor":37.0,"turns":3.0},{"damage":2.0,"enemies":"3 Darklings","floor":39.0,"turns":2.0},{"damage":2.0,"enemies":"Reptomancer","floor":40.0,"turns":3.0},{"damage":2.0,"enemies":"Nemesis","floor":44.0,"turns":2.0},{"damage":2.0,"enemies":"Sphere and 2 Shapes","floor":45.0,"turns":2.0},{"damage":2.0,"enemies":"2 Orb Walkers","floor":46.0,"turns":2.0},{"damage":7.0,"enemies":"Transient","floor":47.0,"turns":5.0},{"damage":7.0,"enemies":"Donu and Deca","floor":50.0,"turns":3.0},{"damage":7.0,"enemies":"Awakened One","floor":51.0,"turns":4.0},{"damage":2.0,"enemies":"Shield and Spear","floor":55.0,"turns":2.0},{"damage":8,"enemies":"The Heart","floor":56,"turns":5}],"seed_played":"-8095322592185937721","potions_obtained":[{"floor":2.0,"key":"DuplicationPotion"},{"floor":4.0,"key":"BlessingOfTheForge"},{"floor":7.0,"key":"Weak Potion"},{"floor":12.0,"key":"LiquidMemories"},{"floor":31.0,"key":"LiquidMemories"},{"floor":33.0,"key":"Dexterity Potion"},{"floor":35.0,"key":"SkillPotion"}],"is_trial":false,"path_per_floor":["M","M","$","M","?","E","M","R","T","M","R","E","R","M","R","B",null,"M","?","?","M","?","R","E","R","T","E","$","?","M","E","R","B",null,"M","$","?","?","M","E","R","?","T","E","M","?","M","?","R","B","B",null,"R","$","E","B",null],"character_chosen":"IRONCLAD","items_purchased":["Bag of Preparation","Potion Belt","Membership Card","Brimstone","Akabeko","Ornamental Fan"],"campfire_rested":1,"item_purchase_floors":[3,28,36,54,54,54],"current_hp_per_floor":[65,69,69,75,64,38,37,37,37,33,55,41,41,38,38,29,64,64,64,37,37,37,37,37,37,37,37,37,37,37,37,37,37,37,36,36,35,25,29,33,33,33,33,37,37,51,50,50,50,49,48,50,50,50,51,49],"gold":68,"neow_bonus":"TWO_FIFTY_GOLD","is_daily":false,"chose_seed":false,"campfire_upgraded":7,"win_rate":0.0,"timestamp":1609831407,"path_taken":["M","M","$","M","?","E","M","R","T","M","R","E","R","M","R","BOSS","M","?","?","M","?","R","E","R","T","E","$","?","M","E","R","BOSS","M","$","?","?","M","E","R","?","T","E","M","?","M","?","R","BOSS","BOSS","R","$","E","BOSS"],"items_purchased_type":["Relic","Relic","Relic","Relic","Relic","Relic"],"build_version":"2020-12-22","purchased_purges":4,"victory":true,"max_hp_per_floor":[75,75,75,75,75,75,75,75,75,75,75,75,75,75,75,75,75,75,75,37,37,37,37,37,37,37,37,37,37,37,37,37,37,37,37,37,37,37,37,37,37,37,37,37,37,51,51,51,51,51,51,51,51,51,51,51],"relic_stats":{"Happy Flower":[27],"counters":[28,97],"Bag of Preparation":[52],"Letter Opener":[615],"MawBank":168,"Burning Blood":133,"Dream Catcher":1,"Nunchaku":[5],"Ornamental Fan":[72],"Gambling Chip":[50],"Pandora\u0027s Box":["Disarm","Hemokinesis","Disarm","Reckless Charge","Evolve","Uppercut","Battle Trance","Shrug It Off"],"Kunai":[64],"obtain_stats":[{"Potion Belt":28,"Happy Flower":9,"Mango":46,"Bag of Preparation":3,"Letter Opener":24,"Bottled Tornado":31,"Ancient Tea Set":27,"MawBank":40,"Burning Blood":0,"Akabeko":54,"Frozen Eye":1,"Dream Catcher":6,"Nunchaku":55,"Brimstone":54,"Ornamental Fan":54,"Gambling Chip":12,"Pandora\u0027s Box":17,"Molten Egg 2":43,"Coffee Dripper":34,"Bag of Marbles":44,"Kunai":22,"Membership Card":36,"Toxic Egg 2":5,"Unceasing Top":37},{"Potion Belt":13,"Happy Flower":5,"Mango":23,"Bag of Preparation":2,"Letter Opener":12,"Bottled Tornado":15,"Ancient Tea Set":13,"MawBank":20,"Burning Blood":0,"Akabeko":26,"Frozen Eye":1,"Dream Catcher":4,"Nunchaku":27,"Brimstone":26,"Ornamental Fan":26,"Gambling Chip":7,"Pandora\u0027s Box":9,"Molten Egg 2":20,"Coffee Dripper":16,"Bag of Marbles":21,"Kunai":11,"Membership Card":17,"Toxic Egg 2":3,"Unceasing Top":18},{"Potion Belt":50,"Happy Flower":15,"Mango":78,"Bag of Preparation":6,"Letter Opener":46,"Bottled Tornado":57,"Ancient Tea Set":50,"MawBank":72,"Burning Blood":0,"Akabeko":90,"Frozen Eye":1,"Dream Catcher":12,"Nunchaku":92,"Brimstone":90,"Ornamental Fan":90,"Gambling Chip":24,"Pandora\u0027s Box":35,"Molten Egg 2":72,"Coffee Dripper":62,"Bag of Marbles":74,"Kunai":42,"Membership Card":64,"Toxic Egg 2":8,"Unceasing Top":67}],"Unceasing Top":[11]},"card_choices":[{"not_picked":["Uppercut","Ghostly Armor"],"picked":"Anger","floor":1.0},{"not_picked":["Dark Embrace","Power Through"],"picked":"Fire Breathing","floor":2.0},{"not_picked":["Entrench","Anger","Iron Wave"],"picked":"SKIP","floor":4.0},{"not_picked":["Flex+1","Infernal Blade+1"],"picked":"Spot Weakness+1","floor":6.0},{"not_picked":["Searing Blow","Clothesline","Iron Wave"],"picked":"SKIP","floor":7.0},{"not_picked":["Fire Breathing","Body Slam"],"picked":"Seeing Red+1","floor":10.0},{"not_picked":["Juggernaut","Dual Wield+1"],"picked":"Reckless Charge","floor":11.0},{"not_picked":["Battle Trance+1","Seeing Red+1"],"picked":"Second Wind+1","floor":12.0},{"not_picked":["Sword Boomerang","True Grit+1","Uppercut"],"picked":"SKIP","floor":14.0},{"not_picked":["Limit Break+1","Double Tap+1"],"picked":"Offering+1","floor":16.0},{"not_picked":["Spot Weakness+1","Whirlwind","Perfected Strike"],"picked":"SKIP","floor":18.0},{"not_picked":["Perfected Strike","Iron Wave","Anger"],"picked":"SKIP","floor":21.0},{"not_picked":["Perfected Strike","Clothesline","Intimidate+1"],"picked":"SKIP","floor":24.0},{"not_picked":["Body Slam","Wild Strike","Pommel Strike"],"picked":"SKIP","floor":27.0},{"not_picked":["Flex+1","Twin Strike+1","Double Tap+1"],"picked":"SKIP","floor":30.0},{"not_picked":["Searing Blow","True Grit+1"],"picked":"Pommel Strike","floor":31.0},{"not_picked":["Fiend Fire","Reaper"],"picked":"Offering+1","floor":33.0},{"not_picked":["Cleave","Shrug It Off+1","Clothesline"],"picked":"SKIP","floor":35.0},{"not_picked":["Trip+1","Bandage Up+1"],"picked":"Impatience+1","floor":38.0},{"not_picked":["Madness+1","Discovery+1"],"picked":"Flash of Steel","floor":38.0},{"not_picked":["Clash","Armaments+1","Bloodletting+1"],"picked":"SKIP","floor":39.0},{"not_picked":["Shrug It Off+1","Fire Breathing","Iron Wave"],"picked":"SKIP","floor":40.0},{"not_picked":["Twin Strike+1","Anger+1"],"picked":"Shockwave+1","floor":44.0},{"not_picked":["Sentinel+1","Sword Boomerang+1"],"picked":"Warcry+1","floor":45.0},{"not_picked":["Pommel Strike+1","Rage+1"],"picked":"True Grit+1","floor":47.0},{"not_picked":["Headbutt+1","Immolate+1","Pummel+1"],"picked":"SKIP","floor":55.0}],"player_experience":1330799,"relics_obtained":[{"floor":6.0,"key":"Dream Catcher"},{"floor":9.0,"key":"Happy Flower"},{"floor":12.0,"key":"Gambling Chip"},{"floor":24.0,"key":"Letter Opener"},{"floor":27.0,"key":"Ancient Tea Set"},{"floor":31.0,"key":"Bottled Tornado"},{"floor":37.0,"key":"Unceasing Top"},{"floor":40.0,"key":"MawBank"},{"floor":43.0,"key":"Molten Egg 2"},{"floor":44.0,"key":"Bag of Marbles"},{"floor":46.0,"key":"Mango"},{"floor":55.0,"key":"Nunchaku"}],"event_choices":[{"damage_healed":0.0,"max_hp_gain":0.0,"max_hp_loss":0.0,"gold_gain":0.0,"event_name":"Scrap Ooze","player_choice":"Success","floor":5.0,"gold_loss":0.0,"damage_taken":11.0,"relics_obtained":["Toxic Egg 2"]},{"damage_healed":0.0,"max_hp_gain":0.0,"max_hp_loss":0.0,"gold_gain":0.0,"event_name":"The Library","player_choice":"Read","floor":19.0,"gold_loss":0.0,"damage_taken":0.0,"cards_obtained":["Rage"]},{"damage_healed":0.0,"max_hp_gain":0.0,"max_hp_loss":38.0,"gold_gain":0.0,"event_name":"Ghosts","player_choice":"Became a Ghost","floor":20.0,"gold_loss":0.0,"damage_taken":0.0,"cards_obtained":["Ghostly","Ghostly","Ghostly"]},{"damage_healed":0.0,"max_hp_gain":0.0,"max_hp_loss":0.0,"gold_gain":0.0,"event_name":"Addict","player_choice":"Obtained Relic","floor":22.0,"gold_loss":85.0,"damage_taken":0.0,"relics_obtained":["Kunai"]},{"cards_removed":["Anger"],"damage_healed":0.0,"max_hp_gain":0.0,"max_hp_loss":0.0,"gold_gain":0.0,"event_name":"Back to Basics","player_choice":"Elegance","floor":29.0,"gold_loss":0.0,"damage_taken":0.0},{"damage_healed":0.0,"max_hp_gain":0.0,"max_hp_loss":0.0,"gold_gain":0.0,"event_name":"MindBloom","player_choice":"Fight","floor":37.0,"gold_loss":0.0,"damage_taken":0.0},{"damage_healed":0.0,"max_hp_gain":0.0,"max_hp_loss":0.0,"gold_gain":0.0,"event_name":"SensoryStone","player_choice":"Memory 3","floor":38.0,"gold_loss":0.0,"damage_taken":10.0},{"cards_removed":["Battle Trance"],"damage_healed":0.0,"max_hp_gain":0.0,"max_hp_loss":0.0,"gold_gain":0.0,"event_name":"Falling","player_choice":"Removed Skill","floor":42.0,"gold_loss":0.0,"damage_taken":0.0},{"damage_healed":0.0,"max_hp_gain":0.0,"max_hp_loss":0.0,"gold_gain":0.0,"event_name":"Mysterious Sphere","player_choice":"Fight","floor":46.0,"gold_loss":0.0,"damage_taken":0.0},{"damage_healed":0.0,"max_hp_gain":0.0,"max_hp_loss":0.0,"gold_gain":0.0,"event_name":"Tomb of Lord Red Mask","player_choice":"Ignored","floor":48.0,"gold_loss":0.0,"damage_taken":0.0}],"is_beta":false,"boss_relics":[{"not_picked":["Runic Pyramid","Tiny House"],"picked":"Pandora\u0027s Box"},{"not_picked":["Astrolabe","SacredBark"],"picked":"Coffee Dripper"}],"items_purged_floors":[3,28,36,54],"is_endless":false,"potions_floor_spawned":[2,4,7,12,27,31,33,35,40,44,47],"ascension_level":20}}