{"host":"19r1ww88x2tc73i0","time":1609859327,"event":{"mods":["BaseMod","BetterRewards","Colored Map","Minty Spire (QoL Compilation)","Relic Stats","StSLib","SuperFastMode","slay the spire mod where everything is the same but ironclad has a cowboy hat"],"gold_per_floor":[116,133,133,133,133,133,166,166,189,215,225,245,245,320,320,397,397,417,417,417,254,268,299,299,331,358,408,408,421,449,461,461,533,533,549,599,371,420,438,438,476,476,499,527,527,567,567,604,604,604,604],"floor_reached":50,"playtime":2147,"items_purged":["Strike_G","Defend_G"],"score":1584,"play_id":"577573d6-510a-4fec-a525-4f3f2969b1e5","local_time":"25640105220847","is_ascension_mode":true,"campfire_choices":[{"data":"Glass Knife","floor":6.0,"key":"SMITH"},{"data":"Bouncing Flask","floor":8.0,"key":"SMITH"},{"data":"Corpse Explosion","floor":13.0,"key":"SMITH"},{"data":"Leg Sweep","floor":15.0,"key":"SMITH"},{"data":"Accuracy","floor":24.0,"key":"SMITH"},{"floor":32,"key":"REST"},{"data":"Venomology","floor":40,"key":"SMITH"},{"data":"Tactician","floor":45,"key":"SMITH"},{"data":"Malaise","floor":47,"key":"SMITH"},{"floor":49,"key":"RECALL"}],"circlet_count":0,"master_deck":["AscendersBane","Strike_G+1","Strike_G+1","Strike_G+1","Strike_G+1","Defend_G+1","Defend_G+1","Defend_G+1","Defend_G+1","Survivor","Neutralize","Accuracy+1","Bouncing Flask+1","Leg Sweep+1","Glass Knife+1","Backflip","Slice","Corpse Explosion+1","Malaise+1","Cloak And Dagger+1","Well Laid Plans","Underhanded Strike+1","A Thousand Cuts+1","Blur","Footwork+1","Deflect","Blur","Infinite Blades+1","Venomology+1","Acrobatics","Tactician+1","Setup+1","Crippling Poison","Envenom+1"],"relics":["Ring of the Snake","Medical Kit","Turnip","The Specimen","Juzu Bracelet","Lantern","Torii","Orichalcum","Oddly Smooth Stone","Eternal Feather","Black Star","HandDrill","Dream Catcher","Gremlin Horn","Anchor","Frozen Egg 2","Lizard Tail","Shuriken","Bag of Marbles","Coffee Dripper","Snake Skull","CeramicFish","PreservedInsect","Akabeko","Bronze Scales","HornCleat","Prayer Wheel","Nunchaku"],"acts_visited":["Exordium","TheCity","TheBeyond"],"potions_floor_usage":[30,41,44,46,48,50,50,50],"damage_taken":[{"damage":2.0,"enemies":"Jaw Worm","floor":1.0,"turns":5.0},{"damage":1.0,"enemies":"2 Louse","floor":2.0,"turns":3.0},{"damage":13.0,"enemies":"Gremlin Nob","floor":7.0,"turns":4.0},{"damage":15.0,"enemies":"Lagavulin","floor":10.0,"turns":5.0},{"damage":6.0,"enemies":"Small Slimes","floor":11.0,"turns":3.0},{"damage":1.0,"enemies":"Blue Slaver","floor":12.0,"turns":3.0},{"damage":13.0,"enemies":"Hexaghost","floor":16.0,"turns":10.0},{"damage":0.0,"enemies":"3 Byrds","floor":18.0,"turns":2.0},{"damage":1.0,"enemies":"Shell Parasite","floor":22.0,"turns":6.0},{"damage":36.0,"enemies":"Gremlin Leader","floor":23.0,"turns":7.0},{"damage":16.0,"enemies":"Slavers","floor":25.0,"turns":4.0},{"damage":7.0,"enemies":"Shelled Parasite and Fungi","floor":29.0,"turns":5.0},{"damage":1,"enemies":"Gremlin Leader","floor":30,"turns":6},{"damage":7,"enemies":"3 Cultists","floor":31,"turns":4},{"damage":42,"enemies":"Champ","floor":33,"turns":13},{"damage":0,"enemies":"Orb Walker","floor":35,"turns":3},{"damage":1,"enemies":"3 Darklings","floor":39,"turns":4},{"damage":19,"enemies":"Nemesis","floor":41,"turns":7},{"damage":14,"enemies":"Spire Growth","floor":44,"turns":4},{"damage":8,"enemies":"Reptomancer","floor":46,"turns":4},{"damage":44,"enemies":"Giant Head","floor":48,"turns":8},{"damage":34,"enemies":"Time Eater","floor":50,"turns":8}],"seed_played":"-5872490394226995118","potions_obtained":[{"floor":7.0,"key":"ColorlessPotion"},{"floor":10.0,"key":"PowerPotion"},{"floor":12.0,"key":"FearPotion"},{"floor":18.0,"key":"Fruit Juice"},{"floor":23.0,"key":"GamblersBrew"},{"floor":33,"key":"Weak Potion"},{"floor":35,"key":"LiquidBronze"},{"floor":44,"key":"FearPotion"}],"is_trial":false,"path_per_floor":["M","M","?","$","?","R","E","R","T","E","M","M","R","?","R","B",null,"M","?","?","$","M","E","R","E","T","?","T","M","E","M","R","B",null,"M","?","$","T","M","R","E","?","T","M","R","E","R","E","R","B"],"character_chosen":"THE_SILENT","items_purchased":["Medical Kit","Accuracy","Juzu Bracelet","Lantern","Bouncing Flask","PowerPotion","HandDrill","Infinite Blades+1","Venomology"],"campfire_rested":1,"item_purchase_floors":[0,0,0,0,0,0,21,37,37],"current_hp_per_floor":[57,56,61,61,61,61,48,48,48,33,27,26,35,24,33,20,58,58,58,58,58,57,26,38,22,22,22,22,15,14,7,44,2,58,58,58,58,58,57,75,56,56,56,42,60,52,70,26,44,10,10],"gold":604,"neow_bonus":"","is_daily":false,"chose_seed":false,"campfire_upgraded":8,"win_rate":0.0,"timestamp":1609859327,"path_taken":["M","M","?","$","?","R","E","R","T","E","M","M","R","?","R","BOSS","M","?","?","$","M","E","R","E","T","?","?","M","E","M","R","BOSS","M","?","$","?","M","R","E","?","T","M","R","E","R","E","R","BOSS"],"items_purchased_type":["Relic","Card","Relic","Relic","Card","Potion","Relic","Card","Card"],"build_version":"2020-12-22","purchased_purges":2,"victory":false,"max_hp_per_floor":[66,66,71,71,71,71,71,71,71,71,71,71,71,71,71,71,71,71,71,71,71,71,76,76,76,76,76,76,76,76,76,76,76,76,76,76,76,76,76,76,76,76,76,76,76,76,76,76,76,76,76],"relic_stats":{"Torii":41,"Gremlin Horn":[13,13],"counters":[250,1148],"CeramicFish":36,"Eternal Feather":117,"Snake Skull":[51],"PreservedInsect":191,"Juzu Bracelet":1,"Orichalcum":[198],"Medical Kit":[6],"Dream Catcher":1,"Lizard Tail":0,"Nunchaku":[1],"Shuriken":[23],"Bronze Scales":[45],"Prayer Wheel":1,"Turnip":[14],"Black Star":6,"HandDrill":[96],"obtain_stats":[{"TwistedFunnel":20,"Ginger":0,"Whetstone":7,"Bottled Tornado":12,"Sling":36,"Boot":11,"Blood Vial":12,"MealTicket":31,"HandDrill":0,"Runic Cube":17,"Pear":9,"Blue Candle":9,"Velvet Choker":17,"Eternal Feather":11,"Tingsha":48,"Pen Nib":9,"Paper Crane":0,"Akabeko":0,"Bird Faced Urn":0,"Unceasing Top":0,"Lantern":13,"Regal Pillow":9,"Torii":0,"Singing Bowl":11,"StoneCalendar":47,"Bag of Preparation":31,"Cursed Key":17,"Smiling Mask":24,"Ancient Tea Set":28,"Burning Blood":0,"Matryoshka":0,"Shovel":10,"Ninja Scroll":26,"WingedGreaves":0,"Chemical X":0,"Paper Frog":4,"Ring of the Snake":0,"Potion Belt":13,"The Specimen":0,"Self Forming Clay":3,"Golden Idol":3,"Thread and Needle":37,"PreservedInsect":0,"The Courier":10,"Omamori":26,"Frozen Egg 2":20,"MawBank":23,"Busted Crown":34,"Ornamental Fan":6,"Turnip":0,"Art of War":0,"Bottled Lightning":29,"Toy Ornithopter":9,"Ice Cream":0,"Calipers":25,"Gremlin Horn":48,"CeramicFish":0,"Vajra":46,"Runic Capacitor":0,"Sozu":17,"Lizard Tail":0,"Centennial Puzzle":46,"HornCleat":11,"Strawberry":8,"Prayer Wheel":45,"Philosopher\u0027s Stone":34,"Toxic Egg 2":0,"Girya":13,"Happy Flower":28,"Dead Branch":0,"Oddly Smooth Stone":34,"Letter Opener":34,"War Paint":9,"Du-Vu Doll":0,"OrangePellets":0,"Shuriken":8,"Bronze Scales":43,"Molten Egg 2":45,"Black Star":17,"Symbiotic Virus":6,"Meat on the Bone":3,"Darkstone Periapt":26,"Mango":0,"Snake Skull":45,"Juzu Bracelet":0,"Incense Burner":0,"Empty Cage":17,"ClockworkSouvenir":45,"Dream Catcher":26,"Nunchaku":48,"TheAbacus":46,"Mummified Hand":0,"Pantograph":9,"Gambling Chip":0,"Tiny Chest":0,"Red Mask":21,"Cracked Core":0,"Runic Pyramid":34,"Odd Mushroom":10,"Orichalcum":6,"Medical Kit":30,"White Beast Statue":28,"Mercury Hourglass":43,"Peace Pipe":14,"Calling Bell":34,"Anchor":19,"CaptainsWheel":0,"Bag of Marbles":0,"Coffee Dripper":34,"Membership Card":0,"TungstenRod":0,"FossilizedHelix":0},{"TwistedFunnel":168,"Ginger":11,"Whetstone":180,"Bottled Tornado":165,"Sling":121,"Boot":152,"Blood Vial":4,"MealTicket":191,"HandDrill":49,"Runic Cube":7,"Pear":209,"Blue Candle":83,"Velvet Choker":143,"Eternal Feather":105,"Tingsha":201,"Pen Nib":62,"Paper Crane":147,"Akabeko":0,"Bird Faced Urn":56,"Unceasing Top":97,"Lantern":43,"Regal Pillow":162,"Torii":11,"Singing Bowl":210,"StoneCalendar":35,"Bag of Preparation":28,"Cursed Key":20,"Smiling Mask":25,"Ancient Tea Set":26,"Burning Blood":0,"Matryoshka":45,"Shovel":92,"Ninja Scroll":115,"WingedGreaves":63,"Chemical X":56,"Paper Frog":1,"Ring of the Snake":0,"Potion Belt":71,"The Specimen":228,"Self Forming Clay":1,"Golden Idol":38,"Thread and Needle":221,"PreservedInsect":0,"The Courier":84,"Omamori":25,"Frozen Egg 2":74,"MawBank":10,"Busted Crown":120,"Ornamental Fan":2,"Turnip":78,"Art of War":0,"Bottled Lightning":190,"Toy Ornithopter":67,"Ice Cream":63,"Calipers":25,"Gremlin Horn":35,"CeramicFish":0,"Vajra":34,"Runic Capacitor":45,"Sozu":167,"Lizard Tail":97,"Centennial Puzzle":224,"HornCleat":18,"Strawberry":3,"Prayer Wheel":33,"Philosopher\u0027s Stone":192,"Toxic Egg 2":78,"Girya":141,"Happy Flower":26,"Dead Branch":56,"Oddly Smooth Stone":220,"Letter Opener":220,"War Paint":16,"Du-Vu Doll":97,"OrangePellets":0,"Shuriken":16,"Bronze Scales":33,"Molten Egg 2":33,"Black Star":95,"Symbiotic Virus":61,"Meat on the Bone":158,"Darkstone Periapt":10,"Mango":37,"Snake Skull":128,"Juzu Bracelet":0,"Incense Burner":0,"Empty Cage":73,"ClockworkSouvenir":33,"Dream Catcher":77,"Nunchaku":249,"TheAbacus":128,"Mummified Hand":86,"Pantograph":3,"Gambling Chip":132,"Tiny Chest":11,"Red Mask":24,"Cracked Core":0,"Runic Pyramid":29,"Odd Mushroom":17,"Orichalcum":207,"Medical Kit":190,"White Beast Statue":117,"Mercury Hourglass":197,"Peace Pipe":6,"Calling Bell":220,"Anchor":184,"CaptainsWheel":202,"Bag of Marbles":0,"Coffee Dripper":243,"Membership Card":11,"TungstenRod":11,"FossilizedHelix":86},{"TwistedFunnel":715,"Ginger":62,"Whetstone":765,"Bottled Tornado":700,"Sling":501,"Boot":634,"Blood Vial":15,"MealTicket":841,"HandDrill":216,"Runic Cube":36,"Pear":923,"Blue Candle":350,"Velvet Choker":599,"Eternal Feather":430,"Tingsha":887,"Pen Nib":268,"Paper Crane":616,"Akabeko":0,"Bird Faced Urn":248,"Unceasing Top":406,"Lantern":194,"Regal Pillow":683,"Torii":62,"Singing Bowl":927,"StoneCalendar":146,"Bag of Preparation":124,"Cursed Key":96,"Smiling Mask":112,"Ancient Tea Set":116,"Burning Blood":0,"Matryoshka":202,"Shovel":381,"Ninja Scroll":473,"WingedGreaves":271,"Chemical X":248,"Paper Frog":2,"Ring of the Snake":0,"Potion Belt":298,"The Specimen":1030,"Self Forming Clay":2,"Golden Idol":164,"Thread and Needle":995,"PreservedInsect":0,"The Courier":354,"Omamori":112,"Frozen Egg 2":312,"MawBank":57,"Busted Crown":499,"Ornamental Fan":7,"Turnip":328,"Art of War":0,"Bottled Lightning":835,"Toy Ornithopter":283,"Ice Cream":271,"Calipers":112,"Gremlin Horn":146,"CeramicFish":0,"Vajra":143,"Runic Capacitor":202,"Sozu":710,"Lizard Tail":406,"Centennial Puzzle":1008,"HornCleat":87,"Strawberry":12,"Prayer Wheel":140,"Philosopher\u0027s Stone":852,"Toxic Egg 2":328,"Girya":593,"Happy Flower":116,"Dead Branch":248,"Oddly Smooth Stone":990,"Letter Opener":990,"War Paint":79,"Du-Vu Doll":406,"OrangePellets":0,"Shuriken":79,"Bronze Scales":140,"Molten Egg 2":140,"Black Star":396,"Symbiotic Virus":265,"Meat on the Bone":667,"Darkstone Periapt":57,"Mango":159,"Snake Skull":530,"Juzu Bracelet":0,"Incense Burner":0,"Empty Cage":309,"ClockworkSouvenir":140,"Dream Catcher":326,"Nunchaku":1140,"TheAbacus":530,"Mummified Hand":360,"Pantograph":12,"Gambling Chip":554,"Tiny Chest":62,"Red Mask":109,"Cracked Core":0,"Runic Pyramid":129,"Odd Mushroom":83,"Orichalcum":911,"Medical Kit":835,"White Beast Statue":482,"Mercury Hourglass":871,"Peace Pipe":23,"Calling Bell":990,"Anchor":794,"CaptainsWheel":889,"Bag of Marbles":0,"Coffee Dripper":1110,"Membership Card":62,"TungstenRod":62,"FossilizedHelix":360}],"Ring of the Snake":[96]},"card_choices":[{"not_picked":["Dodge and Roll","Dagger Throw"],"picked":"Leg Sweep","floor":1.0},{"not_picked":["Distraction","Quick Slash"],"picked":"Glass Knife","floor":2.0},{"not_picked":["Dagger Throw","Dodge and Roll","Flying Knee"],"picked":"SKIP","floor":7.0},{"not_picked":["Deadly Poison","Flying Knee"],"picked":"Backflip","floor":10.0},{"not_picked":["Choke","Dodge and Roll"],"picked":"Slice","floor":11.0},{"not_picked":["PiercingWail","Masterful Stab"],"picked":"Corpse Explosion","floor":12.0},{"not_picked":["After Image","Wraith Form v2"],"picked":"Malaise","floor":16.0},{"not_picked":["Escape Plan","Sucker Punch"],"picked":"Cloak And Dagger","floor":18.0},{"not_picked":["Dagger Spray","Predator"],"picked":"Well Laid Plans","floor":22.0},{"not_picked":["Leg Sweep","Prepared"],"picked":"Underhanded Strike+1","floor":23.0},{"not_picked":["Backflip","Calculated Gamble"],"picked":"A Thousand Cuts+1","floor":25.0},{"not_picked":["Deadly Poison","Outmaneuver"],"picked":"Blur","floor":29.0},{"not_picked":["Acrobatics","Escape Plan"],"picked":"Footwork+1","floor":30},{"not_picked":["Flying Knee+1","Reflex","Sucker Punch"],"picked":"SKIP","floor":31},{"not_picked":["Riddle With Holes","Prepared"],"picked":"Deflect","floor":32},{"not_picked":["Eviscerate","Cloak And Dagger"],"picked":"Blur","floor":35},{"not_picked":["Cloak And Dagger","Poisoned Stab"],"picked":"Acrobatics","floor":39},{"not_picked":["Choke","Dash"],"picked":"Tactician","floor":41},{"not_picked":["Expertise","Quick Slash"],"picked":"Setup+1","floor":44},{"not_picked":["Dodge and Roll","Setup"],"picked":"Crippling Poison","floor":46},{"not_picked":["Eviscerate","Tactician"],"picked":"Envenom+1","floor":48}],"player_experience":873670,"relics_obtained":[{"floor":7.0,"key":"Orichalcum"},{"floor":9.0,"key":"Oddly Smooth Stone"},{"floor":10.0,"key":"Eternal Feather"},{"floor":23.0,"key":"Dream Catcher"},{"floor":23.0,"key":"Gremlin Horn"},{"floor":25.0,"key":"Anchor"},{"floor":25.0,"key":"Frozen Egg 2"},{"floor":28.0,"key":"Lizard Tail"},{"floor":30,"key":"Shuriken"},{"floor":30,"key":"Bag of Marbles"},{"floor":38,"key":"Snake Skull"},{"floor":41,"key":"CeramicFish"},{"floor":41,"key":"PreservedInsect"},{"floor":43,"key":"Akabeko"},{"floor":46,"key":"Bronze Scales"},{"floor":46,"key":"HornCleat"},{"floor":48,"key":"Prayer Wheel"},{"floor":48,"key":"Nunchaku"}],"event_choices":[{"damage_healed":0.0,"max_hp_gain":5.0,"max_hp_loss":0.0,"gold_gain":0.0,"event_name":"Big Fish","player_choice":"Donut","floor":3.0,"gold_loss":0.0,"damage_taken":0.0},{"damage_healed":0.0,"max_hp_gain":0.0,"max_hp_loss":0.0,"gold_gain":0.0,"event_name":"Liars Game","player_choice":"Ignored","floor":5.0,"gold_loss":0.0,"damage_taken":0.0},{"damage_healed":0.0,"max_hp_gain":0.0,"max_hp_loss":0.0,"gold_gain":75.0,"event_name":"World of Goop","player_choice":"Gather Gold","floor":14.0,"gold_loss":0.0,"damage_taken":11.0},{"damage_healed":0.0,"max_hp_gain":0.0,"max_hp_loss":0.0,"gold_gain":0.0,"event_name":"Back to Basics","player_choice":"Simplicity","floor":19.0,"gold_loss":0.0,"damage_taken":0.0,"cards_upgraded":["Strike_G","Strike_G","Strike_G","Strike_G","Defend_G","Defend_G","Defend_G","Defend_G"]},{"damage_healed":0.0,"max_hp_gain":0.0,"max_hp_loss":0.0,"gold_gain":0.0,"event_name":"Upgrade Shrine","player_choice":"Upgraded","floor":20.0,"gold_loss":0.0,"damage_taken":0.0,"cards_upgraded":["Cloak And Dagger"]},{"damage_healed":0.0,"max_hp_gain":0.0,"max_hp_loss":0.0,"gold_gain":50.0,"event_name":"Nest","player_choice":"Stole From Cult","floor":27.0,"gold_loss":0.0,"damage_taken":0.0},{"damage_healed":0,"gold_gain":50,"player_choice":"Pray","damage_taken":0,"max_hp_gain":0,"max_hp_loss":0,"event_name":"Golden Shrine","floor":36,"gold_loss":0},{"damage_healed":0,"gold_gain":0,"player_choice":"Ignored","damage_taken":0,"max_hp_gain":0,"max_hp_loss":0,"event_name":"Tomb of Lord Red Mask","floor":42,"gold_loss":0}],"is_beta":false,"boss_relics":[{"not_picked":["Empty Cage","SlaversCollar"],"picked":"Black Star"},{"not_picked":["Astrolabe","Cursed Key"],"picked":"Coffee Dripper"}],"items_purged_floors":[0,0],"is_endless":false,"potions_floor_spawned":[7,10,12,18,23,33,35,44],"killed_by":"Time Eater","ascension_level":20}}