{"host":"udzsrhbqdxqtlypj","time":1609874417,"event":{"mods":["BaseMod","Minty Spire (QoL Compilation)","Relic Stats"],"gold_per_floor":[110,121,196,210,210,243,243,282,282,307,307,326,326,359,359,359,359],"floor_reached":16,"playtime":606,"items_purged":[],"score":180,"play_id":"6d804913-96a6-431c-8c1e-dad083b4b9a5","local_time":"20210105132017","is_ascension_mode":true,"campfire_choices":[{"data":"Spot Weakness","floor":7,"key":"SMITH"},{"floor":13,"key":"REST"},{"data":"Limit Break","floor":15,"key":"SMITH"}],"circlet_count":0,"master_deck":["AscendersBane","Strike_R","Strike_R","Strike_R","Strike_R","Strike_R","Defend_R","Defend_R","Defend_R","Defend_R","Bash","Headbutt","Clothesline","Reckless Charge","Hemokinesis","Spot Weakness+1","Limit Break+1","Sword Boomerang","Sword Boomerang","Dark Embrace"],"relics":["Burning Blood","Golden Idol","Art of War","Sundial","Question Card","Peace Pipe","Ancient Tea Set"],"acts_visited":["Exordium"],"potions_floor_usage":[8,12,14],"damage_taken":[{"damage":0,"enemies":"Small Slimes","floor":1,"turns":3},{"damage":4,"enemies":"2 Louse","floor":2,"turns":3},{"damage":4,"enemies":"Jaw Worm","floor":4,"turns":3},{"damage":26,"enemies":"Gremlin Nob","floor":6,"turns":4},{"damage":34,"enemies":"3 Sentries","floor":8,"turns":7},{"damage":14,"enemies":"Exordium Wildlife","floor":10,"turns":4},{"damage":26,"enemies":"Gremlin Gang","floor":12,"turns":3},{"damage":14,"enemies":"Gremlin Nob","floor":14,"turns":3},{"damage":31,"enemies":"The Guardian","floor":16,"turns":2}],"seed_played":"2019495939520877721","potions_obtained":[{"floor":2,"key":"Swift Potion"},{"floor":4,"key":"CultistPotion"},{"floor":10,"key":"BloodPotion"},{"floor":12,"key":"SteroidPotion"}],"is_trial":false,"path_per_floor":["M","M","?","M","?","E","R","E","T","M","T","M","R","E","R","B"],"character_chosen":"IRONCLAD","items_purchased":[],"campfire_rested":1,"item_purchase_floors":[],"current_hp_per_floor":[78,80,69,71,71,51,51,23,23,15,15,9,31,23,23,0,0],"gold":359,"neow_bonus":"THREE_CARDS","is_daily":false,"chose_seed":false,"campfire_upgraded":2,"win_rate":0.0,"timestamp":1609874417,"path_taken":["M","M","?","M","?","E","R","E","T","M","?","M","R","E","R","BOSS"],"items_purchased_type":[],"build_version":"2020-12-22","purchased_purges":0,"victory":false,"max_hp_per_floor":[80,80,80,80,74,74,74,74,74,74,74,74,74,74,74,74,74],"relic_stats":{"Peace Pipe":0,"counters":[9,32],"Golden Idol":31,"Sundial":[0],"Art of War":[1],"Question Card":3,"obtain_stats":[{"Peace Pipe":11,"Golden Idol":5,"Sundial":8,"Art of War":6,"Question Card":9,"Ancient Tea Set":14,"Burning Blood":0},{"Peace Pipe":6,"Golden Idol":3,"Sundial":5,"Art of War":4,"Question Card":5,"Ancient Tea Set":8,"Burning Blood":0},{"Peace Pipe":24,"Golden Idol":9,"Sundial":20,"Art of War":13,"Question Card":20,"Ancient Tea Set":30,"Burning Blood":0}],"Burning Blood":48},"card_choices":[{"not_picked":["Sword Boomerang","Clothesline"],"picked":"Headbutt","floor":0},{"not_picked":["Warcry","Armaments"],"picked":"Clothesline","floor":1},{"not_picked":["Clothesline","Warcry"],"picked":"Reckless Charge","floor":2},{"not_picked":["Perfected Strike","Seeing Red"],"picked":"Hemokinesis","floor":4},{"not_picked":["Fire Breathing","Heavy Blade"],"picked":"Spot Weakness","floor":6},{"not_picked":["Flame Barrier","Thunderclap"],"picked":"Limit Break","floor":8},{"not_picked":["Dual Wield","Pommel Strike","Brutality"],"picked":"Sword Boomerang","floor":10},{"not_picked":["Perfected Strike","Flex","Body Slam"],"picked":"Sword Boomerang","floor":12},{"not_picked":["Twin Strike","Anger","Juggernaut"],"picked":"Dark Embrace","floor":14}],"player_experience":2780283,"relics_obtained":[{"floor":6,"key":"Art of War"},{"floor":8,"key":"Sundial"},{"floor":9,"key":"Question Card"},{"floor":11,"key":"Peace Pipe"},{"floor":14,"key":"Ancient Tea Set"}],"event_choices":[{"damage_healed":0,"gold_gain":75,"player_choice":"Gather Gold","damage_taken":11,"max_hp_gain":0,"max_hp_loss":0,"event_name":"World of Goop","floor":3,"gold_loss":0},{"damage_healed":0,"gold_gain":0,"player_choice":"Lose Max HP","damage_taken":0,"relics_obtained":["Golden Idol"],"max_hp_gain":0,"max_hp_loss":6,"event_name":"Golden Idol","floor":5,"gold_loss":0}],"is_beta":false,"boss_relics":[],"items_purged_floors":[],"is_endless":false,"potions_floor_spawned":[2,4,10,12],"killed_by":"The Guardian","ascension_level":10}}