{"host":"r6jigiblrojhp6xe","time":1609876987,"event":{"mods":["AchievementEnabler","BaseMod","DeckTracker","Minty Spire (QoL Compilation)","Quick Restart","Rare Cards Sparkle","Relic Stats","StSLib","SuperFastMode","The Cursed","everything is the same but u backflip on backflip"],"gold_per_floor":[109,28,28,107,19,19,37,67,67,67,80,110,123,48,48,127,127,141,191,205,130,130,155,155,55,55,55,65,79,93,104,104,176,176,188,188,207,207,227,227,245,264,317,317,333,343,343,177,177,177,177],"floor_reached":50,"playtime":904,"items_purged":["Strike_R","Strike_R","Dual Wield"],"score":1098,"play_id":"c9294b80-c996-4ada-9d5f-ba4c8f21da93","local_time":"20210106050307","is_ascension_mode":true,"campfire_choices":[{"data":"Fire Breathing","floor":6.0,"key":"SMITH"},{"data":"Fire Breathing","floor":10.0,"key":"SMITH"},{"data":"Evolve","floor":15.0,"key":"SMITH"},{"data":"Feel No Pain","floor":24.0,"key":"SMITH"},{"data":"Immolate","floor":27.0,"key":"SMITH"},{"floor":32.0,"key":"REST"},{"data":"Immolate","floor":40,"key":"SMITH"},{"floor":47,"key":"RECALL"},{"data":"Disarm","floor":49,"key":"SMITH"}],"circlet_count":0,"master_deck":["AscendersBane","Defend_R","Defend_R","Defend_R","Defend_R","Bash","Fire Breathing+1","Evolve+1","Feel No Pain+1","Fire Breathing+1","Immolate+1","CurseOfTheBell","Reaper","Immolate+1","Fiend Fire","Second Wind","Disarm+1"],"relics":["Burning Blood","NeowsBlessing","Pear","Blue Candle","Mercury Hourglass","Eternal Feather","Calling Bell","Lantern","Mummified Hand","Thread and Needle","Sundial","Mango","Coffee Dripper"],"acts_visited":["Exordium","TheCity","TheBeyond"],"potions_floor_usage":[50],"damage_taken":[{"damage":0.0,"enemies":"Small Slimes","floor":1.0,"turns":1.0},{"damage":0.0,"enemies":"Jaw Worm","floor":7.0,"turns":1.0},{"damage":0.0,"enemies":"Lagavulin","floor":8.0,"turns":2.0},{"damage":8.0,"enemies":"Cultist","floor":11.0,"turns":4.0},{"damage":7.0,"enemies":"3 Sentries","floor":12.0,"turns":3.0},{"damage":16.0,"enemies":"Exordium Wildlife","floor":13.0,"turns":4.0},{"damage":0.0,"enemies":"Slime Boss","floor":16.0,"turns":5.0},{"damage":27.0,"enemies":"Spheric Guardian","floor":18.0,"turns":6.0},{"damage":23.0,"enemies":"2 Thieves","floor":20.0,"turns":3.0},{"damage":11.0,"enemies":"Gremlin Leader","floor":23.0,"turns":5.0},{"damage":14.0,"enemies":"Centurion and Healer","floor":28.0,"turns":4.0},{"damage":17.0,"enemies":"Snake Plant","floor":29.0,"turns":3.0},{"damage":17.0,"enemies":"Chosen and Byrds","floor":30.0,"turns":4.0},{"damage":29.0,"enemies":"Sentry and Sphere","floor":31.0,"turns":5.0},{"damage":50.0,"enemies":"Champ","floor":33.0,"turns":9.0},{"damage":13.0,"enemies":"3 Shapes","floor":35.0,"turns":4.0},{"damage":0.0,"enemies":"3 Darklings","floor":37.0,"turns":1.0},{"damage":13,"enemies":"Maw","floor":39,"turns":6},{"damage":0,"enemies":"Sphere and 2 Shapes","floor":41,"turns":3},{"damage":28,"enemies":"4 Shapes","floor":42,"turns":1},{"damage":0,"enemies":"Jaw Worm Horde","floor":45,"turns":1},{"damage":0,"enemies":"3 Darklings","floor":46,"turns":1},{"damage":82,"enemies":"Awakened One","floor":50,"turns":5}],"seed_played":"4213855390393664109","potions_obtained":[{"floor":8.0,"key":"SkillPotion"},{"floor":11.0,"key":"SneckoOil"},{"floor":12.0,"key":"GamblersBrew"},{"floor":20.0,"key":"Ancient Potion"},{"floor":28.0,"key":"LiquidBronze"},{"floor":30.0,"key":"BloodPotion"},{"floor":41,"key":"FearPotion"}],"is_trial":false,"path_per_floor":["M","$","?","T","$","R","M","E","T","R","M","E","M","?","R","B",null,"M","?","M","$","?","E","R","$","T","R","M","M","M","M","R","B",null,"M","?","M","?","M","R","M","M","T","?","M","M","R","$","R","B"],"character_chosen":"IRONCLAD","items_purchased":["Fire Breathing","Evolve","Disarm"],"campfire_rested":1,"item_purchase_floors":[2,5,48],"current_hp_per_floor":[74,74,74,84,84,84,85,85,85,85,83,82,72,72,78,84,85,64,64,47,47,47,54,63,63,77,83,83,73,68,49,87,49,87,80,80,86,86,82,91,94,72,72,72,78,84,93,93,94,18,18],"gold":177,"neow_bonus":"THREE_ENEMY_KILL","is_daily":false,"chose_seed":false,"campfire_upgraded":7,"win_rate":0.0,"timestamp":1609876987,"path_taken":["M","$","?","?","?","R","M","E","T","R","M","E","M","?","R","BOSS","M","?","M","$","?","E","R","?","T","R","?","M","M","M","R","BOSS","M","?","M","?","?","R","M","M","T","?","M","M","R","$","R","BOSS"],"items_purchased_type":["Card","Card","Card"],"build_version":"2020-12-22","purchased_purges":3,"victory":false,"max_hp_per_floor":[75,75,75,85,85,85,85,85,85,85,85,85,85,85,85,85,85,85,85,85,85,85,85,85,85,99,99,99,99,99,99,99,99,99,99,94,94,94,94,94,94,94,94,94,94,94,94,94,94,94,94],"relic_stats":{"counters":[23,80],"Mummified Hand":[64],"Sundial":[10],"Blue Candle":[1],"Eternal Feather":49,"obtain_stats":[{"Lantern":17,"Pear":4,"NeowsBlessing":0,"Blue Candle":8,"Eternal Feather":12,"Thread and Needle":17,"Mango":26,"Burning Blood":0,"Mercury Hourglass":9,"Calling Bell":17,"Mummified Hand":17,"Sundial":23,"Coffee Dripper":34},{"Lantern":7,"Pear":1,"NeowsBlessing":0,"Blue Candle":3,"Eternal Feather":5,"Thread and Needle":7,"Mango":10,"Burning Blood":0,"Mercury Hourglass":3,"Calling Bell":7,"Mummified Hand":7,"Sundial":10,"Coffee Dripper":15},{"Lantern":19,"Pear":1,"NeowsBlessing":0,"Blue Candle":4,"Eternal Feather":11,"Thread and Needle":19,"Mango":33,"Burning Blood":0,"Mercury Hourglass":4,"Calling Bell":19,"Mummified Hand":19,"Sundial":33,"Coffee Dripper":58}],"Burning Blood":118,"Mercury Hourglass":[319]},"card_choices":[{"not_picked":["Twin Strike","Iron Wave","Sword Boomerang"],"picked":"SKIP","floor":1.0},{"not_picked":["Pummel","Whirlwind"],"picked":"Feel No Pain","floor":7.0},{"not_picked":["Clothesline","Uppercut"],"picked":"Fire Breathing","floor":8.0},{"not_picked":["Dual Wield","Body Slam","Anger"],"picked":"SKIP","floor":11.0},{"not_picked":["Twin Strike","Sword Boomerang","Blood for Blood"],"picked":"SKIP","floor":12.0},{"not_picked":["Bludgeon","Sword Boomerang","Bloodletting"],"picked":"SKIP","floor":13.0},{"not_picked":["Offering","Corruption"],"picked":"Immolate","floor":16.0},{"not_picked":["Flex","Carnage","Dropkick"],"picked":"SKIP","floor":18.0},{"not_picked":["Bloodletting","Infernal Blade","Perfected Strike"],"picked":"SKIP","floor":20.0},{"not_picked":["Cleave","Headbutt","Armaments"],"picked":"SKIP","floor":23.0},{"not_picked":["Bloodletting","Headbutt+1"],"picked":"Immolate","floor":28.0},{"not_picked":["Cleave","Thunderclap","Flex"],"picked":"SKIP","floor":29.0},{"not_picked":["Armaments","Sentinel","Seeing Red"],"picked":"SKIP","floor":30.0},{"not_picked":["Flex","Headbutt","Pommel Strike"],"picked":"SKIP","floor":31.0},{"not_picked":["Bludgeon","Juggernaut"],"picked":"Fiend Fire","floor":33.0},{"not_picked":["Anger","Thunderclap","Warcry"],"picked":"SKIP","floor":35.0},{"not_picked":["Heavy Blade","Perfected Strike","True Grit"],"picked":"SKIP","floor":37.0},{"not_picked":["Armaments+1","Perfected Strike","Flex+1"],"picked":"SKIP","floor":39},{"not_picked":["Anger","Perfected Strike"],"picked":"Second Wind","floor":41},{"not_picked":["Sever Soul+1","Rampage","Impervious"],"picked":"SKIP","floor":42},{"not_picked":["Thunderclap","Cleave+1","Carnage+1"],"picked":"SKIP","floor":45},{"not_picked":["Perfected Strike","Fire Breathing","Sword Boomerang+1"],"picked":"SKIP","floor":46}],"player_experience":570947,"relics_obtained":[{"floor":4.0,"key":"Pear"},{"floor":8.0,"key":"Blue Candle"},{"floor":9.0,"key":"Mercury Hourglass"},{"floor":12.0,"key":"Eternal Feather"},{"floor":17.0,"key":"Lantern"},{"floor":17.0,"key":"Mummified Hand"},{"floor":17.0,"key":"Thread and Needle"},{"floor":23.0,"key":"Sundial"},{"floor":26.0,"key":"Mango"}],"event_choices":[{"damage_healed":0.0,"max_hp_gain":0.0,"max_hp_loss":0.0,"gold_gain":0.0,"event_name":"Liars Game","player_choice":"Ignored","floor":3.0,"gold_loss":0.0,"damage_taken":0.0},{"cards_removed":["Strike_R"],"damage_healed":0.0,"max_hp_gain":0.0,"max_hp_loss":0.0,"gold_gain":0.0,"event_name":"The Cleric","player_choice":"Card Removal","floor":14.0,"gold_loss":75.0,"damage_taken":0.0},{"damage_healed":0.0,"max_hp_gain":0.0,"max_hp_loss":0.0,"gold_gain":50.0,"event_name":"Nest","player_choice":"Stole From Cult","floor":19.0,"gold_loss":0.0,"damage_taken":0.0},{"damage_healed":0.0,"max_hp_gain":0.0,"max_hp_loss":0.0,"gold_gain":0.0,"cards_transformed":["Strike_R","Strike_R"],"event_name":"Drug Dealer","player_choice":"Became Test Subject","floor":22.0,"gold_loss":0.0,"damage_taken":0.0,"cards_obtained":["Reaper","Dual Wield"]},{"damage_healed":0.0,"max_hp_gain":0.0,"max_hp_loss":5.0,"gold_gain":0.0,"event_name":"Winding Halls","player_choice":"Max HP","floor":36.0,"gold_loss":0.0,"damage_taken":0.0},{"damage_healed":0.0,"max_hp_gain":0.0,"max_hp_loss":0.0,"gold_gain":0.0,"event_name":"Match and Keep!","player_choice":"0 cards matched","floor":38.0,"gold_loss":0.0,"damage_taken":0.0,"cards_obtained":[]},{"damage_healed":0,"gold_gain":0,"player_choice":"Memory 1","damage_taken":0,"max_hp_gain":0,"max_hp_loss":0,"event_name":"SensoryStone","floor":44,"gold_loss":0}],"is_beta":false,"boss_relics":[{"not_picked":["Tiny House","Busted Crown"],"picked":"Calling Bell"},{"not_picked":["Fusion Hammer","Pandora\u0027s Box"],"picked":"Coffee Dripper"}],"items_purged_floors":[21,25,48],"is_endless":false,"potions_floor_spawned":[8,11,12,13,20,28,30,41,42,46],"killed_by":"Awakened One","ascension_level":20}}