{"host":"ep8kbvo88bv3k2ot","time":1609844933,"event":{"mods":["AchievementEnabler","BaseMod","Better Note","Colored Powertips","Minty Spire (QoL Compilation)","Permanent Neow","StSLib"],"gold_per_floor":[12,12,25,25,42,42,72,72,72,84,107,136,163,208,220,327,339,371,383,395,407,344,372,390,52,52,86,86,104,104,118,118,222,222,240,240,250,80,80,93,93,93,140,140,15,15,32,46,46,46,46],"floor_reached":50,"playtime":14950,"items_purged":["Defend_B","Defend_B","Defend_B","Defend_B"],"score":640,"play_id":"b4e68006-7b03-4075-b3ad-602986136658","local_time":"20210105120853","is_ascension_mode":true,"campfire_choices":[{"data":"Static Discharge","floor":6.0,"key":"SMITH"},{"floor":8.0,"key":"REST"},{"data":"Defragment","floor":10.0,"key":"SMITH"},{"floor":15.0,"key":"REST"},{"floor":28.0,"key":"REST"},{"floor":30.0,"key":"REST"},{"data":"Thunder Strike","floor":32.0,"key":"SMITH"},{"floor":42,"key":"REST"},{"floor":44,"key":"REST"},{"floor":49,"key":"REST"}],"circlet_count":0,"master_deck":["Zap","Dualcast","Defragment+1","Static Discharge+1","Ball Lightning","Lockon","Thunder Strike+1","Leap","Hologram+1","Leap+1","Conserve Battery+1","White Noise+1","Reboot+1","White Noise+1","Conserve Battery+1","Apotheosis+1","Leap+1"],"relics":["Cracked Core","White Beast Statue","MawBank","Bronze Scales","SlaversCollar","Vajra","Membership Card","Toxic Egg 2","Frozen Egg 2","Turnip","Busted Crown","Smiling Mask","Omamori","Meat on the Bone"],"acts_visited":["Exordium","TheCity","TheBeyond"],"potions_floor_usage":[41,48,48,50],"damage_taken":[{"damage":5.0,"enemies":"Small Slimes","floor":1.0,"turns":3.0},{"damage":7.0,"enemies":"Jaw Worm","floor":3.0,"turns":4.0},{"damage":1.0,"enemies":"Cultist","floor":5.0,"turns":3.0},{"damage":38.0,"enemies":"Gremlin Nob","floor":7.0,"turns":4.0},{"damage":6.0,"enemies":"Blue Slaver","floor":11.0,"turns":3.0},{"damage":14.0,"enemies":"Exordium Wildlife","floor":12.0,"turns":3.0},{"damage":1.0,"enemies":"2 Fungi Beasts","floor":13.0,"turns":3.0},{"damage":15.0,"enemies":"Lagavulin","floor":14.0,"turns":3.0},{"damage":18.0,"enemies":"Hexaghost","floor":16.0,"turns":3.0},{"damage":7.0,"enemies":"Chosen","floor":18.0,"turns":3.0},{"damage":33.0,"enemies":"Slavers","floor":23.0,"turns":4.0},{"damage":18.0,"enemies":"Shell Parasite","floor":24.0,"turns":2.0},{"damage":14.0,"enemies":"Gremlin Leader","floor":27.0,"turns":4.0},{"damage":10.0,"enemies":"Snake Plant","floor":29.0,"turns":3.0},{"damage":1.0,"enemies":"Cultist and Chosen","floor":31.0,"turns":6.0},{"damage":43.0,"enemies":"Champ","floor":33.0,"turns":7.0},{"damage":14.0,"enemies":"3 Darklings","floor":35.0,"turns":5.0},{"damage":19.0,"enemies":"Orb Walker","floor":37.0,"turns":4.0},{"damage":18.0,"enemies":"Jaw Worm Horde","floor":40.0,"turns":4.0},{"damage":0,"enemies":"Transient","floor":41,"turns":1},{"damage":41,"enemies":"4 Shapes","floor":47,"turns":4},{"damage":32,"enemies":"Jaw Worm Horde","floor":48,"turns":2},{"damage":43,"enemies":"Awakened One","floor":50,"turns":2}],"seed_played":"4939889115901219922","potions_obtained":[{"floor":1.0,"key":"SteroidPotion"},{"floor":7.0,"key":"Energy Potion"},{"floor":11.0,"key":"FairyPotion"},{"floor":12.0,"key":"FocusPotion"},{"floor":13.0,"key":"Explosive Potion"},{"floor":14.0,"key":"ColorlessPotion"},{"floor":16.0,"key":"FearPotion"},{"floor":18.0,"key":"EssenceOfSteel"},{"floor":23.0,"key":"PotionOfCapacity"},{"floor":24.0,"key":"Weak Potion"},{"floor":27.0,"key":"SmokeBomb"},{"floor":29.0,"key":"FearPotion"},{"floor":31.0,"key":"Strength Potion"},{"floor":33.0,"key":"Dexterity Potion"},{"floor":35.0,"key":"ColorlessPotion"},{"floor":37.0,"key":"FocusPotion"},{"floor":40.0,"key":"AttackPotion"},{"floor":47,"key":"ColorlessPotion"},{"floor":48,"key":"SneckoOil"}],"is_trial":false,"path_per_floor":["M","?","M","?","M","R","E","R","T","R","M","M","M","E","R","B",null,"M","?","?","?","$","E","M","$","T","E","R","M","R","M","R","B",null,"M","?","M","$","?","M","M","R","T","R","$","T","M","M","R","B"],"character_chosen":"DEFECT","items_purchased":["Membership Card","Toxic Egg 2","Leap+1","Apotheosis+1","Leap+1","Omamori"],"campfire_rested":7,"item_purchase_floors":[25,25,25,38,38,45],"current_hp_per_floor":[63,63,56,56,55,55,17,39,39,39,33,19,18,3,25,7,58,51,51,75,61,61,28,10,10,10,24,48,38,62,61,61,18,65,51,51,32,32,32,14,14,38,38,62,62,62,33,13,37,0,0],"gold":46,"neow_bonus":"REMOVE_TWO","is_daily":false,"chose_seed":false,"campfire_upgraded":3,"win_rate":0.0,"timestamp":1609844933,"path_taken":["M","?","M","?","M","R","E","R","T","R","M","M","?","E","R","BOSS","M","?","?","?","?","E","M","$","T","E","R","?","R","M","R","BOSS","M","?","M","$","?","M","M","R","T","R","?","?","?","M","R","BOSS"],"items_purchased_type":["Relic","Relic","Card","Card","Card","Relic"],"build_version":"2020-12-22","purchased_purges":4,"victory":false,"max_hp_per_floor":[75,75,75,75,75,75,75,75,75,75,75,75,75,75,75,75,75,75,75,75,80,80,80,80,80,80,80,80,80,80,80,80,80,80,80,80,80,80,80,80,80,80,80,80,80,80,80,80,80,80,80],"card_choices":[{"not_picked":["Stack","Ball Lightning","Beam Cell"],"picked":"SKIP","floor":1.0},{"not_picked":["Undo","Hologram"],"picked":"Static Discharge","floor":3.0},{"not_picked":["Rebound","Go for the Eyes","Streamline"],"picked":"SKIP","floor":5.0},{"not_picked":["Blizzard","All For One","Chaos"],"picked":"SKIP","floor":7.0},{"not_picked":["Stack","Compile Driver"],"picked":"Ball Lightning","floor":11.0},{"not_picked":["Rebound","White Noise","Streamline"],"picked":"SKIP","floor":12.0},{"not_picked":["Genetic Algorithm","Beam Cell"],"picked":"Lockon","floor":13.0},{"not_picked":["White Noise","Stack","Hologram"],"picked":"SKIP","floor":14.0},{"not_picked":["All For One","Reboot"],"picked":"Thunder Strike","floor":16.0},{"not_picked":["Coolheaded+1","Force Field"],"picked":"Leap","floor":18.0},{"not_picked":["Leap","Meteor Strike"],"picked":"Hologram+1","floor":23.0},{"not_picked":["Gash+1","Coolheaded+1","Loop"],"picked":"SKIP","floor":24.0},{"not_picked":["Streamline","Sweeping Beam"],"picked":"Conserve Battery+1","floor":27.0},{"not_picked":["Rebound","Beam Cell"],"picked":"White Noise+1","floor":29.0},{"not_picked":["Rip and Tear","Recycle+1","Stack+1"],"picked":"SKIP","floor":31.0},{"not_picked":["Rainbow+1","Fission+1"],"picked":"Reboot+1","floor":33.0},{"not_picked":[],"picked":"White Noise+1","floor":35.0},{"not_picked":[],"picked":"Conserve Battery+1","floor":37.0},{"not_picked":["Compile Driver"],"picked":"SKIP","floor":40.0},{"not_picked":["Gash+1"],"picked":"SKIP","floor":47},{"not_picked":["Steam+1"],"picked":"SKIP","floor":48}],"player_experience":448939,"relics_obtained":[{"floor":7.0,"key":"White Beast Statue"},{"floor":9.0,"key":"MawBank"},{"floor":14.0,"key":"Bronze Scales"},{"floor":23.0,"key":"Vajra"},{"floor":26.0,"key":"Frozen Egg 2"},{"floor":27.0,"key":"Turnip"},{"floor":43,"key":"Smiling Mask"},{"floor":46,"key":"Meat on the Bone"}],"event_choices":[{"damage_healed":0.0,"max_hp_gain":0.0,"max_hp_loss":0.0,"gold_gain":0.0,"cards_transformed":["Strike_B"],"event_name":"Living Wall","player_choice":"Change","floor":2.0,"gold_loss":0.0,"damage_taken":0.0,"cards_obtained":["Defragment"]},{"cards_removed":["Strike_B"],"damage_healed":0.0,"max_hp_gain":0.0,"max_hp_loss":0.0,"gold_gain":0.0,"event_name":"Bonfire Elementals","player_choice":"Offered Basic","floor":4.0,"gold_loss":0.0,"damage_taken":0.0},{"cards_removed":["Defragment"],"damage_healed":0.0,"max_hp_gain":0.0,"max_hp_loss":0.0,"gold_gain":0.0,"event_name":"betterNote:BetterNote","player_choice":"Give","floor":19.0,"gold_loss":0.0,"damage_taken":0.0,"cards_obtained":["Strike_B"]},{"damage_healed":25.0,"max_hp_gain":0.0,"max_hp_loss":0.0,"gold_gain":0.0,"event_name":"The Library","player_choice":"Heal","floor":20.0,"gold_loss":0.0,"damage_taken":0.0},{"damage_healed":0.0,"max_hp_gain":5.0,"max_hp_loss":0.0,"gold_gain":0.0,"event_name":"Forgotten Altar","player_choice":"Shed Blood","floor":21.0,"gold_loss":0.0,"damage_taken":19.0},{"damage_healed":0.0,"max_hp_gain":0.0,"max_hp_loss":0.0,"gold_gain":0.0,"event_name":"Mysterious Sphere","player_choice":"Ignored","floor":36.0,"gold_loss":0.0,"damage_taken":0.0},{"damage_healed":0.0,"max_hp_gain":0.0,"max_hp_loss":0.0,"gold_gain":0.0,"event_name":"Tomb of Lord Red Mask","player_choice":"Ignored","floor":39.0,"gold_loss":0.0,"damage_taken":0.0}],"is_beta":false,"boss_relics":[{"not_picked":["Ectoplasm","Sozu"],"picked":"SlaversCollar"},{"not_picked":["Pandora\u0027s Box","Black Star"],"picked":"Busted Crown"}],"items_purged_floors":[22,25,38,45],"is_endless":false,"potions_floor_spawned":[1,7,11,12,13,14,16,18,23,24,27,29,31,33,35,37,40,41,47,48],"killed_by":"Awakened One","ascension_level":6}}