{"host":"zxkjcgzis4pm3za5","time":1609843283,"event":{"mods":["AchievementEnabler","BaseMod","Colored Map","Colored Powertips","Minty Spire (QoL Compilation)","Quick Restart","RNG Fix","Random Character Button","StSLib"],"gold_per_floor":[119,133,133,151,151,191,204,239,239,282,282,191,214,247,247,366,366,385,385,409,423,442,442,482,482,536,556,580,101,144,164,164,284,284,299,70,70,84,102,102,123,167,167,181,200,200,233,566,566,566,566,566,12,47,47,47],"floor_reached":55,"playtime":2710,"items_purged":["Devotion"],"score":1477,"play_id":"110ad82b-b0ec-40e5-aaf2-4239e3e0a78b","local_time":"20210105161123","is_ascension_mode":true,"campfire_choices":[{"floor":11.0,"key":"REST"},{"data":"Meditate","floor":15.0,"key":"SMITH"},{"data":"TalkToTheHand","floor":23.0,"key":"SMITH"},{"data":"BattleHymn","floor":25.0,"key":"SMITH"},{"data":"Establishment","floor":32.0,"key":"SMITH"},{"data":"Dramatic Entrance","floor":40,"key":"SMITH"},{"floor":46,"key":"RECALL"},{"data":"Protect","floor":49,"key":"SMITH"},{"data":"DevaForm","floor":52,"key":"SMITH"}],"circlet_count":0,"master_deck":["AscendersBane","Strike_P","Strike_P","Strike_P","Strike_P","Defend_P","Defend_P","Defend_P","Defend_P","Eruption","Vigilance","Wallop","Swivel","Meditate+1","Adaptation","Consecrate+1","Halt","CarveReality","Establishment+1","Swift Strike","Protect+1","DevaForm+1","Protect+1","TalkToTheHand+1","BattleHymn+1","Indignation","Tantrum","FollowUp+1","EmptyFist+1","JustLucky","MasterReality","WheelKick","Dramatic Entrance+1","ThirdEye","FlurryOfBlows","FlurryOfBlows","Clumsy","FlurryOfBlows"],"relics":["HolyWater","Dream Catcher","CaptainsWheel","Letter Opener","Yang","StrikeDummy","InkBottle","Gambling Chip","Whetstone","Nunchaku","Shuriken","Lee\u0027s Waffle","Blue Candle","Cursed Key","Akabeko","Eternal Feather","Bag of Preparation","Strawberry","ClockworkSouvenir","StoneCalendar","Bottled Flame"],"acts_visited":["Exordium","TheCity","TheBeyond","TheEnding"],"potions_floor_usage":[39,50,55],"damage_taken":[{"damage":2.0,"enemies":"Jaw Worm","floor":1.0,"turns":3.0},{"damage":0.0,"enemies":"Small Slimes","floor":2.0,"turns":3.0},{"damage":0.0,"enemies":"Cultist","floor":4.0,"turns":3.0},{"damage":0.0,"enemies":"Lagavulin","floor":6.0,"turns":5.0},{"damage":3.0,"enemies":"2 Fungi Beasts","floor":7.0,"turns":5.0},{"damage":13.0,"enemies":"3 Sentries","floor":8.0,"turns":8.0},{"damage":10.0,"enemies":"Lagavulin","floor":10.0,"turns":5.0},{"damage":1.0,"enemies":"Red Slaver","floor":13.0,"turns":4.0},{"damage":9.0,"enemies":"Gremlin Nob","floor":14.0,"turns":5.0},{"damage":0.0,"enemies":"Slime Boss","floor":16.0,"turns":9.0},{"damage":0.0,"enemies":"Chosen","floor":18.0,"turns":4.0},{"damage":1.0,"enemies":"Shell Parasite","floor":20.0,"turns":5.0},{"damage":0.0,"enemies":"Sentry and Sphere","floor":21.0,"turns":2.0},{"damage":2.0,"enemies":"Snake Plant","floor":22.0,"turns":4.0},{"damage":8.0,"enemies":"Slavers","floor":24.0,"turns":4.0},{"damage":0.0,"enemies":"Centurion and Healer","floor":27.0,"turns":4.0},{"damage":14.0,"enemies":"Shelled Parasite and Fungi","floor":28.0,"turns":5.0},{"damage":2.0,"enemies":"Book of Stabbing","floor":30.0,"turns":3.0},{"damage":14.0,"enemies":"Snake Plant","floor":31.0,"turns":5.0},{"damage":61.0,"enemies":"Collector","floor":33.0,"turns":6.0},{"damage":5,"enemies":"Orb Walker","floor":35,"turns":3},{"damage":0,"enemies":"3 Darklings","floor":38,"turns":2},{"damage":0,"enemies":"Transient","floor":39,"turns":5},{"damage":11,"enemies":"Jaw Worm Horde","floor":41,"turns":3},{"damage":0,"enemies":"Giant Head","floor":42,"turns":4},{"damage":0,"enemies":"4 Shapes","floor":44,"turns":3},{"damage":0,"enemies":"Transient","floor":45,"turns":5},{"damage":0,"enemies":"Nemesis","floor":47,"turns":5},{"damage":88,"enemies":"Time Eater","floor":50,"turns":10},{"damage":18,"enemies":"Shield and Spear","floor":54,"turns":4},{"damage":119,"enemies":"The Heart","floor":55,"turns":5}],"seed_played":"-3035465392323073291","potions_obtained":[{"floor":1.0,"key":"DistilledChaos"},{"floor":4.0,"key":"FearPotion"},{"floor":6.0,"key":"LiquidBronze"},{"floor":10.0,"key":"Fruit Juice"},{"floor":16.0,"key":"Block Potion"},{"floor":20.0,"key":"Regen Potion"},{"floor":28.0,"key":"Fruit Juice"},{"floor":30.0,"key":"LiquidBronze"},{"floor":31.0,"key":"FearPotion"},{"floor":35,"key":"ColorlessPotion"},{"floor":38,"key":"Fruit Juice"},{"floor":47,"key":"BottledMiracle"}],"is_trial":false,"path_per_floor":["M","M","?","M","?","E","M","E","T","E","R","$","M","E","R","B",null,"M","?","M","M","M","R","E","R","T","M","M","$","E","M","R","B",null,"M","$","?","M","M","R","M","E","T","M","M","R","E","?","R","B",null,"R","$","E","B"],"character_chosen":"WATCHER","items_purchased":["Swift Strike","Shuriken","Lee\u0027s Waffle","Dramatic Entrance","Akabeko","SteroidPotion","ClockworkSouvenir","StoneCalendar","FlurryOfBlows"],"campfire_rested":1,"item_purchase_floors":[12,29,29,36,36,53,53,53,53],"current_hp_per_floor":[63,63,63,63,38,38,35,22,22,12,32,32,31,27,27,27,61,61,61,60,60,58,58,50,50,50,50,36,79,82,68,68,12,66,61,61,61,61,66,87,76,76,76,76,76,89,96,96,96,8,74,95,95,77,0,0],"gold":47,"neow_bonus":"RANDOM_COMMON_RELIC","is_daily":false,"chose_seed":false,"campfire_upgraded":7,"win_rate":0.0,"timestamp":1609843283,"path_taken":["M","?","?","M","?","E","M","E","T","E","R","$","?","E","R","BOSS","M","?","M","M","?","R","E","R","T","M","M","$","E","M","R","BOSS","M","$","?","M","?","R","M","E","T","M","M","R","E","?","R","BOSS","R","$","E","BOSS"],"items_purchased_type":["Card","Relic","Relic","Card","Relic","Potion","Relic","Relic","Card"],"build_version":"2020-12-22","purchased_purges":1,"victory":false,"max_hp_per_floor":[72,72,67,67,67,67,67,67,67,67,67,67,67,72,72,72,72,72,72,72,72,72,72,72,72,72,72,72,79,84,84,84,84,84,84,84,84,84,89,89,89,89,89,89,89,89,96,96,96,96,96,96,96,96,96,96],"card_choices":[{"not_picked":["SandsOfTime","WreathOfFlame"],"picked":"Wallop","floor":1.0},{"not_picked":["Crescendo","FlyingSleeves"],"picked":"Swivel","floor":2.0},{"not_picked":["FollowUp","ThirdEye"],"picked":"Meditate","floor":4.0},{"not_picked":["EmptyBody","FollowUp"],"picked":"Adaptation","floor":6.0},{"not_picked":["FlyingSleeves","EmptyBody"],"picked":"Consecrate","floor":7.0},{"not_picked":["ThirdEye","Crescendo"],"picked":"Halt","floor":8.0},{"not_picked":["Collect","Perseverance"],"picked":"CarveReality","floor":10.0},{"not_picked":["SandsOfTime","Halt"],"picked":"Establishment","floor":11.0},{"not_picked":["Halt","WaveOfTheHand"],"picked":"Protect","floor":13.0},{"not_picked":["WreathOfFlame","Worship"],"picked":"DevaForm","floor":14.0},{"not_picked":["Brilliance","MasterReality"],"picked":"Devotion","floor":16.0},{"not_picked":["CrushJoints","ClearTheMind"],"picked":"Protect+1","floor":18.0},{"not_picked":["FearNoEvil","ForeignInfluence"],"picked":"BattleHymn","floor":20.0},{"not_picked":["ClearTheMind","Consecrate"],"picked":"Indignation","floor":21.0},{"not_picked":["Sanctity+1","Prostrate"],"picked":"Tantrum","floor":22.0},{"not_picked":["Crescendo+1","Perseverance"],"picked":"FollowUp","floor":24.0},{"not_picked":["CrushJoints","SashWhip"],"picked":"EmptyFist+1","floor":27.0},{"not_picked":["FollowUp","EmptyFist"],"picked":"JustLucky","floor":28.0},{"not_picked":["Wallop","Indignation","FlyingSleeves"],"picked":"SKIP","floor":30.0},{"not_picked":["CarveReality+1","JustLucky","ClearTheMind"],"picked":"SKIP","floor":31.0},{"not_picked":["CarveReality+1","JustLucky","ClearTheMind"],"picked":"SKIP","floor":31.0},{"not_picked":["Ragnarok","LessonLearned"],"picked":"MasterReality","floor":33.0},{"not_picked":["Halt","Worship"],"picked":"WheelKick","floor":35},{"not_picked":["Consecrate","ClearTheMind"],"picked":"ThirdEye","floor":38},{"not_picked":["Meditate","WheelKick"],"picked":"FlurryOfBlows","floor":39},{"not_picked":["EmptyBody","BowlingBash","FollowUp"],"picked":"SKIP","floor":41},{"not_picked":["Swivel","BowlingBash"],"picked":"FlurryOfBlows","floor":42},{"not_picked":["MentalFortress","Swivel+1","WheelKick"],"picked":"SKIP","floor":44},{"not_picked":["Evaluate","Crescendo","Adaptation"],"picked":"SKIP","floor":45},{"not_picked":["Devotion","Crescendo","Prostrate"],"picked":"SKIP","floor":47},{"not_picked":["JustLucky","FlurryOfBlows","Blasphemy"],"picked":"SKIP","floor":54}],"player_experience":181576,"relics_obtained":[{"floor":6.0,"key":"Letter Opener"},{"floor":8.0,"key":"Yang"},{"floor":9.0,"key":"StrikeDummy"},{"floor":10.0,"key":"InkBottle"},{"floor":14.0,"key":"Gambling Chip"},{"floor":24.0,"key":"Whetstone"},{"floor":26.0,"key":"Nunchaku"},{"floor":30.0,"key":"Blue Candle"},{"floor":42,"key":"Bag of Preparation"},{"floor":47,"key":"Strawberry"},{"floor":54,"key":"Bottled Flame"}],"event_choices":[{"damage_healed":0.0,"max_hp_gain":0.0,"max_hp_loss":5.0,"gold_gain":0.0,"event_name":"Golden Idol","player_choice":"Lose Max HP","floor":3.0,"gold_loss":0.0,"damage_taken":0.0,"relics_obtained":["Golden Idol"]},{"damage_healed":0.0,"max_hp_gain":0.0,"max_hp_loss":0.0,"gold_gain":0.0,"event_name":"Scrap Ooze","player_choice":"Success","floor":5.0,"gold_loss":0.0,"damage_taken":25.0,"relics_obtained":["CaptainsWheel"]},{"damage_healed":0.0,"max_hp_gain":0.0,"max_hp_loss":0.0,"gold_gain":0.0,"event_name":"The Library","player_choice":"Read","floor":19.0,"gold_loss":0.0,"damage_taken":0.0,"cards_obtained":["TalkToTheHand"]},{"damage_healed":0,"gold_gain":0,"player_choice":"Gave Potion","damage_taken":0,"relics_obtained":["Eternal Feather"],"max_hp_gain":0,"max_hp_loss":0,"event_name":"WeMeetAgain","floor":37,"gold_loss":0},{"damage_healed":0,"gold_gain":333,"player_choice":"Gave Idol","damage_taken":0,"max_hp_gain":0,"max_hp_loss":0,"event_name":"The Moai Head","floor":48,"relics_lost":["Golden Idol"],"gold_loss":0}],"is_beta":false,"boss_relics":[{"not_picked":["Runic Dome","Runic Pyramid"],"picked":"HolyWater"},{"not_picked":["Sozu","Black Star"],"picked":"Cursed Key"}],"items_purged_floors":[29],"is_endless":false,"potions_floor_spawned":[1,4,6,10,16,20,21,28,30,31,35,38,47,54],"killed_by":"The Heart","ascension_level":12}}