{"host":"0m7uut7ws4kj19nt","time":1609845834,"event":{"mods":["AchievementEnabler","BaseMod","Minty Spire (QoL Compilation)","Replay The Spire","StSLib","The Cursed","The Necromancer"],"gold_per_floor":[116,133,98,173,28,28,47,47,47,66,100,100,128,143,143,143,143],"floor_reached":16,"playtime":512,"items_purged":[],"score":138,"play_id":"0a0a5937-5695-4e10-a747-ee2ac46f08e8","local_time":"20210105182354","is_ascension_mode":true,"campfire_choices":[{"data":"Neutralize","floor":6,"key":"SMITH"},{"floor":8,"key":"REST"},{"data":"Defend_G","floor":12,"key":"PURGE"},{"floor":15,"key":"REST"}],"circlet_count":0,"master_deck":["Strike_G","Strike_G","Strike_G","Strike_G","Strike_G","Defend_G","Defend_G","Defend_G","Defend_G","Survivor","Neutralize+1","Corpse Explosion","Dash"],"relics":["Ring of the Snake","Membership Card","Peace Pipe","Incense Burner","Mango"],"acts_visited":["Exordium"],"potions_floor_usage":[11,16,16],"damage_taken":[{"damage":8,"enemies":"Small Slimes","floor":1,"turns":4},{"damage":5,"enemies":"2 Louse","floor":2,"turns":2},{"damage":1,"enemies":"Cultist","floor":7,"turns":5},{"damage":2,"enemies":"2 Fungi Beasts","floor":10,"turns":3},{"damage":30,"enemies":"3 Sentries","floor":11,"turns":3},{"damage":27,"enemies":"Lagavulin","floor":13,"turns":9},{"damage":0,"enemies":"Blue Slaver","floor":14,"turns":4},{"damage":42,"enemies":"The Guardian","floor":16,"turns":16}],"seed_played":"-1118773498447446108","potions_obtained":[{"floor":2,"key":"Poison Potion"},{"floor":7,"key":"Milkshake"},{"floor":14,"key":"LifebloodPotion"}],"is_trial":false,"path_per_floor":["M","M","?","?","$","R","M","R","T","M","E","R","E","M","R","B"],"character_chosen":"THE_SILENT","items_purchased":["Membership Card"],"campfire_rested":2,"item_purchase_floors":[5],"current_hp_per_floor":[41,36,53,42,42,42,41,62,62,60,30,30,17,17,42,0,0],"gold":143,"neow_bonus":"THREE_RARE_CARDS","is_daily":false,"chose_seed":false,"campfire_upgraded":1,"win_rate":0.0,"timestamp":1609845834,"path_taken":["M","M","?","?","$","R","M","R","T","M","E","R","E","M","R","BOSS"],"items_purchased_type":["Relic"],"build_version":"2020-12-22","purchased_purges":0,"victory":false,"max_hp_per_floor":[70,70,70,70,70,70,70,70,70,70,70,70,84,84,84,84,84],"card_choices":[{"not_picked":["Doppelganger","Unload"],"picked":"Corpse Explosion","floor":0},{"not_picked":["Hidden Blade","Backstab","Dagger Throw"],"picked":"SKIP","floor":1},{"not_picked":["Acrobatics","Unload","Poisoned Stab"],"picked":"SKIP","floor":2},{"not_picked":["Bane","Deflect","Riddle With Holes"],"picked":"SKIP","floor":7},{"not_picked":["Poisoned Stab","Skewer","Sneak Up"],"picked":"SKIP","floor":10},{"not_picked":["Skewer","Dagger Spray","Dash"],"picked":"SKIP","floor":11},{"not_picked":["Toxin Wave","Skewer"],"picked":"Dash","floor":13},{"not_picked":["Backflip","Outmaneuver","Bane"],"picked":"SKIP","floor":14}],"player_experience":130712,"relics_obtained":[{"floor":9,"key":"Peace Pipe"},{"floor":11,"key":"Incense Burner"},{"floor":13,"key":"Mango"}],"event_choices":[{"damage_healed":17,"gold_gain":0,"player_choice":"Healed","damage_taken":0,"max_hp_gain":0,"max_hp_loss":0,"event_name":"The Cleric","floor":3,"gold_loss":35},{"damage_healed":0,"gold_gain":75,"player_choice":"Gather Gold","damage_taken":11,"max_hp_gain":0,"max_hp_loss":0,"event_name":"World of Goop","floor":4,"gold_loss":0}],"is_beta":false,"boss_relics":[],"items_purged_floors":[],"is_endless":false,"potions_floor_spawned":[2,7,14],"killed_by":"The Guardian","ascension_level":5}}