{"host":"zdcz0a6aak4rnx0s","time":1609883273,"event":{"mods":["AchievementEnabler","BaseMod","Colored Map","Colored Powertips","Minty Spire (QoL Compilation)","StSLib"],"gold_per_floor":[124,136,162,174,199,243,255,267,279,291,303,335,360,372,384,396,396],"floor_reached":16,"playtime":1470,"items_purged":[],"score":190,"play_id":"9ef01909-59d1-4e70-a1f8-74a4ead04995","local_time":"20210105154753","is_ascension_mode":true,"campfire_choices":[{"data":"Ghostly Armor","floor":7.0,"key":"SMITH"},{"floor":11,"key":"REST"},{"data":"Clothesline","floor":15,"key":"SMITH"}],"circlet_count":0,"master_deck":["AscendersBane","Strike_R","Strike_R","Strike_R","Strike_R","Strike_R","Defend_R","Defend_R","Defend_R","Defend_R","Bash","Clothesline+1","Intimidate","Ghostly Armor+1","Dual Wield","Burning Pact","Parasite"],"relics":["Burning Blood","MawBank","Boot","Frozen Egg 2"],"acts_visited":["Exordium"],"potions_floor_usage":[16],"damage_taken":[{"damage":2.0,"enemies":"2 Louse","floor":1.0,"turns":3.0},{"damage":14.0,"enemies":"Small Slimes","floor":3.0,"turns":4.0},{"damage":16.0,"enemies":"Jaw Worm","floor":5.0,"turns":5.0},{"damage":49.0,"enemies":"3 Sentries","floor":6.0,"turns":14.0},{"damage":17,"enemies":"Large Slime","floor":12,"turns":9},{"damage":5,"enemies":"Blue Slaver","floor":13,"turns":5},{"damage":74,"enemies":"Slime Boss","floor":16,"turns":10}],"seed_played":"2955937812576104133","potions_obtained":[{"floor":3.0,"key":"Fruit Juice"},{"floor":5.0,"key":"BloodPotion"},{"floor":13,"key":"LiquidBronze"}],"is_trial":false,"path_per_floor":["M","?","M","$","M","E","R","$","T","?","R","M","M","?","R","B"],"character_chosen":"IRONCLAD","items_purchased":[],"campfire_rested":1,"item_purchase_floors":[],"current_hp_per_floor":[72,72,69,69,59,32,32,32,32,32,56,45,46,66,66,0,0],"gold":396,"neow_bonus":"RANDOM_COMMON_RELIC","is_daily":false,"chose_seed":false,"campfire_upgraded":2,"win_rate":0.0,"timestamp":1609883273,"path_taken":["M","?","M","$","M","E","R","$","T","?","R","M","M","?","R","BOSS"],"items_purchased_type":[],"build_version":"2020-12-22","purchased_purges":0,"victory":false,"max_hp_per_floor":[75,75,80,80,80,80,80,80,80,80,80,80,80,80,80,80,80],"card_choices":[{"not_picked":["Twin Strike","Sword Boomerang"],"picked":"Clothesline","floor":1.0},{"not_picked":["Hemokinesis","Pommel Strike"],"picked":"Intimidate","floor":3.0},{"not_picked":["Warcry","Sentinel"],"picked":"Ghostly Armor","floor":5.0},{"not_picked":["Burning Pact","Battle Trance"],"picked":"Dual Wield","floor":6.0},{"not_picked":["Iron Wave","Twin Strike"],"picked":"Burning Pact","floor":12},{"not_picked":["Sword Boomerang","Wild Strike","Dropkick"],"picked":"SKIP","floor":13}],"player_experience":998731,"relics_obtained":[{"floor":6.0,"key":"Boot"},{"floor":9.0,"key":"Frozen Egg 2"}],"event_choices":[{"damage_healed":0.0,"max_hp_gain":0.0,"max_hp_loss":0.0,"gold_gain":0.0,"event_name":"Liars Game","player_choice":"Ignored","floor":2.0,"gold_loss":0.0,"damage_taken":0.0},{"damage_healed":0,"gold_gain":0,"player_choice":"Searched \u00270\u0027 times","damage_taken":0,"max_hp_gain":0,"max_hp_loss":0,"event_name":"Dead Adventurer","floor":10,"gold_loss":0},{"damage_healed":20,"gold_gain":0,"player_choice":"Healed and dodged fight","damage_taken":0,"max_hp_gain":0,"max_hp_loss":0,"event_name":"Mushrooms","floor":14,"gold_loss":0,"cards_obtained":["Parasite"]}],"is_beta":false,"boss_relics":[],"items_purged_floors":[],"is_endless":false,"potions_floor_spawned":[3,5,13],"killed_by":"Slime Boss","ascension_level":18}}