{"host":"sum4dy402bbv9y4o","time":1609890920,"event":{"mods":["Aspiration","BaseMod","Conspire","Highlight Path","Minty Spire (QoL Compilation)","StSLib"],"gold_per_floor":[117,133,150,49,64,64,90,110,110,110,110],"floor_reached":10,"playtime":318,"items_purged":["Strike_B"],"score":140,"play_id":"7d63d2ea-f8a2-4a5e-9ea4-a9ad6236f366","local_time":"20210106025520","is_ascension_mode":true,"campfire_choices":[{"data":"Dualcast","floor":6,"key":"SMITH"}],"circlet_count":0,"master_deck":["AscendersBane","Strike_B","Strike_B","Strike_B","Defend_B","Defend_B","Defend_B","Defend_B","Zap","Dualcast+1","Streamline","Conserve Battery","Loop","Beam Cell","Coolheaded","Beam Cell"],"relics":["Cracked Core","Dream Catcher","Singing Bowl"],"acts_visited":["Exordium"],"potions_floor_usage":[10,10],"damage_taken":[{"damage":2,"enemies":"2 Louse","floor":1,"turns":2},{"damage":2,"enemies":"Jaw Worm","floor":2,"turns":3},{"damage":10,"enemies":"Small Slimes","floor":3,"turns":4},{"damage":2,"enemies":"Exordium Wildlife","floor":5,"turns":4},{"damage":26,"enemies":"3 Sentries","floor":7,"turns":10},{"damage":10,"enemies":"Looter","floor":8,"turns":3},{"damage":20,"enemies":"Gremlin Nob","floor":10,"turns":3}],"seed_played":"2649276782431989859","potions_obtained":[{"floor":3,"key":"Ancient Potion"},{"floor":8,"key":"Strength Potion"}],"is_trial":false,"path_per_floor":["M","M","M","$","M","R","E","M","T","E"],"character_chosen":"DEFECT","items_purchased":["Beam Cell"],"campfire_rested":0,"item_purchase_floors":[4],"current_hp_per_floor":[69,67,57,57,55,55,29,19,19,0,0],"gold":110,"neow_bonus":"TEN_PERCENT_HP_BONUS","is_daily":false,"chose_seed":false,"campfire_upgraded":1,"win_rate":0.0,"timestamp":1609890920,"path_taken":["M","M","M","$","M","R","E","M","T","E"],"items_purchased_type":["Card"],"build_version":"2020-12-22","purchased_purges":1,"victory":false,"max_hp_per_floor":[78,78,78,78,78,78,78,78,78,78,78],"card_choices":[{"not_picked":["Coolheaded","Steam Power"],"picked":"Streamline","floor":1},{"not_picked":["Consume","Coolheaded"],"picked":"Conserve Battery","floor":2},{"not_picked":["Darkness","Steam"],"picked":"Loop","floor":3},{"not_picked":["Stack","Fusion"],"picked":"Coolheaded","floor":5},{"not_picked":["Stack","Consume","Biased Cognition"],"picked":"SKIP","floor":7},{"not_picked":["Turbo","Blizzard"],"picked":"Beam Cell","floor":8}],"player_experience":2914259,"relics_obtained":[{"floor":7,"key":"Dream Catcher"},{"floor":9,"key":"Singing Bowl"}],"event_choices":[],"is_beta":false,"boss_relics":[],"items_purged_floors":[4],"is_endless":false,"potions_floor_spawned":[3,8],"killed_by":"Gremlin Nob","ascension_level":20}}