{"host":"ewfe3cr33ktd9xzj","time":1609872177,"event":{"mods":["AchievementEnabler","BaseMod","Colored Map","Custom Start","DeckTracker","Minty Spire (QoL Compilation)","Permanent Neow","Rare Cards Sparkle","StSLib","everything is the same but u backflip on backflip"],"gold_per_floor":[112,59,59,74,86,86,116,116,116,116,134,162,172,172,172],"floor_reached":14,"playtime":292,"items_purged":[],"score":200,"play_id":"8bc717f5-af8d-4cfe-af85-5af68c7362a2","local_time":"20210106034257","is_ascension_mode":true,"campfire_choices":[{"data":"Eruption","floor":6.0,"key":"SMITH"},{"data":"CutThroughFate","floor":8.0,"key":"SMITH"}],"circlet_count":0,"master_deck":["AscendersBane","Strike_P","Strike_P","Strike_P","Strike_P","Defend_P","Defend_P+1","Defend_P","Defend_P+1","Eruption+1","Vigilance","BowlingBash","CutThroughFate+1","Brilliance","Protect","Scrawl","Evaluate","CrushJoints"],"relics":["Coffee Dripper","Darkstone Periapt","Yang","Singing Bowl"],"acts_visited":[],"potions_floor_usage":[],"damage_taken":[{"damage":2.0,"enemies":"Jaw Worm","floor":1.0,"turns":4.0},{"damage":0.0,"enemies":"Cultist","floor":4.0,"turns":2.0},{"damage":0.0,"enemies":"Small Slimes","floor":5.0,"turns":2.0},{"damage":9.0,"enemies":"3 Sentries","floor":7.0,"turns":5.0},{"damage":0.0,"enemies":"Red Slaver","floor":11.0,"turns":2.0},{"damage":11.0,"enemies":"Gremlin Nob","floor":12.0,"turns":3.0},{"damage":0,"enemies":"Blue Slaver","floor":13,"turns":1},{"damage":12,"enemies":"Lagavulin","floor":14,"turns":4}],"seed_played":"6864100619044039553","potions_obtained":[{"floor":5.0,"key":"Swift Potion"},{"floor":12.0,"key":"EssenceOfSteel"}],"is_trial":false,"path_per_floor":["M","$","?","M","M","R","E","R","T","?","M","E","M","E"],"character_chosen":"WATCHER","items_purchased":["CutThroughFate"],"campfire_rested":0,"item_purchase_floors":[2],"current_hp_per_floor":[59,59,39,39,39,39,30,30,30,30,30,19,21,9,9],"gold":172,"neow_bonus":"BOSS_RELIC","is_daily":false,"chose_seed":false,"campfire_upgraded":2,"win_rate":0.0,"timestamp":1609872177,"path_taken":["M","$","?","M","M","R","E","R","T","?","M","E","?","E"],"items_purchased_type":["Card"],"build_version":"2020-12-22","purchased_purges":0,"victory":false,"max_hp_per_floor":[68,68,68,68,68,68,68,68,68,68,68,68,70,70,70],"card_choices":[{"not_picked":["Prostrate","BattleHymn"],"picked":"BowlingBash","floor":1.0},{"not_picked":["Prostrate","FlyingSleeves","CutThroughFate"],"picked":"SKIP","floor":4.0},{"not_picked":["WreathOfFlame","CrushJoints"],"picked":"Brilliance","floor":5.0},{"not_picked":["Prostrate","WindmillStrike"],"picked":"Protect","floor":7.0},{"not_picked":["Conclude","SandsOfTime"],"picked":"Evaluate","floor":11.0},{"not_picked":["Crescendo","ClearTheMind"],"picked":"CrushJoints","floor":12.0},{"not_picked":["Conclude","EmptyBody","CutThroughFate"],"picked":"Singing Bowl","floor":13}],"player_experience":28275,"relics_obtained":[{"floor":7.0,"key":"Darkstone Periapt"},{"floor":9.0,"key":"Yang"},{"floor":12.0,"key":"Singing Bowl"}],"event_choices":[{"damage_healed":0.0,"max_hp_gain":0.0,"max_hp_loss":0.0,"gold_gain":0.0,"event_name":"Shining Light","player_choice":"Entered Light","floor":3.0,"gold_loss":0.0,"damage_taken":20.0,"cards_upgraded":["Defend_P","Defend_P"]},{"damage_healed":0.0,"max_hp_gain":0.0,"max_hp_loss":0.0,"gold_gain":0.0,"event_name":"Match and Keep!","player_choice":"1 cards matched","floor":10.0,"gold_loss":0.0,"damage_taken":0.0,"cards_obtained":["Scrawl"]}],"is_beta":false,"boss_relics":[],"items_purged_floors":[],"is_endless":false,"potions_floor_spawned":[5,12],"killed_by":"Lagavulin","ascension_level":20}}