{"host":"5cnm2qapaqj5mmu7","time":1609862669,"event":{"mods":["BaseMod","Bestiary","Colored Map","Minty Spire (QoL Compilation)","StSLib"],"gold_per_floor":[114,133,147,32,32,32,207,234,234,266,266,266,279,298,298,397,397,408,427,443,306,320,346,346,371,396,396,406,806,806,806,806,911,911,921,934,934,934,554,554,183,213,238,238,238,249,27,37,37,37],"floor_reached":51,"playtime":2772,"items_purged":["Strike_R","Doubt","Strike_R","Normality"],"score":883,"play_id":"7dcec048-29f5-4edf-a861-e8e8586b3fcd","local_time":"20210105170429","is_ascension_mode":true,"campfire_choices":[{"data":"Carnage","floor":6.0,"key":"SMITH"},{"data":"Fire Breathing","floor":12,"key":"SMITH"},{"data":"Metallicize","floor":15,"key":"SMITH"},{"data":"Seeing Red","floor":24,"key":"SMITH"},{"floor":30,"key":"REST"},{"data":"Demon Form","floor":32,"key":"SMITH"},{"data":"Barricade","floor":40,"key":"SMITH"},{"data":"Entrench","floor":45,"key":"SMITH"},{"floor":49,"key":"REST"}],"circlet_count":0,"master_deck":["Strike_R","Defend_R","Defend_R","Defend_R","Bash+1","Fire Breathing+1","Headbutt","Metallicize+1","Reaper+1","Flex","Evolve","Demon Form+1","Pommel Strike+1","Pummel+1","Battle Trance+1","Seeing Red+1","Spot Weakness","Flame Barrier","Iron Wave+1","Barricade+1","Entrench+1","True Grit+1","Parasite","Combust","Parasite","Sentinel"],"relics":["Burning Blood","Mercury Hourglass","Self Forming Clay","Torii","Vajra","Incense Burner","Anchor","Old Coin","Letter Opener","Nloth\u0027s Gift","Cursed Key","Turnip","Bag of Preparation","TungstenRod","Gremlin Horn","Happy Flower"],"acts_visited":["Exordium","TheCity","TheBeyond"],"potions_floor_usage":[10,14,16,25,28,28,33,42,50,50,50],"damage_taken":[{"damage":3.0,"enemies":"2 Louse","floor":1.0,"turns":3.0},{"damage":0.0,"enemies":"Small Slimes","floor":2.0,"turns":3.0},{"damage":6.0,"enemies":"Cultist","floor":3.0,"turns":3.0},{"damage":28.0,"enemies":"3 Sentries","floor":8.0,"turns":6.0},{"damage":16,"enemies":"Lagavulin","floor":10,"turns":5},{"damage":13,"enemies":"Exordium Wildlife","floor":13,"turns":4},{"damage":7,"enemies":"Lots of Slimes","floor":14,"turns":2},{"damage":16,"enemies":"The Guardian","floor":16,"turns":12},{"damage":7,"enemies":"3 Byrds","floor":18,"turns":5},{"damage":19,"enemies":"Spheric Guardian","floor":19,"turns":4},{"damage":14,"enemies":"Centurion and Healer","floor":20,"turns":6},{"damage":31,"enemies":"Snake Plant","floor":22,"turns":5},{"damage":30,"enemies":"Slavers","floor":23,"turns":5},{"damage":52,"enemies":"Book of Stabbing","floor":25,"turns":6},{"damage":14,"enemies":"Snecko","floor":28,"turns":4},{"damage":10,"enemies":"Colosseum Slavers","floor":29,"turns":3},{"damage":30,"enemies":"Colosseum Nobs","floor":29,"turns":5},{"damage":28,"enemies":"Champ","floor":33,"turns":8},{"damage":1,"enemies":"Orb Walker","floor":35,"turns":3},{"damage":11,"enemies":"3 Shapes","floor":36,"turns":5},{"damage":28,"enemies":"Nemesis","floor":42,"turns":9},{"damage":51,"enemies":"Writhing Mass","floor":46,"turns":8},{"damage":8,"enemies":"3 Darklings","floor":48,"turns":5},{"damage":14,"enemies":"Donu and Deca","floor":50,"turns":10}],"seed_played":"-6340022498680064904","potions_obtained":[{"floor":3.0,"key":"Weak Potion"},{"floor":10,"key":"BloodPotion"},{"floor":14,"key":"Fruit Juice"},{"floor":16,"key":"Fruit Juice"},{"floor":18,"key":"Swift Potion"},{"floor":22,"key":"SmokeBomb"},{"floor":25,"key":"BlessingOfTheForge"},{"floor":27,"key":"DuplicationPotion"},{"floor":27,"key":"Energy Potion"},{"floor":35,"key":"Dexterity Potion"},{"floor":46,"key":"Dexterity Potion"}],"is_trial":false,"path_per_floor":["M","M","M","$","?","R","?","E","T","E","?","R","M","M","R","B",null,"M","M","M","$","M","E","R","E","T","?","M","?","R","?","R","B",null,"M","M","T","?","$","R","$","E","T","?","R","M","$","M","R","B",null],"character_chosen":"IRONCLAD","items_purchased":["Carnage","Seeing Red","Energy Potion","AttackPotion","Bag of Preparation","TungstenRod","Combust","Sentinel"],"campfire_rested":2,"item_purchase_floors":[4,21,39,39,39,41,41,47],"current_hp_per_floor":[88,88,88,88,88,88,88,66,66,56,56,56,49,53,53,51,98,97,89,81,81,61,55,55,36,36,36,34,17,46,46,46,39,98,98,93,93,93,93,93,93,76,76,76,76,37,37,35,64,68],"gold":37,"neow_bonus":"TEN_PERCENT_HP_BONUS","is_daily":false,"chose_seed":false,"campfire_upgraded":7,"win_rate":0.0,"timestamp":1609862669,"path_taken":["M","M","M","$","?","R","?","E","T","E","?","R","?","M","R","BOSS","M","M","M","$","M","E","R","E","T","?","?","?","R","?","R","BOSS","M","?","?","?","$","R","?","E","T","?","R","M","$","M","R","BOSS"],"items_purchased_type":["Card","Card","Potion","Potion","Relic","Relic","Card","Card"],"build_version":"2020-12-22","purchased_purges":4,"victory":true,"max_hp_per_floor":[88,88,88,88,88,88,88,88,88,88,88,88,88,93,93,98,98,98,98,98,98,98,98,98,98,98,98,98,98,98,98,98,98,98,98,98,98,98,98,98,98,98,98,98,98,98,98,98,98,98],"card_choices":[{"not_picked":["Havoc","Shrug It Off"],"picked":"Fire Breathing","floor":1.0},{"not_picked":["Armaments","Clothesline"],"picked":"Headbutt","floor":2.0},{"not_picked":["Clash","Armaments"],"picked":"Metallicize","floor":3.0},{"not_picked":["Clothesline","Blood for Blood","Thunderclap"],"picked":"SKIP","floor":8},{"not_picked":["Combust","Burning Pact"],"picked":"Reaper","floor":10},{"not_picked":["Twin Strike","Warcry"],"picked":"Flex","floor":13},{"not_picked":["Fire Breathing","Twin Strike"],"picked":"Evolve","floor":14},{"not_picked":["Fiend Fire","Limit Break"],"picked":"Demon Form","floor":16},{"not_picked":["Flex","Wild Strike","Thunderclap+1"],"picked":"SKIP","floor":18},{"not_picked":["Dual Wield","Cleave","Headbutt+1"],"picked":"SKIP","floor":19},{"not_picked":["Rupture","Headbutt","Wild Strike+1"],"picked":"SKIP","floor":20},{"not_picked":["Heavy Blade","Pummel"],"picked":"Spot Weakness","floor":22},{"not_picked":["Sever Soul","Cleave"],"picked":"Flame Barrier","floor":23},{"not_picked":["Bludgeon","Cleave+1","Offering"],"picked":"SKIP","floor":25},{"not_picked":["Havoc","Warcry"],"picked":"Iron Wave+1","floor":28},{"not_picked":["Feed","Limit Break"],"picked":"Barricade","floor":33},{"not_picked":["Iron Wave+1","Headbutt+1"],"picked":"Entrench","floor":35},{"not_picked":["Havoc+1","Heavy Blade"],"picked":"True Grit+1","floor":36},{"not_picked":["Clash+1","Limit Break","Heavy Blade"],"picked":"SKIP","floor":42},{"not_picked":["Cleave","Whirlwind","Anger+1"],"picked":"SKIP","floor":46},{"not_picked":["Sever Soul","Flame Barrier","Anger+1"],"picked":"SKIP","floor":48}],"player_experience":548643,"relics_obtained":[{"floor":8,"key":"Mercury Hourglass"},{"floor":9,"key":"Self Forming Clay"},{"floor":10,"key":"Torii"},{"floor":23,"key":"Vajra"},{"floor":25,"key":"Incense Burner"},{"floor":26,"key":"Anchor"},{"floor":29,"key":"Old Coin"},{"floor":29,"key":"Letter Opener"},{"floor":37,"key":"Turnip"},{"floor":42,"key":"Gremlin Horn"},{"floor":43,"key":"Happy Flower"}],"event_choices":[{"damage_healed":0.0,"max_hp_gain":0.0,"max_hp_loss":0.0,"gold_gain":0.0,"event_name":"Living Wall","player_choice":"Grow","floor":5.0,"gold_loss":0.0,"damage_taken":0.0,"cards_upgraded":["Bash"]},{"damage_healed":0.0,"max_hp_gain":0.0,"max_hp_loss":0.0,"gold_gain":175.0,"event_name":"Liars Game","player_choice":"AGREE","floor":7.0,"gold_loss":0.0,"damage_taken":0.0,"cards_obtained":["Doubt"]},{"damage_healed":0,"gold_gain":0,"player_choice":"Forge","damage_taken":0,"max_hp_gain":0,"max_hp_loss":0,"event_name":"Accursed Blacksmith","floor":11,"gold_loss":0,"cards_upgraded":["Reaper"]},{"damage_healed":0,"gold_gain":0,"player_choice":"Got Potions","damage_taken":0,"max_hp_gain":0,"max_hp_loss":0,"event_name":"Lab","floor":27,"gold_loss":0},{"damage_healed":0,"gold_gain":0,"player_choice":"Fight","damage_taken":0,"max_hp_gain":0,"max_hp_loss":0,"event_name":"Colosseum","floor":29,"gold_loss":0},{"damage_healed":0,"gold_gain":0,"player_choice":"Fought Nobs","damage_taken":0,"max_hp_gain":0,"max_hp_loss":0,"event_name":"Colosseum","floor":29,"gold_loss":0},{"damage_healed":0,"gold_gain":0,"player_choice":"Traded Relic","damage_taken":0,"relics_obtained":["Nloth\u0027s Gift"],"max_hp_gain":0,"max_hp_loss":0,"event_name":"N\u0027loth","floor":31,"relics_lost":["Astrolabe"],"gold_loss":0},{"damage_healed":0,"gold_gain":0,"player_choice":"Ignored","damage_taken":0,"max_hp_gain":0,"max_hp_loss":0,"event_name":"Tomb of Lord Red Mask","floor":38,"gold_loss":0},{"cards_removed":["Carnage"],"damage_healed":0,"gold_gain":0,"player_choice":"Removed Attack","damage_taken":0,"max_hp_gain":0,"max_hp_loss":0,"event_name":"Falling","floor":44,"gold_loss":0}],"is_beta":false,"boss_relics":[{"not_picked":["Philosopher\u0027s Stone","Busted Crown"],"picked":"Astrolabe"},{"not_picked":["Fusion Hammer","Sozu"],"picked":"Cursed Key"}],"items_purged_floors":[4,21,39,47],"is_endless":false,"potions_floor_spawned":[3,10,14,16,18,22,25,29,35,46],"ascension_level":4}}