{"host":"Qube","time":1609813747,"event":{"mods":["AchievementEnabler","BaseMod","Colored Map","Colored Powertips","Minty Spire (QoL Compilation)","Quick Restart","Random Character Button","StSLib"],"gold_per_floor":[117,117,127,147,147,147,172,172,172,172,192,218,234,245,245,322,322,338,338,11,23,35,35,35,35,88,120,120,138,151,162,162,233,233,249,285,298,298,298],"floor_reached":38,"playtime":4860,"items_purged":[],"score":897,"play_id":"2e700e15-fd2b-4a16-8ce3-4f761cb57d32","local_time":"20210104182907","is_ascension_mode":true,"campfire_choices":[{"data":"Vigilance","floor":6.0,"key":"SMITH"},{"data":"CarveReality","floor":8.0,"key":"SMITH"},{"data":"Eruption","floor":10.0,"key":"SMITH"},{"data":"CutThroughFate","floor":15.0,"key":"SMITH"},{"floor":23.0,"key":"REST"},{"data":"MasterReality","floor":25.0,"key":"SMITH"},{"data":"Evaluate","floor":32.0,"key":"SMITH"}],"circlet_count":0,"master_deck":["AscendersBane","Strike_P","Strike_P","Strike_P","Defend_P","Defend_P","Defend_P","Eruption+1","Vigilance+1","DeusExMachina","CarveReality+1","CrushJoints","CutThroughFate+1","WheelKick","Meditate","BowlingBash","DeceiveReality","Halt","Vault","Protect","Wish","SashWhip","MasterReality+1","Decay","Evaluate+1","CarveReality","Establishment","Fasting2+1"],"relics":["PureWater","Torii","TeardropLocket","Bottled Flame","Calling Bell","Akabeko","Pantograph","Dead Branch","Turnip","Bag of Marbles","Matryoshka","Empty Cage"],"acts_visited":["Exordium","TheCity","TheBeyond"],"potions_floor_usage":[33,33,36,38],"damage_taken":[{"damage":2.0,"enemies":"Jaw Worm","floor":1.0,"turns":5.0},{"damage":0.0,"enemies":"Cultist","floor":3.0,"turns":2.0},{"damage":0.0,"enemies":"2 Louse","floor":4.0,"turns":3.0},{"damage":10.0,"enemies":"3 Sentries","floor":7.0,"turns":6.0},{"damage":1.0,"enemies":"Blue Slaver","floor":11.0,"turns":2.0},{"damage":11.0,"enemies":"Lagavulin","floor":12.0,"turns":4.0},{"damage":0.0,"enemies":"Gremlin Gang","floor":13.0,"turns":3.0},{"damage":0.0,"enemies":"Red Slaver","floor":14.0,"turns":3.0},{"damage":0.0,"enemies":"Slime Boss","floor":16.0,"turns":5.0},{"damage":22.0,"enemies":"3 Byrds","floor":18.0,"turns":6.0},{"damage":1.0,"enemies":"Chosen","floor":21.0,"turns":5.0},{"damage":1.0,"enemies":"Centurion and Healer","floor":22.0,"turns":5.0},{"damage":0.0,"enemies":"Gremlin Leader","floor":27.0,"turns":3.0},{"damage":0.0,"enemies":"Snake Plant","floor":29.0,"turns":2.0},{"damage":0.0,"enemies":"Snecko","floor":30.0,"turns":2.0},{"damage":0.0,"enemies":"Centurion and Healer","floor":31.0,"turns":3.0},{"damage":66,"enemies":"Automaton","floor":33,"turns":13},{"damage":0,"enemies":"3 Shapes","floor":35,"turns":4},{"damage":15,"enemies":"3 Darklings","floor":36,"turns":5},{"damage":13,"enemies":"Sphere and 2 Shapes","floor":37,"turns":6},{"damage":2,"enemies":"Transient","floor":38,"turns":7}],"seed_played":"-8950310893461542972","potions_obtained":[{"floor":2.0,"key":"BottledMiracle"},{"floor":2.0,"key":"LiquidBronze"},{"floor":13.0,"key":"ColorlessPotion"},{"floor":14.0,"key":"StancePotion"},{"floor":16.0,"key":"GamblersBrew"},{"floor":29.0,"key":"SteroidPotion"},{"floor":30.0,"key":"BottledMiracle"},{"floor":31.0,"key":"SteroidPotion"},{"floor":33,"key":"AttackPotion"},{"floor":37,"key":"Ambrosia"}],"is_trial":false,"path_per_floor":["M","?","M","M","?","R","E","R","T","R","M","E","M","M","R","B",null,"M","?","$","M","M","R","$","R","T","E","?","M","M","M","R","B",null,"M","M","M","M"],"character_chosen":"WATCHER","items_purchased":["Turnip"],"campfire_rested":1,"item_purchase_floors":[20],"current_hp_per_floor":[59,59,59,59,64,64,54,54,54,54,53,42,42,42,42,42,65,43,43,43,42,41,62,62,62,62,62,62,62,62,62,62,7,57,57,42,29,27,27],"gold":298,"neow_bonus":"ONE_RANDOM_RARE_CARD","is_daily":false,"chose_seed":false,"campfire_upgraded":6,"win_rate":0.0,"timestamp":1609813747,"path_taken":["M","?","?","M","?","R","E","R","T","R","M","E","M","M","R","BOSS","M","?","$","?","M","R","?","R","T","E","?","?","M","M","R","BOSS","M","M","M","M"],"items_purchased_type":["Relic"],"build_version":"2020-12-18","purchased_purges":0,"victory":false,"max_hp_per_floor":[68,68,68,68,73,73,73,73,73,73,73,73,73,73,73,73,73,73,73,73,73,73,73,73,73,73,73,73,73,73,73,73,73,73,73,73,73,73,73],"card_choices":[{"not_picked":["FlyingSleeves","Pray"],"picked":"CarveReality","floor":1.0},{"not_picked":["Crescendo","ClearTheMind"],"picked":"CrushJoints","floor":3.0},{"not_picked":["Weave","ThirdEye"],"picked":"CutThroughFate","floor":4.0},{"not_picked":["FlyingSleeves","Crescendo"],"picked":"WheelKick","floor":7.0},{"not_picked":["MentalFortress","Nirvana"],"picked":"Meditate","floor":11.0},{"not_picked":["Adaptation","Sanctity"],"picked":"BowlingBash","floor":12.0},{"not_picked":["WaveOfTheHand","FlurryOfBlows"],"picked":"DeceiveReality","floor":13.0},{"not_picked":["TalkToTheHand","FlyingSleeves"],"picked":"Halt","floor":14.0},{"not_picked":["Brilliance","DeusExMachina"],"picked":"Vault","floor":16.0},{"not_picked":["SashWhip","EmptyMind"],"picked":"Protect","floor":18.0},{"not_picked":["FlurryOfBlows","Prostrate"],"picked":"MasterReality","floor":21.0},{"not_picked":["Prostrate","Consecrate","Indignation"],"picked":"SKIP","floor":22.0},{"not_picked":["Judgement","WindmillStrike","Prostrate"],"picked":"SKIP","floor":27.0},{"not_picked":["Adaptation+1","ClearTheMind"],"picked":"Evaluate","floor":29.0},{"not_picked":["LikeWater","BowlingBash","JustLucky"],"picked":"SKIP","floor":30.0},{"not_picked":["Protect","Ragnarok"],"picked":"CarveReality","floor":31.0},{"not_picked":["LessonLearned","Devotion"],"picked":"Establishment","floor":33},{"not_picked":["Crescendo","Conclude","Halt"],"picked":"SKIP","floor":35},{"not_picked":["SandsOfTime","Halt+1","PathToVictory"],"picked":"SKIP","floor":36},{"not_picked":["LikeWater","Crescendo"],"picked":"Fasting2+1","floor":37}],"player_experience":763915,"relics_obtained":[{"floor":7.0,"key":"Torii"},{"floor":9.0,"key":"TeardropLocket"},{"floor":12.0,"key":"Bottled Flame"},{"floor":17.0,"key":"Akabeko"},{"floor":17.0,"key":"Pantograph"},{"floor":17.0,"key":"Dead Branch"},{"floor":26.0,"key":"Bag of Marbles"},{"floor":27.0,"key":"Matryoshka"}],"event_choices":[{"damage_healed":0.0,"max_hp_gain":0.0,"max_hp_loss":0.0,"gold_gain":0.0,"event_name":"Lab","player_choice":"Got Potions","floor":2.0,"gold_loss":0.0,"damage_taken":0.0},{"damage_healed":0.0,"max_hp_gain":5.0,"max_hp_loss":0.0,"gold_gain":0.0,"event_name":"Big Fish","player_choice":"Donut","floor":5.0,"gold_loss":0.0,"damage_taken":0.0},{"damage_healed":0.0,"max_hp_gain":0.0,"max_hp_loss":0.0,"gold_gain":0.0,"event_name":"Match and Keep!","player_choice":"2 cards matched","floor":19.0,"gold_loss":0.0,"damage_taken":0.0,"cards_obtained":["Wish","SashWhip"]},{"damage_healed":0.0,"max_hp_gain":0.0,"max_hp_loss":0.0,"gold_gain":0.0,"event_name":"Wheel of Change","player_choice":"Cursed","floor":28.0,"gold_loss":0.0,"damage_taken":0.0,"cards_obtained":["Decay"]}],"is_beta":true,"boss_relics":[{"not_picked":["SlaversCollar","Tiny House"],"picked":"Calling Bell"},{"not_picked":["Astrolabe","Sozu"],"picked":"Empty Cage"}],"items_purged_floors":[],"is_endless":false,"potions_floor_spawned":[3,13,14,16,29,30,31,33,37],"killed_by":"Transient","ascension_level":17}}