{"host":"fo1pcjb7ykmk7tjo","time":1609809988,"event":{"mods":["BaseMod","Colored Map","Downfall","Googly Eyes","Hermit","Hubris","Infinite Spire","Marisa????????","Minty Spire (QoL Compilation)","Replay The Spire","StSLib","The Disciple","The Servant 0.9.4"],"gold_per_floor":[118,118,136,147,31,31,65,65,90,119,119,47,47,95,95,220,220,236,236,261,279,5,5,5,48,48,92,92,53,53,94,94,224,224,237,293,293,374,374,411,425,145,145,166,166,201,201,76,76,76,76,76,76,114,114],"floor_reached":56,"playtime":5112,"items_purged":["Strike_G","Strike_G","Neutralize+1","Replay:Sluggish","Writhe"],"score":2030,"play_id":"743fa989-9e39-4734-8cdf-a41877b8fc54","local_time":"20210105022628","is_ascension_mode":true,"campfire_choices":[{"data":"Neutralize","floor":6.0,"key":"SMITH"},{"data":"Blur","floor":8.0,"key":"SMITH"},{"floor":15.0,"key":"REST"},{"data":"Burst","floor":23.0,"key":"SMITH"},{"data":"Deadly Poison","floor":30.0,"key":"SMITH"},{"data":"ReplayTheSpireMod:Speed Training","floor":32.0,"key":"SMITH"},{"floor":49,"key":"RECALL"},{"data":"Secret Technique","floor":52,"key":"SMITH"}],"circlet_count":0,"master_deck":["Defend_G","Defend_G","Defend_G+1","Defend_G","Survivor","Blur+1","Deadly Poison+1","Leg Sweep","Deadly Poison","Footwork+1","Burst+1","Backflip","ReplayTheSpireMod:Speed Training+1","Acrobatics+1","Footwork+1","Dodge and Roll","ReplayTheSpireMod:Tripwire","Deadly Poison","Burst","Blur","ReplayTheSpireMod:Speed Training","Secret Technique+1","Caltrops+1","Blur","Backflip+1"],"relics":["Ring of the Snake","NeowsBlessing","ReplayFunnel","Gremlin Food","infinitespire:Lychee Nut","Golden Idol","Art of War","Coffee Dripper","DollysMirror","Cursed Key","TwistedFunnel","Bottled Lightning","hubris:PeanutButter","hubris:AncientText","Replay:Bandana","Replay:Drink Me","StoneCalendar","hubris:Towel","hubris:TinFlute","hubris:Icosahedron","Lizard Tail","BargainBundle","The Specimen","infinitespire:PuzzleCube","Replay:Accelerometer"],"acts_visited":["Exordium","TheCity","TheBeyond","TheEnding"],"potions_floor_usage":[50,55,55],"damage_taken":[{"damage":0.0,"enemies":"Small Slimes","floor":1.0,"turns":1.0},{"damage":0.0,"enemies":"infinitespire:Voidling","floor":3.0,"turns":1.0},{"damage":0.0,"enemies":"Cultist","floor":4.0,"turns":1.0},{"damage":9.0,"enemies":"Replay:BlueRogue","floor":7.0,"turns":7.0},{"damage":14.0,"enemies":"Gremlin Nob","floor":10.0,"turns":7.0},{"damage":0.0,"enemies":"The Guardian","floor":16.0,"turns":11.0},{"damage":0.0,"enemies":"Shell Parasite","floor":18.0,"turns":5.0},{"damage":0.0,"enemies":"Chosen","floor":20.0,"turns":6.0},{"damage":11.0,"enemies":"Snake Plant","floor":21.0,"turns":6.0},{"damage":0.0,"enemies":"Replay:Snechameleon","floor":25.0,"turns":7.0},{"damage":5.0,"enemies":"Slavers","floor":27.0,"turns":10.0},{"damage":0.0,"enemies":"Gremlin Leader","floor":31.0,"turns":7.0},{"damage":0.0,"enemies":"Automaton","floor":33.0,"turns":9.0},{"damage":0.0,"enemies":"3 Shapes","floor":35.0,"turns":6.0},{"damage":0.0,"enemies":"2 Orb Walkers","floor":36.0,"turns":9.0},{"damage":0.0,"enemies":"R_Hoarder","floor":40.0,"turns":10.0},{"damage":0.0,"enemies":"3 Darklings","floor":41.0,"turns":5.0},{"damage":0.0,"enemies":"Spire Growth","floor":44.0,"turns":7.0},{"damage":0.0,"enemies":"Nemesis","floor":46.0,"turns":8.0},{"damage":0,"enemies":"infinitespire:MassOfShapes","floor":50,"turns":10},{"damage":0,"enemies":"Shield and Spear","floor":54,"turns":7},{"damage":0,"enemies":"The Heart","floor":55,"turns":12}],"seed_played":"-7906268829630119313","potions_obtained":[{"floor":4.0,"key":"Weak Potion"},{"floor":10.0,"key":"sneckomod:MuddlingPotion"},{"floor":14.0,"key":"Flashbang"},{"floor":20.0,"key":"FearPotion"},{"floor":21.0,"key":"Flashbang"},{"floor":35.0,"key":"EssenceOfSteel"},{"floor":36.0,"key":"Reflective Coating"},{"floor":54,"key":"Adrenaline Potion"}],"is_trial":false,"path_per_floor":["M","?","M","M","$","R","E","R","T","E","?","$","?","?","R","B",null,"M","?","M","M","$","R","AVR","E","T","E","?","$","R","E","R","B",null,"M","?","?","T","?","E","M","$","T","M","?","E","AVR","$","R","B",null,"R","$","E","B",null],"character_chosen":"THE_SILENT","items_purchased":["Sucker Punch+1","Leg Sweep","Footwork","DollysMirror","Dodge and Roll","ReplayTheSpireMod:Tripwire","BargainBundle","Dodge and Roll","ReplayTheSpireMod:Speed Training","Secret Technique"],"campfire_rested":1,"item_purchase_floors":[5,5,12,22,22,29,42,42,42,42],"current_hp_per_floor":[63,63,63,63,63,63,54,54,54,40,40,40,27,7,22,28,46,52,52,52,41,41,41,41,47,47,48,48,48,48,52,52,52,39,39,39,39,39,39,39,39,39,39,39,39,39,39,39,39,39,39,39,39,39,39],"gold":114,"neow_bonus":"THREE_ENEMY_KILL","is_daily":false,"chose_seed":false,"campfire_upgraded":6,"win_rate":0.0,"timestamp":1609809988,"path_taken":["M","?","?","?","$","R","E","R","T","E","?","?","?","?","R","BOSS","M","?","M","M","$","R","AVR","E","T","E","?","$","R","E","R","BOSS","M","?","?","?","?","E","M","$","T","M","?","E","AVR","?","R","BOSS","R","$","E","BOSS"],"items_purchased_type":["Card","Card","Card","Relic","Card","Card","Relic","Card","Card","Card"],"build_version":"2020-12-22","purchased_purges":5,"victory":true,"max_hp_per_floor":[70,70,70,70,70,70,70,70,70,52,52,52,52,52,52,52,52,52,52,52,52,52,52,52,52,52,52,52,52,52,52,52,52,39,39,39,39,39,39,39,39,39,39,39,39,39,39,39,39,39,39,39,39,39,39],"card_choices":[{"not_picked":["Quick Slash","hubris:SlightOfHand","Riddle With Holes"],"picked":"SKIP","floor":1.0},{"not_picked":["Riddle With Holes","ReplayTheSpireMod:Scrap Shanks","Flying Knee"],"picked":"SKIP","floor":3.0},{"not_picked":["Masterful Stab","ReplayTheSpireMod:The Works"],"picked":"Deadly Poison","floor":4.0},{"not_picked":["Distraction","hubris:Sniper","Deflect"],"picked":"SKIP","floor":7.0},{"not_picked":["Quick Slash","Acrobatics"],"picked":"Deadly Poison","floor":10.0},{"not_picked":["ReplayTheSpireMod:From All Sides","Wraith Form v2"],"picked":"Burst","floor":16.0},{"not_picked":["Dagger Throw","Hidden Blade"],"picked":"Backflip","floor":18.0},{"not_picked":["Tactician","Underhanded Strike+1"],"picked":"ReplayTheSpireMod:Speed Training","floor":20.0},{"not_picked":["Hidden Blade","Sucker Punch"],"picked":"Acrobatics+1","floor":21.0},{"not_picked":["Heel Hook+1","Distraction+1","Acrobatics"],"picked":"SKIP","floor":25.0},{"not_picked":["Hidden Blade","Quick Slash+1","Prepared"],"picked":"SKIP","floor":27.0},{"not_picked":["Calculated Gamble","Hidden Blade"],"picked":"Deadly Poison","floor":31.0},{"not_picked":["ReplayTheSpireMod:Necrosis","Glass Knife"],"picked":"Burst","floor":33.0},{"not_picked":["Deadly Poison","Bane","hubris:SlightOfHand"],"picked":"SKIP","floor":35.0},{"not_picked":["Corpse Explosion","Outmaneuver"],"picked":"Blur","floor":40.0},{"not_picked":["ReplayTheSpireMod:Exploit Weakness","Fluid Movement+1","Hidden Blade+1"],"picked":"SKIP","floor":41.0},{"not_picked":["Reflex+1","Quick Slash"],"picked":"Caltrops+1","floor":44.0},{"not_picked":["hubris:Counter","Cloak And Dagger+1"],"picked":"Blur","floor":46},{"not_picked":["Endless Agony+1","Sucker Punch"],"picked":"Backflip+1","floor":54}],"player_experience":196260,"relics_obtained":[{"floor":7.0,"key":"ReplayFunnel"},{"floor":9.0,"key":"Gremlin Food"},{"floor":10.0,"key":"infinitespire:Lychee Nut"},{"floor":14.0,"key":"Art of War"},{"floor":25.0,"key":"Bottled Lightning"},{"floor":26.0,"key":"hubris:PeanutButter"},{"floor":27.0,"key":"hubris:AncientText"},{"floor":31.0,"key":"Replay:Bandana"},{"floor":36.0,"key":"StoneCalendar"},{"floor":38.0,"key":"hubris:TinFlute"},{"floor":40.0,"key":"Lizard Tail"},{"floor":46,"key":"The Specimen"},{"floor":54,"key":"Replay:Accelerometer"}],"event_choices":[{"damage_healed":0.0,"max_hp_gain":0.0,"max_hp_loss":0.0,"gold_gain":0.0,"cards_transformed":["Strike_G"],"event_name":"Transmorgrifier","player_choice":"Transformed","floor":2.0,"gold_loss":0.0,"damage_taken":0.0,"cards_obtained":["Blur"]},{"cards_removed":["Strike_G"],"damage_healed":0.0,"max_hp_gain":0.0,"max_hp_loss":0.0,"gold_gain":0.0,"event_name":"Bonfire Elementals","player_choice":"Offered Basic","floor":11.0,"gold_loss":0.0,"damage_taken":0.0},{"damage_healed":0.0,"max_hp_gain":0.0,"max_hp_loss":0.0,"gold_gain":0.0,"event_name":"Golden Idol","player_choice":"Take Damage","floor":13.0,"gold_loss":0.0,"damage_taken":13.0,"relics_obtained":["Golden Idol"]},{"cards_removed":["ReplayTheSpireMod:Splinters"],"damage_healed":0.0,"max_hp_gain":0.0,"max_hp_loss":0.0,"gold_gain":0.0,"event_name":"Purifier","player_choice":"Purged","floor":28.0,"gold_loss":0.0,"damage_taken":0.0},{"damage_healed":0.0,"max_hp_gain":0.0,"max_hp_loss":0.0,"gold_gain":0.0,"event_name":"Mysterious Sphere","player_choice":"Fight","floor":36.0,"gold_loss":0.0,"damage_taken":0.0},{"cards_removed":["Dodge and Roll"],"damage_healed":0.0,"max_hp_gain":0.0,"max_hp_loss":0.0,"gold_gain":0.0,"event_name":"Falling","player_choice":"Removed Skill","floor":45.0,"gold_loss":0.0,"damage_taken":0.0}],"is_beta":false,"boss_relics":[{"not_picked":["Philosopher\u0027s Stone","Replay:Bronze Core"],"picked":"Coffee Dripper"},{"not_picked":["Black Star","Empty Cage"],"picked":"Replay:Drink Me"}],"items_purged_floors":[22,24,42,47,48],"is_endless":false,"potions_floor_spawned":[4,10,20,21,35,36,44,54],"ascension_level":7}}