{"host":"dl7h25vjpuplx29g","time":1609877604,"event":{"mods":["BaseMod","Colored Map","Minty Spire (QoL Compilation)"],"gold_per_floor":[112,112,131,131,131,159,159,9,9,37,57,7,7,35,35,108,108,124,141,141,141,141,141,170,186,231,231,231],"floor_reached":27,"playtime":2872,"items_purged":["Defend_B"],"score":476,"play_id":"eb4e394f-0ce1-4608-bbaf-321083e6707a","local_time":"20210106051324","is_ascension_mode":true,"campfire_choices":[{"floor":7.0,"key":"REST"},{"data":"Chaos","floor":15.0,"key":"SMITH"},{"data":"Fission","floor":23.0,"key":"SMITH"}],"circlet_count":0,"master_deck":["AscendersBane","Defend_B","Defend_B","Zap","Dualcast","Dark Shackles+1","Conserve Battery+1","Chaos+1","Rebound","Genetic Algorithm","Self Repair","Beam Cell","Fission+1","All For One","Loop+1","Defragment+1","Barrage+1","Defragment","Seek","Rainbow","Auto Shields+1","Coolheaded"],"relics":["Cracked Core","InkBottle","Mercury Hourglass","Matryoshka","Singing Bowl","Ornamental Fan","Pear","HornCleat","Astrolabe","Mummified Hand","Boot","Oddly Smooth Stone"],"acts_visited":["Exordium","TheCity"],"potions_floor_usage":[24,24,24,27],"damage_taken":[{"damage":0.0,"enemies":"2 Louse","floor":1.0,"turns":2.0},{"damage":0.0,"enemies":"Small Slimes","floor":3.0,"turns":3.0},{"damage":37.0,"enemies":"3 Sentries","floor":6.0,"turns":10.0},{"damage":19.0,"enemies":"Lagavulin","floor":10.0,"turns":7.0},{"damage":0.0,"enemies":"Jaw Worm","floor":11.0,"turns":3.0},{"damage":0.0,"enemies":"3 Sentries","floor":14.0,"turns":6.0},{"damage":19.0,"enemies":"The Guardian","floor":16.0,"turns":11.0},{"damage":14.0,"enemies":"Chosen","floor":18.0,"turns":6.0},{"damage":9.0,"enemies":"3 Byrds","floor":19.0,"turns":4.0},{"damage":37,"enemies":"Slavers","floor":24,"turns":6},{"damage":8,"enemies":"Centurion and Healer","floor":25,"turns":7},{"damage":18,"enemies":"Shelled Parasite and Fungi","floor":27,"turns":1}],"seed_played":"6897477704008396416","potions_obtained":[{"floor":11.0,"key":"EntropicBrew"},{"floor":16.0,"key":"ColorlessPotion"},{"floor":19.0,"key":"LiquidBronze"},{"floor":25,"key":"Explosive Potion"}],"is_trial":false,"path_per_floor":["M","?","M","?","T","E","R","$","T","E","M","$","T","E","R","B",null,"M","M","?","?","?","R","E","M","T","M"],"character_chosen":"DEFECT","items_purchased":["Self Repair","Fire Potion"],"campfire_rested":1,"item_purchase_floors":[8,12],"current_hp_per_floor":[64,64,64,43,43,6,27,27,27,15,24,24,34,41,41,29,70,56,47,47,47,47,47,17,16,16,0,0],"gold":231,"neow_bonus":"RANDOM_COLORLESS","is_daily":false,"chose_seed":false,"campfire_upgraded":2,"win_rate":0.0,"timestamp":1609877604,"path_taken":["M","?","M","?","?","E","R","$","T","E","M","?","?","E","R","BOSS","M","M","?","?","?","R","E","M","T","M"],"items_purchased_type":["Card","Potion"],"build_version":"2020-12-22","purchased_purges":1,"victory":false,"max_hp_per_floor":[71,71,71,71,71,71,71,71,71,71,73,73,83,83,83,83,83,83,83,83,83,83,83,83,83,83,83,83],"card_choices":[{"not_picked":["Forethought","Jack Of All Trades"],"picked":"Dark Shackles","floor":0.0},{"not_picked":["Stack","Leap"],"picked":"Conserve Battery","floor":1.0},{"not_picked":["Barrage","Static Discharge"],"picked":"Rebound","floor":3.0},{"not_picked":["Double Energy","White Noise"],"picked":"Genetic Algorithm","floor":6.0},{"not_picked":["Force Field","Double Energy"],"picked":"Beam Cell","floor":10.0},{"not_picked":["Compile Driver","Genetic Algorithm","Reprogram"],"picked":"Singing Bowl","floor":11.0},{"not_picked":["Skim","Double Energy"],"picked":"Fission","floor":14.0},{"not_picked":["Amplify","Rainbow"],"picked":"All For One","floor":16.0},{"not_picked":["Sweeping Beam","Turbo"],"picked":"Defragment","floor":18.0},{"not_picked":["Cold Snap","Go for the Eyes"],"picked":"Reprogram","floor":19.0},{"not_picked":["Sweeping Beam+1","Beam Cell"],"picked":"Auto Shields+1","floor":24},{"not_picked":["Loop","Heatsinks"],"picked":"Coolheaded","floor":25}],"player_experience":1477478,"relics_obtained":[{"floor":5.0,"key":"InkBottle"},{"floor":6.0,"key":"Mercury Hourglass"},{"floor":9.0,"key":"Matryoshka"},{"floor":10.0,"key":"Singing Bowl"},{"floor":13.0,"key":"Ornamental Fan"},{"floor":13.0,"key":"Pear"},{"floor":14.0,"key":"HornCleat"},{"floor":24,"key":"Mummified Hand"},{"floor":26,"key":"Boot"},{"floor":26,"key":"Oddly Smooth Stone"}],"event_choices":[{"damage_healed":0.0,"max_hp_gain":0.0,"max_hp_loss":0.0,"gold_gain":0.0,"cards_transformed":["Strike_B"],"event_name":"Living Wall","player_choice":"Change","floor":2.0,"gold_loss":0.0,"damage_taken":0.0,"cards_obtained":["Chaos"]},{"damage_healed":0.0,"max_hp_gain":0.0,"max_hp_loss":0.0,"gold_gain":0.0,"event_name":"Shining Light","player_choice":"Entered Light","floor":4.0,"gold_loss":0.0,"damage_taken":21.0,"cards_upgraded":["Conserve Battery","Dark Shackles"]},{"damage_healed":0.0,"max_hp_gain":0.0,"max_hp_loss":0.0,"gold_gain":0.0,"cards_transformed":["Reprogram","Defend_B"],"event_name":"Drug Dealer","player_choice":"Became Test Subject","floor":20.0,"gold_loss":0.0,"damage_taken":0.0,"cards_obtained":["Seek","Rainbow"]},{"damage_healed":0.0,"max_hp_gain":0.0,"max_hp_loss":0.0,"gold_gain":0.0,"event_name":"Vampires","player_choice":"Ignored","floor":21.0,"gold_loss":0.0,"damage_taken":0.0},{"damage_healed":0.0,"max_hp_gain":0.0,"max_hp_loss":0.0,"gold_gain":0.0,"event_name":"Cursed Tome","player_choice":"Ignored","floor":22.0,"gold_loss":0.0,"damage_taken":0.0}],"is_beta":false,"boss_relics":[{"not_picked":["Empty Cage","Black Star"],"picked":"Astrolabe"}],"items_purged_floors":[8],"is_endless":false,"potions_floor_spawned":[11,16,19,25],"killed_by":"Shelled Parasite and Fungi","ascension_level":15}}