{"host":"ig7tc0uedzltt2sr","time":1609833698,"event":{"mods":["BaseMod","Better Twitch Integration","Block Reminder","Colored Map","Colored Powertips","Communication Mod","Current Relic Mod","GifTheSpireLib","HexUI Lib","Minty Spire (QoL Compilation)","Quick Restart","Random Character Button","Rare Cards Sparkle","Relic Sorter","Relic Stats","Slay the Relics Exporter","StSLib","SuperFastMode","Synergy Search","Twitch Decklist","Twitch Utils","everything is the same but u backflip on backflip","slay the spire mod where everything is the same but ironclad has a cowboy hat"],"gold_per_floor":[109,109,119,139,154,154,172,172,196,196,207,207,220,174,174,174,174],"floor_reached":16,"playtime":117,"items_purged":[],"score":94,"play_id":"7411a83e-7957-416b-a8e3-9b29016ac1a4","local_time":"20210105000138","is_ascension_mode":false,"campfire_choices":[{"data":"Strike_R","floor":6,"key":"SMITH"},{"data":"Strike_R","floor":10,"key":"SMITH"},{"data":"Strike_R","floor":12,"key":"SMITH"},{"data":"Second Wind","floor":15,"key":"SMITH"}],"circlet_count":0,"master_deck":["Strike_R+1","Strike_R+1","Strike_R+1","Strike_R","Strike_R","Defend_R","Defend_R","Defend_R","Defend_R","Second Wind+1","Defend_R","Perfected Strike","Ghostly Armor","Clash","Parasite","Reckless Charge","Clothesline","Wild Strike"],"relics":["Burning Blood","NeowsBlessing","Toy Ornithopter"],"acts_visited":["Exordium"],"potions_floor_usage":[],"damage_taken":[{"damage":2,"enemies":"Small Slimes","floor":1,"turns":3},{"damage":0,"enemies":"Cultist","floor":3,"turns":1},{"damage":0,"enemies":"Jaw Worm","floor":4,"turns":2},{"damage":23,"enemies":"Large Slime","floor":5,"turns":12},{"damage":30,"enemies":"Red Slaver","floor":7,"turns":11},{"damage":7,"enemies":"3 Louse","floor":11,"turns":6},{"damage":8,"enemies":"Exordium Wildlife","floor":13,"turns":7},{"damage":65,"enemies":"Hexaghost","floor":16,"turns":11}],"seed_played":"6012536318422646432","potions_obtained":[{"floor":4,"key":"ColorlessPotion"},{"floor":5,"key":"ElixirPotion"},{"floor":13,"key":"SkillPotion"}],"is_trial":false,"path_per_floor":["M","?","M","M","M","R","M","?","T","R","M","R","M","$","R","B"],"character_chosen":"IRONCLAD","items_purchased":["Wild Strike"],"campfire_rested":0,"item_purchase_floors":[14],"current_hp_per_floor":[80,80,80,80,63,63,39,59,59,59,58,58,56,56,56,0,0],"gold":174,"neow_bonus":"THREE_ENEMY_KILL","is_daily":false,"chose_seed":false,"campfire_upgraded":4,"win_rate":0.0,"timestamp":1609833698,"path_taken":["M","?","M","M","M","R","?","?","T","R","M","R","M","$","R","BOSS"],"items_purchased_type":["Card"],"build_version":"2020-12-22","purchased_purges":0,"victory":false,"max_hp_per_floor":[80,80,80,80,80,80,80,80,80,80,80,80,80,80,80,80,80],"relic_stats":{"counters":[8,53],"obtain_stats":[{"NeowsBlessing":0,"Burning Blood":0,"Toy Ornithopter":9},{"NeowsBlessing":0,"Burning Blood":0,"Toy Ornithopter":5},{"NeowsBlessing":0,"Burning Blood":0,"Toy Ornithopter":29}],"Burning Blood":26,"Toy Ornithopter":5},"card_choices":[{"not_picked":["Shrug It Off","True Grit"],"picked":"Second Wind","floor":1},{"not_picked":["Cleave","Pummel","Havoc"],"picked":"SKIP","floor":3},{"not_picked":["Body Slam","Entrench"],"picked":"Perfected Strike","floor":4},{"not_picked":["Battle Trance","Sword Boomerang"],"picked":"Ghostly Armor","floor":5},{"not_picked":["Rupture","Heavy Blade"],"picked":"Clash","floor":7},{"not_picked":["True Grit","Cleave"],"picked":"Reckless Charge","floor":11},{"not_picked":["Thunderclap","Flex"],"picked":"Clothesline","floor":13}],"player_experience":1432855,"relics_obtained":[{"floor":9,"key":"Toy Ornithopter"}],"event_choices":[{"cards_removed":["Bash"],"damage_healed":0,"gold_gain":0,"player_choice":"Took Card","damage_taken":0,"max_hp_gain":0,"max_hp_loss":0,"event_name":"NoteForYourself","floor":2,"gold_loss":0,"cards_obtained":["Defend_R"]},{"damage_healed":20,"gold_gain":0,"player_choice":"Healed and dodged fight","damage_taken":0,"max_hp_gain":0,"max_hp_loss":0,"event_name":"Mushrooms","floor":8,"gold_loss":0,"cards_obtained":["Parasite"]}],"is_beta":false,"boss_relics":[],"items_purged_floors":[],"is_endless":false,"potions_floor_spawned":[4,5,13],"killed_by":"Hexaghost","ascension_level":0}}