{"host":"0azimyi6n3ugndj4","time":1609808713,"event":{"mods":["2.2 Compatiblity","BaseMod","Bestiary","Conspire","Curses Come First","Defuse TimeMaze Blight","Hermit","Hubris","Hyrulean Relics","Infinite Spire","Jorbs\u0027s Wanderer Trilogy","Minty Spire (QoL Compilation)","Relic Stats","Replay The Spire","StSLib","SuperFastMode","The Cursed","The Hierophant","Uncapped","¡¼?Úª?ø«¡½REMEMod"],"gold_per_floor":[110,385,395,395,425,425,325,152,152,152,177,5,31,46,46,122,122,132,132,132,147,147,147,147],"floor_reached":23,"playtime":400,"items_purged":[],"score":620,"play_id":"7ac4fcf4-f814-42b3-b7a3-ae4c63fa60af","local_time":"20210105100513","daily_mods":["SealedDeck","Hoarder","Insanity","Chimera","Specialized","ControlledChaos","Allstar","Diverse","Colorless Cards","Heirloom","Time Dilation","Flight","Elite Swarm","Binary"],"is_ascension_mode":true,"campfire_choices":[{"floor":6.0,"key":"REST"}],"circlet_count":0,"master_deck":["Demon Form","Wraith Form v2","Echo Form","DevaForm","stsjorbsmod:ArcaneForm","stsjorbsmod:WastingForm","AscendersBane","Bash","Survivor","Zap","Eruption","Strike_R","Strike_G","Strike_B","Defend_R","Defend_G","Defend_P","hierophant:Smite","Endless Agony","ReplayTheSpireMod:Speed Training","TheCursedMod:SurpriseAttack","hierophant:MorningPrayer","Impatience","Replay:Vibes","hermit:CalledShot","Beam Cell","hermit:GhostlyPresence","Hidden Blade","REME_TheoryOfElimination","stsjorbsmod:Channel","hierophant:Zeal","stsjorbsmod:Firebolt","Consecrate","Distraction","All Out Attack","hermit:TakeCover","Eviscerate","hierophant:DisplayOfPower","Replay:Battleflow","hermit:PistolWhip","TheCursedMod:BloodBarrier","hierophant:MirrorShield","Poisoned Stab","hermit:Misfire","Disarm","stsjorbsmod:Will","Vengeance","hermit:NoHoldsBarred","hierophant:ThreeLashes","TheCursedMod:CircleOfCorruption","SignatureMove","conspire:Charge","stsjorbsmod:UnseenServant","Sever Soul","Ghostly Armor","Barrage","hermit:Headshot","REME_SingleHolding","infinitespire:OneForAll","hermit:Grudge","Rip and Tear","hierophant:DisplayOfPower","Backflip","hermit:Coalescence","Predator","hermit:Glare","TheCursedMod:SoulReap","Rebound","Rebound","Rebound","Rebound","Rebound","Rebound","Rebound","Rebound","Rebound","Rebound","Rebound","Rebound","Rebound","Rebound","Rebound","ReplayTheSpireMod:Speed Training","ReplayTheSpireMod:Speed Training","ReplayTheSpireMod:Speed Training","Slice+1","Slice","Slice","Wallop","Wallop","Wallop","REME_ShadowStrike","REME_ShadowStrike","REME_ShadowStrike","hermit:Virtue","hermit:Virtue","hermit:Virtue","Quick Slash","Quick Slash","Quick Slash","stsjorbsmod:FracturedMind","stsjorbsmod:FracturedMind","stsjorbsmod:FracturedMind","REME_Compress","REME_Compress","REME_Compress","JustLucky","JustLucky","JustLucky","Dagger Throw","Dagger Throw","Dagger Throw","stsjorbsmod:Fireball","stsjorbsmod:Fireball","stsjorbsmod:Fireball","Regret","Regret","Regret","Ghostly","Ghostly","Ghostly","Voices","Voices","Voices","Pain","Pain","Pain"],"relics":["hermit:Momento","Frozen Eye","Busted Crown","REME_ComplimentaryCards","hubris:FunFungus","Akabeko","Happy Flower","zeldaRelics:CourageTriforce","ClockworkSouvenir","Black Star","Ring of Panic","WarpedTongs"],"acts_visited":["Exordium","TheCity"],"potions_floor_usage":[23,23],"damage_taken":[{"damage":0.0,"enemies":"2 Louse","floor":1.0,"turns":2.0},{"damage":18.0,"enemies":"conspire:RoseBush","floor":3.0,"turns":1.0},{"damage":28.0,"enemies":"conspire:MimicChest","floor":5.0,"turns":3.0},{"damage":0,"enemies":"Gremlin Nob","floor":13,"turns":3},{"damage":0,"enemies":"Small Slimes","floor":14,"turns":1},{"damage":18,"enemies":"Fading Forest","floor":16,"turns":13},{"damage":29,"enemies":"conspire:FuzzyDice","floor":18,"turns":3},{"damage":18,"enemies":"Chosen","floor":21,"turns":4},{"damage":22,"enemies":"Replay:Snechameleon","floor":23,"turns":2}],"seed_played":"7515432154239123104","potions_obtained":[{"floor":3.0,"key":"Swift Potion"},{"floor":16,"key":"Swift Potion"},{"floor":18,"key":"AttackPotion"}],"is_trial":true,"path_per_floor":["M","?","M","?","?","R","?","$","T","$","T","$","E","M","R","B",null,"M","?","?","M","?","E"],"character_chosen":"HERMIT","items_purchased":["Happy Flower","ClockworkSouvenir"],"campfire_rested":1,"item_purchase_floors":[8,12],"current_hp_per_floor":[64,64,46,51,23,45,45,45,45,45,45,45,45,45,67,52,70,41,41,35,18,18,0,0],"gold":147,"neow_bonus":"","is_daily":false,"chose_seed":false,"campfire_upgraded":0,"win_rate":0.0,"timestamp":1609808713,"path_taken":["M","?","?","?","?","R","?","?","T","$","?","$","E","M","R","BOSS","M","?","?","?","?","E"],"items_purchased_type":["Relic","Relic"],"build_version":"2020-12-22","purchased_purges":0,"victory":false,"max_hp_per_floor":[71,71,71,76,76,76,76,76,76,76,76,76,76,76,76,76,76,76,76,76,76,76,76,76],"relic_stats":{"Busted Crown":24,"Happy Flower":[8],"counters":[9,32],"Black Star":0,"obtain_stats":[{"Happy Flower":8,"Akabeko":5,"zeldaRelics:CourageTriforce":13,"ClockworkSouvenir":12,"WarpedTongs":22,"Frozen Eye":0,"Busted Crown":0,"hubris:FunFungus":0,"zeldaRelics:CouragePiece":9,"Black Star":17,"Ring of Panic":19,"hermit:Momento":0,"REME_ComplimentaryCards":0},{"Happy Flower":3,"Akabeko":3,"zeldaRelics:CourageTriforce":4,"ClockworkSouvenir":3,"WarpedTongs":8,"Frozen Eye":0,"Busted Crown":0,"hubris:FunFungus":0,"zeldaRelics:CouragePiece":3,"Black Star":6,"Ring of Panic":7,"hermit:Momento":0,"REME_ComplimentaryCards":0},{"Happy Flower":6,"Akabeko":6,"zeldaRelics:CourageTriforce":9,"ClockworkSouvenir":6,"WarpedTongs":30,"Frozen Eye":0,"Busted Crown":0,"hubris:FunFungus":0,"zeldaRelics:CouragePiece":6,"Black Star":23,"Ring of Panic":26,"hermit:Momento":0,"REME_ComplimentaryCards":0}],"WarpedTongs":[2]},"card_choices":[],"player_experience":1539979,"relics_obtained":[{"floor":5.0,"key":"Akabeko"},{"floor":9.0,"key":"zeldaRelics:CouragePiece"},{"floor":11.0,"key":"zeldaRelics:CouragePiece"},{"floor":13,"key":"zeldaRelics:CouragePiece"},{"floor":19,"key":"Ring of Panic"}],"event_choices":[{"damage_healed":0.0,"max_hp_gain":0.0,"max_hp_loss":0.0,"gold_gain":275.0,"event_name":"Golden Shrine","player_choice":"Desecrate","floor":2.0,"gold_loss":0.0,"damage_taken":0.0,"cards_obtained":["Regret"]},{"damage_healed":0.0,"max_hp_gain":5.0,"max_hp_loss":0.0,"gold_gain":0.0,"event_name":"Big Fish","player_choice":"Donut","floor":4.0,"gold_loss":0.0,"damage_taken":0.0},{"damage_healed":0.0,"max_hp_gain":0.0,"max_hp_loss":0.0,"gold_gain":0.0,"event_name":"conspire:LoneGhost","player_choice":"Argue","floor":7.0,"gold_loss":0.0,"damage_taken":0.0},{"damage_healed":0,"gold_gain":0,"player_choice":"","damage_taken":6,"max_hp_gain":0,"max_hp_loss":0,"event_name":"Knowing Skull","floor":20,"potions_obtained":[],"gold_loss":0,"cards_obtained":[]},{"damage_healed":0,"gold_gain":0,"player_choice":"Rummage","damage_taken":0,"relics_obtained":["WarpedTongs"],"max_hp_gain":0,"max_hp_loss":0,"event_name":"Accursed Blacksmith","floor":22,"gold_loss":0,"cards_obtained":["Pain"]}],"is_beta":false,"boss_relics":[{"not_picked":["conspire:SeveredTorchhead","conspire:SpecialSausage"],"picked":"Black Star"}],"items_purged_floors":[],"is_endless":false,"potions_floor_spawned":[3,16,18,21],"killed_by":"Replay:Snechameleon","ascension_level":20}}