{"host":"04aht2z7d1qbuefv","time":1609883154,"event":{"mods":["AchievementEnabler","BaseMod","Downfall","Minty Spire (QoL Compilation)","StSLib","The Cursed","The Necromancer"],"gold_per_floor":[99,99,99,99,99,24,48,48,73,87,105,53,53,66,81,81,81,81],"floor_reached":16,"playtime":452,"items_purged":[],"score":123,"play_id":"46528a1f-df83-4cfa-bb85-0bb5d0c1dcb0","local_time":"20210105184554","is_ascension_mode":false,"campfire_choices":[{"floor":1,"key":"RECALL"},{"data":"Slimebound:DuplicatedForm","floor":6,"key":"SMITH"},{"data":"Slimebound:ProtectTheBoss","floor":13,"key":"SMITH"}],"circlet_count":0,"master_deck":["Slimebound:Strike_Slimebound","Slimebound:Strike_Slimebound","Slimebound:Strike_Slimebound","Slimebound:Tackle","Slimebound:Defend_Slimebound","Slimebound:Defend_Slimebound","Slimebound:Defend_Slimebound","Slimebound:Defend_Slimebound","Slimebound:Split","Slimebound:CorrosiveSpit","Slimebound:FinishingTackle","Slimebound:DuplicatedForm+1","Slimebound:ProtectTheBoss+1","Slimebound:Prepare","Slimebound:SlimeTap"],"relics":["Slimebound:AbsorbEndCombat","downfall:HeartsMalice","downfall:HeartBlessingRed","Boot","HornCleat","Gremlin Horn"],"acts_visited":["Exordium"],"potions_floor_usage":[12,16,16,16],"damage_taken":[{"damage":0,"enemies":"Jaw Worm","floor":2,"turns":1},{"damage":0,"enemies":"downfall:FleeingMerchant","floor":3,"turns":1},{"damage":0,"enemies":"Gremlin Nob","floor":9,"turns":1},{"damage":5,"enemies":"Cultist","floor":10,"turns":3},{"damage":22,"enemies":"2 Louse","floor":11,"turns":3},{"damage":25,"enemies":"downfall:FleeingMerchant","floor":12,"turns":4},{"damage":23,"enemies":"Blue Slaver","floor":14,"turns":4},{"damage":37,"enemies":"Exordium Wildlife","floor":15,"turns":5},{"damage":46,"enemies":"downfall:Watcher","floor":16,"turns":4}],"seed_played":"-3548603202471270472","potions_obtained":[{"floor":9,"key":"Guardian:BlockOnCardUsePotion"},{"floor":10,"key":"LiquidMemories"},{"floor":11,"key":"LiquidMemories"},{"floor":15,"key":"Slimebound:SlimyTonguePotion"}],"is_trial":false,"path_per_floor":["R","M","$","?","T","R","T","T","E","M","M","$","R","M","M","B"],"character_chosen":"SLIMEBOUND","items_purchased":["Slimebound:SlimeTap"],"campfire_rested":0,"item_purchase_floors":[12],"current_hp_per_floor":[60,60,60,65,65,65,65,65,65,64,63,59,59,55,39,0,0,0],"gold":81,"neow_bonus":"THREE_ENEMY_KILL","is_daily":false,"chose_seed":false,"campfire_upgraded":2,"win_rate":0.0,"timestamp":1609883154,"path_taken":["R","M","$","?","?","R","T","?","E","?","M","?","R","M","M","BOSS"],"items_purchased_type":["Card"],"build_version":"2020-12-22","purchased_purges":0,"victory":false,"max_hp_per_floor":[60,60,60,65,65,65,65,65,65,65,65,65,65,65,65,65,65,65],"card_choices":[{"not_picked":["Slimebound:Replication","Slimebound:BestDefense"],"picked":"Slimebound:FinishingTackle","floor":2},{"not_picked":["Slimebound:ComboTackle","Slimebound:FormOfPuddle"],"picked":"Slimebound:DuplicatedForm","floor":3},{"not_picked":["Slimebound:MegaLick","Slimebound:SplitAcid"],"picked":"Slimebound:ProtectTheBoss","floor":9},{"not_picked":["Slimebound:FinishingTackle","Slimebound:LeechingTouch"],"picked":"Slimebound:Prepare","floor":10},{"not_picked":["Slimebound:ViciousTackle","Slimebound:RollThrough","Slimebound:Nibble"],"picked":"SKIP","floor":11},{"not_picked":["Slimebound:FlameTackle","Slimebound:WasteNot","Slimebound:ComboTackle"],"picked":"SKIP","floor":12},{"not_picked":["Slimebound:DisruptingSlam","Slimebound:DivideAndConquer","Slimebound:Nibble"],"picked":"SKIP","floor":14},{"not_picked":["Slimebound:ViciousTackle","Slimebound:ComboTackle","Slimebound:DivideAndConquer"],"picked":"SKIP","floor":15}],"player_experience":153027,"relics_obtained":[{"floor":7,"key":"Boot"},{"floor":8,"key":"HornCleat"},{"floor":9,"key":"Gremlin Horn"}],"event_choices":[{"damage_healed":0,"gold_gain":0,"player_choice":"Donut","damage_taken":0,"max_hp_gain":5,"max_hp_loss":0,"event_name":"Big Fish","floor":4,"gold_loss":0}],"is_beta":false,"boss_relics":[],"items_purged_floors":[],"is_endless":false,"potions_floor_spawned":[9,10,11,15],"killed_by":"downfall:Watcher","ascension_level":0}}