{"host":"ig7tc0uedzltt2sr","time":1609824286,"event":{"mods":["BaseMod","Better Twitch Integration","Block Reminder","Colored Map","Colored Powertips","Communication Mod","Current Relic Mod","GifTheSpireLib","HexUI Lib","Minty Spire (QoL Compilation)","Quick Restart","Random Character Button","Rare Cards Sparkle","Relic Sorter","Relic Stats","Slay the Relics Exporter","StSLib","SuperFastMode","Synergy Search","Twitch Decklist","Twitch Utils","everything is the same but u backflip on backflip","slay the spire mod where everything is the same but ironclad has a cowboy hat"],"gold_per_floor":[111,124,134,150,150,150,150],"floor_reached":6,"playtime":74,"items_purged":[],"score":38,"play_id":"26bfb8d0-7eba-4da0-85a9-73b43d2a3fd1","local_time":"20210104212446","is_ascension_mode":false,"campfire_choices":[],"circlet_count":0,"master_deck":["Strike_R","Strike_R","Strike_R","Strike_R","Strike_R","Defend_R","Defend_R","Defend_R","Defend_R","Bash","Reaper","Uppercut","Warcry","Power Through","Entrench"],"relics":["Burning Blood"],"acts_visited":["Exordium"],"potions_floor_usage":[],"damage_taken":[{"damage":44,"enemies":"Cultist","floor":1,"turns":8},{"damage":21,"enemies":"Jaw Worm","floor":2,"turns":9},{"damage":7,"enemies":"Small Slimes","floor":3,"turns":6},{"damage":24,"enemies":"Blue Slaver","floor":4,"turns":8},{"damage":26,"enemies":"Lagavulin","floor":6,"turns":5}],"seed_played":"-5549211553405011771","potions_obtained":[{"floor":1,"key":"SpeedPotion"}],"is_trial":false,"path_per_floor":["M","M","M","M","$","E"],"character_chosen":"IRONCLAD","items_purchased":[],"campfire_rested":0,"item_purchase_floors":[],"current_hp_per_floor":[42,27,30,16,16,0,0],"gold":150,"neow_bonus":"ONE_RANDOM_RARE_CARD","is_daily":false,"chose_seed":false,"campfire_upgraded":0,"win_rate":0.0,"timestamp":1609824286,"path_taken":["M","M","M","M","$","E"],"items_purchased_type":[],"build_version":"2020-12-22","purchased_purges":0,"victory":false,"max_hp_per_floor":[80,80,80,80,80,80,80],"relic_stats":{"counters":[5,36],"obtain_stats":[{"Burning Blood":0},{"Burning Blood":0},{"Burning Blood":0}],"Burning Blood":24},"card_choices":[{"not_picked":["Iron Wave","Shrug It Off"],"picked":"Uppercut","floor":1},{"not_picked":["Thunderclap","Sentinel"],"picked":"Warcry","floor":2},{"not_picked":["Warcry","Iron Wave"],"picked":"Power Through","floor":3},{"not_picked":["Perfected Strike","Clothesline"],"picked":"Entrench","floor":4}],"player_experience":1425047,"relics_obtained":[],"event_choices":[],"is_beta":false,"boss_relics":[],"items_purged_floors":[],"is_endless":false,"potions_floor_spawned":[1],"killed_by":"Lagavulin","ascension_level":0}}