{"host":"zdcz0a6aak4rnx0s","time":1609885016,"event":{"mods":["AchievementEnabler","BaseMod","Colored Map","Colored Powertips","Minty Spire (QoL Compilation)","StSLib"],"gold_per_floor":[116,116,116,41,65,106,127,148,198,233,233,233,280,301,301,391,391,415,429,429,429],"floor_reached":20,"playtime":830,"items_purged":["Defend_R"],"score":397,"play_id":"df833533-4769-447c-a92a-e29eba873a4d","local_time":"20210105161656","is_ascension_mode":true,"campfire_choices":[{"data":"Whirlwind","floor":12.0,"key":"SMITH"},{"data":"Spot Weakness","floor":15.0,"key":"SMITH"}],"circlet_count":0,"master_deck":["AscendersBane","Strike_R","Strike_R","Strike_R","Strike_R","Strike_R","Defend_R","Defend_R","Defend_R","Bash","Flame Barrier+1","Whirlwind+1","Spot Weakness+1","Pummel","Feed","Intimidate","Limit Break","Sentinel","True Grit"],"relics":["Burning Blood","NeowsBlessing","Golden Idol","Sundial","Tiny Chest","MealTicket","Potion Belt","Cursed Key"],"acts_visited":["Exordium","TheCity"],"potions_floor_usage":[16],"damage_taken":[{"damage":0.0,"enemies":"Jaw Worm","floor":1.0,"turns":1.0},{"damage":0.0,"enemies":"2 Louse","floor":5.0,"turns":2.0},{"damage":0.0,"enemies":"Lagavulin","floor":6.0,"turns":1.0},{"damage":0.0,"enemies":"Small Slimes","floor":7.0,"turns":3.0},{"damage":1.0,"enemies":"3 Louse","floor":8.0,"turns":3.0},{"damage":15.0,"enemies":"3 Sentries","floor":10.0,"turns":4.0},{"damage":16.0,"enemies":"Blue Slaver","floor":14.0,"turns":4.0},{"damage":2,"enemies":"Slime Boss","floor":16,"turns":8},{"damage":0,"enemies":"3 Byrds","floor":18,"turns":4},{"damage":44,"enemies":"Spheric Guardian","floor":19,"turns":6},{"damage":58,"enemies":"Shelled Parasite and Fungi","floor":20,"turns":3}],"seed_played":"-3337967782344622204","potions_obtained":[{"floor":5.0,"key":"Ancient Potion"},{"floor":6.0,"key":"LiquidBronze"},{"floor":14.0,"key":"SteroidPotion"}],"is_trial":false,"path_per_floor":["M","?","?","$","M","E","M","M","T","E","?","R","T","M","R","B",null,"M","M","M"],"character_chosen":"IRONCLAD","items_purchased":[],"campfire_rested":0,"item_purchase_floors":[],"current_hp_per_floor":[74,48,48,48,54,60,66,71,71,62,62,62,62,52,52,59,73,78,43,0,0],"gold":429,"neow_bonus":"THREE_ENEMY_KILL","is_daily":false,"chose_seed":false,"campfire_upgraded":2,"win_rate":0.0,"timestamp":1609885016,"path_taken":["M","?","?","$","M","E","M","M","T","E","?","R","?","M","R","BOSS","M","M","M"],"items_purchased_type":[],"build_version":"2020-12-22","purchased_purges":1,"victory":false,"max_hp_per_floor":[75,75,75,75,75,75,75,75,75,75,75,75,75,75,75,78,78,78,81,84,84],"card_choices":[{"not_picked":["Armaments","Twin Strike"],"picked":"Flame Barrier","floor":1.0},{"not_picked":["Sword Boomerang","Combust"],"picked":"Whirlwind","floor":5.0},{"not_picked":["Pommel Strike","Sword Boomerang","Bloodletting"],"picked":"SKIP","floor":6.0},{"not_picked":["Flex","Sword Boomerang"],"picked":"Spot Weakness","floor":7.0},{"not_picked":["Thunderclap","Body Slam"],"picked":"Pummel","floor":8.0},{"not_picked":["Clash","Immolate"],"picked":"Feed","floor":10.0},{"not_picked":["Dual Wield","Cleave"],"picked":"Intimidate","floor":14.0},{"not_picked":["Corruption","Brutality"],"picked":"Limit Break","floor":16},{"not_picked":["Uppercut","Clash"],"picked":"Sentinel","floor":18},{"not_picked":["Inflame","Cleave"],"picked":"True Grit","floor":19}],"player_experience":1000809,"relics_obtained":[{"floor":6.0,"key":"Sundial"},{"floor":9.0,"key":"Tiny Chest"},{"floor":10.0,"key":"MealTicket"},{"floor":13.0,"key":"Potion Belt"}],"event_choices":[{"damage_healed":0.0,"max_hp_gain":0.0,"max_hp_loss":0.0,"gold_gain":0.0,"event_name":"Golden Idol","player_choice":"Take Damage","floor":2.0,"gold_loss":0.0,"damage_taken":26.0,"relics_obtained":["Golden Idol"]},{"damage_healed":0.0,"max_hp_gain":0.0,"max_hp_loss":0.0,"gold_gain":0.0,"event_name":"Living Wall","player_choice":"Grow","floor":3.0,"gold_loss":0.0,"damage_taken":0.0,"cards_upgraded":["Flame Barrier"]},{"damage_healed":0.0,"max_hp_gain":0.0,"max_hp_loss":0.0,"gold_gain":0.0,"event_name":"Liars Game","player_choice":"Ignored","floor":11.0,"gold_loss":0.0,"damage_taken":0.0}],"is_beta":false,"boss_relics":[{"not_picked":["Fusion Hammer","Runic Dome"],"picked":"Cursed Key"}],"items_purged_floors":[4],"is_endless":false,"potions_floor_spawned":[5,6,14],"killed_by":"Shelled Parasite and Fungi","ascension_level":18}}