{"host":"qswkx8hggytna0kc","time":1609850487,"event":{"mods":["Aspiration","BaseMod","BetterRewards","Colored Map","Colored Powertips","Highlight Path","Hubris","Mimic Mod","Minty Spire (QoL Compilation)","Quick Restart","Replay The Spire","StSLib","SuperFastMode"],"gold_per_floor":[118,129,129,54,54,82,92,92,117,143,156,156,156],"floor_reached":12,"playtime":196,"items_purged":["Strike_B"],"score":147,"play_id":"e86072ed-753f-45cc-9da5-19f48164f526","local_time":"20210105204127","is_ascension_mode":true,"campfire_choices":[],"circlet_count":0,"master_deck":["Strike_B","Strike_B","Strike_B","Defend_B","Defend_B","Defend_B","Defend_B","Zap","Dualcast","Time Bomb","Fusion+1","Rainbow","BasicCrystalCard+1","Leap","Coolheaded"],"relics":["Cracked Core","NeowsBlessing","Darkstone Periapt","Happy Flower","Replay:WaspNest"],"acts_visited":["Exordium"],"potions_floor_usage":[11],"damage_taken":[{"damage":0.0,"enemies":"2 Louse","floor":1.0,"turns":1.0},{"damage":0.0,"enemies":"Jaw Worm","floor":2.0,"turns":1.0},{"damage":0.0,"enemies":"3 Sentries","floor":6.0,"turns":2.0},{"damage":0.0,"enemies":"Small Slimes","floor":7.0,"turns":3.0},{"damage":29,"enemies":"Lagavulin","floor":10,"turns":7},{"damage":19,"enemies":"Exordium Wildlife","floor":11,"turns":5},{"damage":18,"enemies":"Gremlin Nob","floor":12,"turns":2}],"seed_played":"-7347736183332453529","potions_obtained":[{"floor":2.0,"key":"Weak Potion"},{"floor":6.0,"key":"Milkshake"}],"is_trial":false,"path_per_floor":["M","M","?","$","?","E","M","?","T","E","M","E"],"character_chosen":"DEFECT","items_purchased":[],"campfire_rested":0,"item_purchase_floors":[],"current_hp_per_floor":[68,68,68,68,75,75,75,60,60,31,12,0,0],"gold":156,"neow_bonus":"THREE_ENEMY_KILL","is_daily":false,"chose_seed":false,"campfire_upgraded":0,"win_rate":0.0,"timestamp":1609850487,"path_taken":["M","M","?","$","?","E","M","?","T","E","M","E"],"items_purchased_type":[],"build_version":"2020-12-22","purchased_purges":1,"victory":false,"max_hp_per_floor":[75,75,75,75,75,75,75,75,75,75,75,75,75],"card_choices":[{"not_picked":["Hologram","Consume"],"picked":"Time Bomb","floor":1.0},{"not_picked":["Stack","Rebound"],"picked":"Fusion","floor":2.0},{"not_picked":["Consume","hubris:SpecializedCircuitry"],"picked":"Rainbow","floor":6.0},{"not_picked":["Conserve Battery","ReplayTheSpireMod:System Scan"],"picked":"BasicCrystalCard","floor":7.0},{"not_picked":["Steam","Sweeping Beam"],"picked":"Leap","floor":10},{"not_picked":["Stack","Barrage"],"picked":"Coolheaded","floor":11}],"player_experience":231445,"relics_obtained":[{"floor":6.0,"key":"Darkstone Periapt"},{"floor":9.0,"key":"Happy Flower"},{"floor":10,"key":"Replay:WaspNest"}],"event_choices":[{"damage_healed":0.0,"max_hp_gain":0.0,"max_hp_loss":0.0,"gold_gain":0.0,"event_name":"Shining Light","player_choice":"Entered Light","floor":8.0,"gold_loss":0.0,"damage_taken":15.0,"cards_upgraded":["BasicCrystalCard","Fusion"]}],"is_beta":false,"boss_relics":[],"items_purged_floors":[4],"is_endless":false,"potions_floor_spawned":[2,6],"killed_by":"Gremlin Nob","ascension_level":6}}