{"host":"sav7uxregyirlf69","time":1609829988,"event":{"mods":["AchievementEnabler","BaseMod","Colored Map","DeckTracker","Keyboard Shortcuts","Minty Spire (QoL Compilation)","READ ME - Guardian Mod","StSLib","SuperFastMode"],"gold_per_floor":[116,136,152,152,51,81,81,92,115,127,156,168,198,228,240,327,339,367,398,36,36,36],"floor_reached":21,"playtime":396,"items_purged":["Pain","Strike_R"],"score":366,"play_id":"4222d029-7363-473c-a4f8-08c6962e4402","local_time":"20210105155948","is_ascension_mode":true,"campfire_choices":[{"data":"Feed","floor":7,"key":"SMITH"},{"floor":10,"key":"REST"},{"data":"Blood for Blood","floor":12,"key":"SMITH"},{"data":"Armaments","floor":15,"key":"SMITH"}],"circlet_count":0,"master_deck":["AscendersBane","Strike_R","Strike_R","Strike_R","Strike_R","Defend_R","Defend_R","Defend_R","Defend_R","Bash","Demon Form","Warcry","Feed+1","Blood for Blood+1","Wild Strike","Limit Break","Armaments+1","Shrug It Off","Sword Boomerang","Impervious","Dual Wield","Battle Trance+1"],"relics":["Burning Blood","WarpedTongs","Bronze Scales","MawBank","Cursed Key","Eternal Feather"],"acts_visited":["Exordium","TheCity"],"potions_floor_usage":[6,16,19],"damage_taken":[{"damage":9,"enemies":"Jaw Worm","floor":1,"turns":5},{"damage":12,"enemies":"Cultist","floor":2,"turns":4},{"damage":11,"enemies":"Small Slimes","floor":3,"turns":4},{"damage":31,"enemies":"3 Sentries","floor":6,"turns":8},{"damage":12,"enemies":"Looter","floor":8,"turns":4},{"damage":22,"enemies":"Gremlin Gang","floor":11,"turns":4},{"damage":15,"enemies":"Large Slime","floor":13,"turns":5},{"damage":6,"enemies":"Red Slaver","floor":14,"turns":2},{"damage":24,"enemies":"Hexaghost","floor":16,"turns":6},{"damage":9,"enemies":"3 Byrds","floor":18,"turns":3},{"damage":29,"enemies":"Shell Parasite","floor":19,"turns":4},{"damage":50,"enemies":"Chosen and Byrds","floor":21,"turns":4}],"seed_played":"4191287747843435370","potions_obtained":[{"floor":2,"key":"ElixirPotion"},{"floor":3,"key":"Strength Potion"},{"floor":8,"key":"EssenceOfSteel"},{"floor":14,"key":"SteroidPotion"},{"floor":16,"key":"Ancient Potion"}],"is_trial":false,"path_per_floor":["M","M","M","?","$","E","R","M","T","R","M","R","M","M","R","B",null,"M","M","$","M"],"character_chosen":"IRONCLAD","items_purchased":["Wild Strike","Eternal Feather"],"campfire_rested":1,"item_purchase_floors":[5,20],"current_hp_per_floor":[65,59,57,57,57,35,35,29,29,53,41,41,32,32,32,14,67,68,45,45,0,0],"gold":36,"neow_bonus":"ONE_RANDOM_RARE_CARD","is_daily":false,"chose_seed":false,"campfire_upgraded":3,"win_rate":0.0,"timestamp":1609829988,"path_taken":["M","M","M","?","$","E","R","M","T","R","M","R","M","?","R","BOSS","M","M","$","M"],"items_purchased_type":["Card","Relic"],"build_version":"2020-12-22","purchased_purges":2,"victory":false,"max_hp_per_floor":[75,75,78,78,78,81,81,81,81,81,85,85,85,85,85,85,85,89,89,89,89,89],"card_choices":[{"not_picked":["Thunderclap","Headbutt"],"picked":"Warcry","floor":1},{"not_picked":["Warcry","Whirlwind"],"picked":"Feed","floor":2},{"not_picked":["Clothesline","True Grit"],"picked":"Blood for Blood","floor":3},{"not_picked":["Searing Blow","True Grit"],"picked":"Limit Break","floor":6},{"not_picked":["Clothesline","Burning Pact"],"picked":"Armaments","floor":8},{"not_picked":["Pummel","Anger"],"picked":"Shrug It Off","floor":11},{"not_picked":["Carnage","Warcry"],"picked":"Sword Boomerang","floor":13},{"not_picked":["Warcry","Headbutt","Searing Blow"],"picked":"SKIP","floor":14},{"not_picked":["Double Tap","Immolate"],"picked":"Impervious","floor":16},{"not_picked":["Pommel Strike","Body Slam"],"picked":"Dual Wield","floor":18},{"not_picked":["Warcry+1","Iron Wave"],"picked":"Battle Trance+1","floor":19}],"player_experience":1142733,"relics_obtained":[{"floor":6,"key":"Bronze Scales"},{"floor":9,"key":"MawBank"}],"event_choices":[{"damage_healed":0,"gold_gain":0,"player_choice":"Rummage","damage_taken":0,"relics_obtained":["WarpedTongs"],"max_hp_gain":0,"max_hp_loss":0,"event_name":"Accursed Blacksmith","floor":4,"gold_loss":0,"cards_obtained":["Pain"]}],"is_beta":false,"boss_relics":[{"not_picked":["Velvet Choker","Runic Dome"],"picked":"Cursed Key"}],"items_purged_floors":[5,20],"is_endless":false,"potions_floor_spawned":[2,3,8,14,16,18],"killed_by":"Chosen and Byrds","ascension_level":20}}