{"host":"8f8ps4z875kp1oop","time":1609874431,"event":{"mods":["BaseMod","Colored Map","Minty Spire (QoL Compilation)"],"gold_per_floor":[110,121,47,47,61,89,89,124,124,136,166,178,178],"floor_reached":12,"playtime":708,"items_purged":[],"score":167,"play_id":"232c9d7a-29f9-40db-8f60-e822362f7141","local_time":"20210105142031","is_ascension_mode":true,"campfire_choices":[{"floor":7,"key":"REST"},{"floor":10,"key":"REST"}],"circlet_count":0,"master_deck":["AscendersBane","Strike_B","Strike_B","Strike_B","Strike_B","Defend_B","Defend_B","Defend_B","Defend_B","Zap+1","Dualcast","Static Discharge","Cold Snap","Lockon","Sweeping Beam","Thunder Strike","Lockon","Stack"],"relics":["Cracked Core","Blood Vial","Boot","Eternal Feather","MawBank"],"acts_visited":["Exordium"],"potions_floor_usage":[6,6],"damage_taken":[{"damage":1,"enemies":"Cultist","floor":1,"turns":3},{"damage":14,"enemies":"Small Slimes","floor":2,"turns":4},{"damage":0,"enemies":"Jaw Worm","floor":5,"turns":4},{"damage":23,"enemies":"Gremlin Nob","floor":6,"turns":4},{"damage":37,"enemies":"3 Sentries","floor":8,"turns":5},{"damage":25,"enemies":"Large Slime","floor":11,"turns":5},{"damage":30,"enemies":"Gremlin Nob","floor":12,"turns":3}],"seed_played":"-3524486385768628970","potions_obtained":[{"floor":2,"key":"FocusPotion"},{"floor":5,"key":"Weak Potion"}],"is_trial":false,"path_per_floor":["M","M","$","?","M","E","R","E","T","R","M","E"],"character_chosen":"DEFECT","items_purchased":["Lockon"],"campfire_rested":2,"item_purchase_floors":[3],"current_hp_per_floor":[65,53,53,53,55,34,55,20,20,50,27,0,0],"gold":178,"neow_bonus":"RANDOM_COMMON_RELIC","is_daily":false,"chose_seed":false,"campfire_upgraded":0,"win_rate":0.0,"timestamp":1609874431,"path_taken":["M","M","$","?","M","E","R","E","T","R","?","E"],"items_purchased_type":["Card"],"build_version":"2020-12-22","purchased_purges":0,"victory":false,"max_hp_per_floor":[71,71,71,71,71,71,71,71,71,71,71,71,71],"card_choices":[{"not_picked":["Rebound","Steam"],"picked":"Static Discharge","floor":1},{"not_picked":["Tempest","Compile Driver"],"picked":"Cold Snap","floor":2},{"not_picked":["Stack","Gash"],"picked":"Sweeping Beam","floor":5},{"not_picked":["FTL","Barrage"],"picked":"Thunder Strike","floor":6},{"not_picked":["Redo","FTL"],"picked":"Lockon","floor":8},{"not_picked":["Gash","Redo"],"picked":"Stack","floor":11}],"player_experience":388790,"relics_obtained":[{"floor":6,"key":"Boot"},{"floor":8,"key":"Eternal Feather"},{"floor":9,"key":"MawBank"}],"event_choices":[{"damage_healed":0,"gold_gain":0,"player_choice":"Upgraded","damage_taken":0,"max_hp_gain":0,"max_hp_loss":0,"event_name":"Upgrade Shrine","floor":4,"gold_loss":0,"cards_upgraded":["Zap"]}],"is_beta":false,"boss_relics":[],"items_purged_floors":[],"is_endless":false,"potions_floor_spawned":[2,5],"killed_by":"Gremlin Nob","ascension_level":18}}