{"host":"oigynbtg272c19pw","time":1609862195,"event":{"mods":["BaseMod","Colored Map","Minty Spire (QoL Compilation)","Relic Stats","StSLib"],"gold_per_floor":[112,24,24,38,59,59,100,100,123,161,196,196,229,229,229,229,229],"floor_reached":16,"playtime":735,"items_purged":[],"score":232,"play_id":"07a5d4cd-5bcc-4f7f-9617-b4befb1a7223","local_time":"20210105165635","is_ascension_mode":true,"campfire_choices":[{"data":"Terror","floor":6.0,"key":"SMITH"},{"data":"Predator","floor":8.0,"key":"SMITH"},{"data":"Backstab","floor":15,"key":"SMITH"}],"circlet_count":0,"master_deck":["AscendersBane","Strike_G","Strike_G","Strike_G","Strike_G","Defend_G","Defend_G+1","Defend_G","Defend_G","Defend_G","Survivor","Neutralize","Bandage Up","Deflect+1","Predator+1","Backstab+1","Terror+1","Die Die Die","Tactician"],"relics":["Ring of the Snake","Golden Idol","Bag of Marbles","Nunchaku","Odd Mushroom","War Paint","Matryoshka","SsserpentHead"],"acts_visited":["Exordium"],"potions_floor_usage":[10,11],"damage_taken":[{"damage":1.0,"enemies":"Small Slimes","floor":1.0,"turns":4.0},{"damage":0.0,"enemies":"2 Louse","floor":4.0,"turns":2.0},{"damage":0.0,"enemies":"Cultist","floor":5.0,"turns":3.0},{"damage":23.0,"enemies":"3 Sentries","floor":7.0,"turns":10.0},{"damage":0,"enemies":"The Mushroom Lair","floor":10,"turns":4},{"damage":1,"enemies":"Gremlin Nob","floor":11,"turns":3},{"damage":2,"enemies":"3 Sentries","floor":13,"turns":9},{"damage":38,"enemies":"Hexaghost","floor":16,"turns":9}],"seed_played":"2677321964280966728","potions_obtained":[{"floor":1.0,"key":"Fire Potion"},{"floor":5.0,"key":"Poison Potion"},{"floor":10,"key":"PowerPotion"}],"is_trial":false,"path_per_floor":["M","$","?","M","M","R","E","R","T","?","E","?","E","?","R","B"],"character_chosen":"THE_SILENT","items_purchased":["Predator"],"campfire_rested":0,"item_purchase_floors":[2],"current_hp_per_floor":[62,62,39,43,47,47,28,28,28,32,35,28,30,30,30,0,0],"gold":229,"neow_bonus":"RANDOM_COLORLESS","is_daily":false,"chose_seed":false,"campfire_upgraded":3,"win_rate":0.0,"timestamp":1609862195,"path_taken":["M","$","?","M","M","R","E","R","T","?","E","?","E","?","R","BOSS"],"items_purchased_type":["Card"],"build_version":"2020-12-13","purchased_purges":0,"victory":false,"max_hp_per_floor":[66,66,66,66,66,66,66,66,66,66,66,66,66,66,66,66,66],"relic_stats":{"SsserpentHead":0,"Nunchaku":[4],"counters":[8,44],"Golden Idol":37,"War Paint":["Deflect","Defend_G"],"obtain_stats":[{"SsserpentHead":14,"Nunchaku":9,"Matryoshka":13,"Golden Idol":3,"Bag of Marbles":7,"Odd Mushroom":10,"War Paint":11,"Ring of the Snake":0},{"SsserpentHead":7,"Nunchaku":4,"Matryoshka":7,"Golden Idol":1,"Bag of Marbles":4,"Odd Mushroom":5,"War Paint":6,"Ring of the Snake":0},{"SsserpentHead":35,"Nunchaku":19,"Matryoshka":35,"Golden Idol":4,"Bag of Marbles":19,"Odd Mushroom":23,"War Paint":26,"Ring of the Snake":0}],"Ring of the Snake":[16]},"card_choices":[{"not_picked":["Blind","Dramatic Entrance"],"picked":"Bandage Up","floor":0.0},{"not_picked":["Dodge and Roll","Riddle With Holes"],"picked":"Deflect","floor":1.0},{"not_picked":["Poisoned Stab","Heel Hook"],"picked":"Backstab","floor":4.0},{"not_picked":["Sucker Punch","Bane"],"picked":"Terror","floor":5.0},{"not_picked":["Expertise","Bane","Dodge and Roll"],"picked":"SKIP","floor":7.0},{"not_picked":["Catalyst","Distraction"],"picked":"Die Die Die","floor":11},{"not_picked":["Unload","Flechettes"],"picked":"Tactician","floor":13}],"player_experience":1344790,"relics_obtained":[{"floor":7.0,"key":"Bag of Marbles"},{"floor":9.0,"key":"Nunchaku"},{"floor":10,"key":"Odd Mushroom"},{"floor":11,"key":"War Paint"},{"floor":13,"key":"Matryoshka"}],"event_choices":[{"damage_healed":0.0,"max_hp_gain":0.0,"max_hp_loss":0.0,"gold_gain":0.0,"event_name":"Golden Idol","player_choice":"Take Damage","floor":3.0,"gold_loss":0.0,"damage_taken":23.0,"relics_obtained":["Golden Idol"]},{"damage_healed":0,"gold_gain":0,"player_choice":"Fought Mushrooms","damage_taken":0,"max_hp_gain":0,"max_hp_loss":0,"event_name":"Mushrooms","floor":10,"gold_loss":0},{"cards_removed":["Strike_G"],"damage_healed":0,"gold_gain":0,"player_choice":"Card Removal","damage_taken":7,"max_hp_gain":0,"max_hp_loss":0,"event_name":"Golden Wing","floor":12,"gold_loss":0},{"damage_healed":0,"gold_gain":0,"player_choice":"Trade","damage_taken":0,"relics_obtained":["SsserpentHead"],"max_hp_gain":0,"max_hp_loss":0,"event_name":"FaceTrader","floor":14,"gold_loss":0}],"is_beta":false,"boss_relics":[],"items_purged_floors":[],"is_endless":false,"potions_floor_spawned":[1,5,10],"killed_by":"Hexaghost","ascension_level":20}}