{"host":"i1h39d0gfh5c6uxl","time":1609848596,"event":{"mods":["AchievementEnabler","BaseMod","Colored Map","Colored Powertips","Highlight Path","Minty Spire (QoL Compilation)"],"gold_per_floor":[116,116,133,133,143,143,168,168,193,211,211,240,61,79,79,158,158,158,30,30,30,30,30,30,30,30,30,30,30,30,30,30,30,30,30,0,0,0,0,0,0,0,0],"floor_reached":42,"playtime":1670,"items_purged":["Strike_R"],"score":884,"play_id":"07503c7e-793c-4db8-8161-90a457abad9f","local_time":"20210105200956","is_ascension_mode":true,"campfire_choices":[{"data":"Twin Strike","floor":6.0,"key":"SMITH"},{"data":"Bash","floor":8.0,"key":"SMITH"},{"floor":11.0,"key":"REST"},{"data":"Armaments","floor":15.0,"key":"SMITH"},{"floor":23.0,"key":"REST"},{"data":"Clothesline","floor":30.0,"key":"SMITH"},{"floor":32.0,"key":"REST"},{"floor":40.0,"key":"REST"}],"circlet_count":0,"master_deck":["AscendersBane","Bash+1","Bludgeon+1","Twin Strike+1","Headbutt","Cleave","Armaments+1","Disarm","Offering","Clothesline+1","Feed","True Grit+1","Shrug It Off","Necronomicurse","Pommel Strike","Reaper","Iron Wave","Spot Weakness","Dual Wield","Feed","Burning Pact","Fiend Fire","Sentinel","Shrug It Off","Shrug It Off"],"relics":["Burning Blood","Strawberry","Bronze Scales","White Beast Statue","Ectoplasm","Necronomicon","The Courier","MutagenicStrength","Anchor","Bird Faced Urn","Pantograph","Pandora\u0027s Box","Red Mask"],"acts_visited":["Exordium","TheCity","TheBeyond"],"potions_floor_usage":[42],"damage_taken":[{"damage":2.0,"enemies":"Jaw Worm","floor":1.0,"turns":4.0},{"damage":0.0,"enemies":"Small Slimes","floor":3.0,"turns":3.0},{"damage":9.0,"enemies":"2 Louse","floor":5.0,"turns":3.0},{"damage":20.0,"enemies":"3 Sentries","floor":7.0,"turns":6.0},{"damage":12.0,"enemies":"Looter","floor":10.0,"turns":3.0},{"damage":35.0,"enemies":"Lagavulin","floor":12.0,"turns":4.0},{"damage":15.0,"enemies":"3 Louse","floor":14.0,"turns":3.0},{"damage":40.0,"enemies":"Hexaghost","floor":16.0,"turns":8.0},{"damage":25.0,"enemies":"Shell Parasite","floor":18.0,"turns":4.0},{"damage":13.0,"enemies":"Slavers","floor":27.0,"turns":3.0},{"damage":0.0,"enemies":"Chosen","floor":28.0,"turns":2.0},{"damage":26.0,"enemies":"Book of Stabbing","floor":29.0,"turns":4.0},{"damage":11.0,"enemies":"Snecko","floor":31.0,"turns":3.0},{"damage":65.0,"enemies":"Automaton","floor":33.0,"turns":7.0},{"damage":82.0,"enemies":"3 Shapes","floor":35.0,"turns":4.0},{"damage":6.0,"enemies":"Orb Walker","floor":38.0,"turns":2.0},{"damage":49.0,"enemies":"4 Shapes","floor":41.0,"turns":6.0},{"damage":44,"enemies":"Reptomancer","floor":42,"turns":2}],"seed_played":"-2650823015182104087","potions_obtained":[{"floor":1.0,"key":"BloodPotion"},{"floor":7.0,"key":"Regen Potion"},{"floor":12.0,"key":"Dexterity Potion"},{"floor":14.0,"key":"BloodPotion"},{"floor":16.0,"key":"BlessingOfTheForge"},{"floor":18.0,"key":"BlessingOfTheForge"},{"floor":27.0,"key":"ColorlessPotion"},{"floor":28.0,"key":"BlessingOfTheForge"},{"floor":29.0,"key":"Weak Potion"},{"floor":31.0,"key":"AttackPotion"},{"floor":33.0,"key":"DuplicationPotion"},{"floor":35.0,"key":"Explosive Potion"},{"floor":41.0,"key":"ElixirPotion"}],"is_trial":false,"path_per_floor":["M","?","M","?","M","R","E","R","T","M","R","E","$","M","R","B",null,"M","$","?","?","T","R","?","$","T","E","M","E","R","M","R","B",null,"M","?","?","M","$","R","M","E"],"character_chosen":"IRONCLAD","items_purchased":["Offering","Shrug It Off"],"campfire_rested":4,"item_purchase_floors":[13,19],"current_hp_per_floor":[54,47,53,53,50,50,43,43,43,37,61,44,44,51,51,17,66,47,47,47,26,26,50,50,50,50,64,72,52,52,47,72,30,74,17,17,17,17,17,44,37,0,0],"gold":0,"neow_bonus":"THREE_RARE_CARDS","is_daily":false,"chose_seed":false,"campfire_upgraded":4,"win_rate":0.0,"timestamp":1609848596,"path_taken":["M","?","M","?","M","R","E","R","T","M","R","E","$","M","R","BOSS","M","$","?","?","?","R","?","?","T","E","M","E","R","M","R","BOSS","M","?","?","?","$","R","M","E"],"items_purchased_type":["Card","Card"],"build_version":"2020-12-22","purchased_purges":1,"victory":false,"max_hp_per_floor":[75,75,75,75,75,75,82,82,82,82,82,82,82,82,82,82,82,82,82,82,82,82,82,82,82,82,86,86,86,86,86,86,89,89,92,92,92,92,92,92,92,92,92],"card_choices":[{"not_picked":["Impervious","Corruption"],"picked":"Bludgeon","floor":0.0},{"not_picked":["Reckless Charge","Heavy Blade"],"picked":"Twin Strike","floor":1.0},{"not_picked":["Combust","Iron Wave"],"picked":"Headbutt","floor":3.0},{"not_picked":["Second Wind","Rupture"],"picked":"Cleave","floor":5.0},{"not_picked":["Hemokinesis","Spot Weakness","Warcry"],"picked":"SKIP","floor":7.0},{"not_picked":["Bloodletting","Infernal Blade"],"picked":"Armaments","floor":10.0},{"not_picked":["Twin Strike","Intimidate"],"picked":"Disarm","floor":12.0},{"not_picked":["Twin Strike","Feel No Pain"],"picked":"Clothesline","floor":14.0},{"not_picked":["Barricade","Impervious"],"picked":"Feed","floor":16.0},{"not_picked":["Sword Boomerang","Evolve"],"picked":"True Grit","floor":18.0},{"not_picked":["Evolve","Havoc","Iron Wave"],"picked":"SKIP","floor":27.0},{"not_picked":["Rage","Carnage","Rampage"],"picked":"SKIP","floor":28.0},{"not_picked":["Dual Wield","Body Slam+1"],"picked":"Pommel Strike","floor":29.0},{"not_picked":["Dual Wield","Carnage","Second Wind+1"],"picked":"SKIP","floor":31.0},{"not_picked":["Fiend Fire","Immolate"],"picked":"Reaper","floor":33.0},{"not_picked":["Carnage+1","Perfected Strike+1"],"picked":"Shrug It Off","floor":35.0},{"not_picked":["Anger","Clothesline","Clash"],"picked":"SKIP","floor":38.0},{"not_picked":["Cleave","Pommel Strike"],"picked":"Shrug It Off","floor":41.0}],"player_experience":1304919,"relics_obtained":[{"floor":7.0,"key":"Strawberry"},{"floor":9.0,"key":"Bronze Scales"},{"floor":12.0,"key":"White Beast Statue"},{"floor":21.0,"key":"Necronomicon"},{"floor":22.0,"key":"The Courier"},{"floor":26.0,"key":"Anchor"},{"floor":27.0,"key":"Bird Faced Urn"},{"floor":29.0,"key":"Pantograph"}],"event_choices":[{"cards_removed":["Strike_R"],"damage_healed":0.0,"max_hp_gain":0.0,"max_hp_loss":0.0,"gold_gain":0.0,"event_name":"Golden Wing","player_choice":"Card Removal","floor":2.0,"gold_loss":0.0,"damage_taken":7.0},{"damage_healed":0.0,"max_hp_gain":0.0,"max_hp_loss":0.0,"gold_gain":0.0,"event_name":"Living Wall","player_choice":"Grow","floor":4.0,"gold_loss":0.0,"damage_taken":0.0,"cards_upgraded":["Bludgeon"]},{"damage_healed":0.0,"max_hp_gain":0.0,"max_hp_loss":0.0,"gold_gain":0.0,"event_name":"Cursed Tome","player_choice":"Obtained Book","floor":21.0,"gold_loss":0.0,"damage_taken":21.0},{"damage_healed":0.0,"max_hp_gain":0.0,"max_hp_loss":0.0,"gold_gain":0.0,"event_name":"Drug Dealer","player_choice":"Inject Mutagens","floor":24.0,"gold_loss":0.0,"damage_taken":0.0,"relics_obtained":["MutagenicStrength"]},{"damage_healed":0.0,"max_hp_gain":0.0,"max_hp_loss":0.0,"gold_gain":0.0,"event_name":"Tomb of Lord Red Mask","player_choice":"Paid","floor":36.0,"gold_loss":30.0,"damage_taken":0.0,"relics_obtained":["Red Mask"]},{"damage_healed":0.0,"max_hp_gain":0.0,"max_hp_loss":0.0,"gold_gain":0.0,"event_name":"Upgrade Shrine","player_choice":"Upgraded","floor":37.0,"gold_loss":0.0,"damage_taken":0.0,"cards_upgraded":["True Grit"]}],"is_beta":false,"boss_relics":[{"not_picked":["Tiny House","Coffee Dripper"],"picked":"Ectoplasm"},{"not_picked":["Velvet Choker","Runic Cube"],"picked":"Pandora\u0027s Box"}],"items_purged_floors":[19],"is_endless":false,"potions_floor_spawned":[1,7,12,14,16,18,27,28,29,31,33,35,38,41],"killed_by":"Reptomancer","ascension_level":20}}