{"host":"851hhqouejqwzba1","time":1609844410,"event":{"mods":["BaseMod","Minty Spire (QoL Compilation)","Permanent Neow","Shop Mod","Spicy Shops","StSLib","óô»ðÖ¸ÄÏ"],"gold_per_floor":[119,132,132,207,225,74,74,74,74,74,74],"floor_reached":10,"playtime":234,"items_purged":["Regret"],"score":70,"play_id":"7676444f-e526-47a2-ad16-9e7861b90286","local_time":"20210105190010","is_ascension_mode":true,"campfire_choices":[{"data":"Backflip","floor":8.0,"key":"SMITH"}],"circlet_count":0,"master_deck":["Strike_G","Strike_G","Strike_G","Strike_G","Strike_G","Defend_G+1","Defend_G","Defend_G","Defend_G","Defend_G","Survivor","Neutralize","Deadly Poison+1","Acrobatics","Regret","Backflip+1"],"relics":["Ring of the Snake","Dead Branch","War Paint","CeramicFish","Bag of Preparation","Question Card"],"acts_visited":["Exordium"],"potions_floor_usage":[],"damage_taken":[{"damage":1.0,"enemies":"Jaw Worm","floor":1.0,"turns":3.0},{"damage":4.0,"enemies":"Small Slimes","floor":2.0,"turns":3.0},{"damage":9.0,"enemies":"Cultist","floor":5.0,"turns":4.0},{"damage":52,"enemies":"Gremlin Nob","floor":10,"turns":4}],"seed_played":"-4612240538709069786","potions_obtained":[{"floor":2.0,"key":"Weak Potion"}],"is_trial":false,"path_per_floor":["M","M","?","?","M","R","?","R","T","E"],"character_chosen":"THE_SILENT","items_purchased":["CeramicFish"],"campfire_rested":0,"item_purchase_floors":[6],"current_hp_per_floor":[69,65,65,54,45,45,45,45,45,0,0],"gold":74,"neow_bonus":"ONE_RARE_RELIC","is_daily":false,"chose_seed":false,"campfire_upgraded":1,"win_rate":0.0,"timestamp":1609844410,"path_taken":["M","M","?","?","M","R","?","R","T","E"],"items_purchased_type":["Relic"],"build_version":"2020-12-22","purchased_purges":1,"victory":false,"max_hp_per_floor":[70,70,70,70,70,70,70,70,70,70,70],"card_choices":[{"not_picked":["Distraction","Accuracy"],"picked":"Deadly Poison","floor":1.0},{"not_picked":["Cloak And Dagger","Bouncing Flask"],"picked":"Acrobatics","floor":2.0},{"not_picked":["Dodge and Roll","Choke"],"picked":"Backflip","floor":5.0}],"player_experience":329355,"relics_obtained":[{"floor":9.0,"key":"Question Card"}],"event_choices":[{"damage_healed":0.0,"max_hp_gain":0.0,"max_hp_loss":0.0,"gold_gain":0.0,"event_name":"Big Fish","player_choice":"Box","floor":3.0,"gold_loss":0.0,"damage_taken":0.0,"relics_obtained":["War Paint"],"cards_obtained":["Regret"]},{"damage_healed":0.0,"max_hp_gain":0.0,"max_hp_loss":0.0,"gold_gain":75.0,"event_name":"World of Goop","player_choice":"Gather Gold","floor":4.0,"gold_loss":0.0,"damage_taken":11.0},{"damage_healed":0.0,"max_hp_gain":0.0,"max_hp_loss":0.0,"gold_gain":0.0,"event_name":"WeMeetAgain","player_choice":"Gave Potion","floor":7.0,"gold_loss":0.0,"damage_taken":0.0,"relics_obtained":["Bag of Preparation"]}],"is_beta":false,"boss_relics":[],"items_purged_floors":[6],"is_endless":false,"potions_floor_spawned":[2],"killed_by":"Gremlin Nob","ascension_level":5}}