{"host":"ox77rn1xcurm2t5a","time":1609888086,"event":{"mods":["2.2 Compatiblity","AchievementEnabler","Act Like it!","Aspiration","BaseMod","Best Route Mod","Better Match","Better Note","Better Sensory Stone","Block Reminder","Colored Map","Colored Powertips","Conjunction","Conspire","Custom Start","Energized Spire","GifTheSpireLib","Gold Saver","Gremlin Skip","Halation","Highlight Path","Hubris","Infinite Spire","Minty Spire (QoL Compilation)","Pale of the Ancients","Quick Restart","Replay The Spire","Reworked Bosses","ShortenTheSpire","Spire Exporter","StSLib","Stuff the Spire","Wandering Minibosses","vexMod"],"gold_per_floor":[220,220,145,155,165,165,165,165,190,224,224,236,928,961,961,1061,1061,1072,1072,1087,1087,420,420,448,448,473,473,488,501,527,527,527,625,625,642,95,95,109,109,109,124,159,159,159,159,159,159,191,191,191,191,191,17,17,17,17],"floor_reached":55,"playtime":2063,"items_purged":["Zap","Strike_B","Strike_B","Strike_B+1"],"score":1245,"play_id":"fe2a5a93-68ff-4306-ba8d-1c464c6c60b4","local_time":"20210106010806","is_ascension_mode":true,"campfire_choices":[{"data":"Dualcast","floor":6,"key":"SMITH"},{"floor":11,"key":"RECALL"},{"data":"Apotheosis","floor":15,"key":"SMITH"},{"data":"Capacitor","floor":23,"key":"SMITH"},{"floor":32,"key":"REST"},{"data":"Buffer","floor":40,"key":"SMITH"},{"data":"Glacier","floor":44,"key":"SMITH"},{"floor":49,"key":"REST"},{"floor":52,"key":"REST"}],"circlet_count":0,"master_deck":["AscendersBane","Strike_B+1","Defend_B","Defend_B","Defend_B","Defend_B","Dualcast+1","Glacier+1","Conserve Battery","Gash+1","Apotheosis+1","Buffer+1","Gash+1","Gash+1","Capacitor+1","Gash+1","Gash+1","Barrage+1","Barrage+1"],"relics":["Cracked Core","Anchor","infinitespire:EmpoweringShard","Whetstone","halation:Jellyphish","infinitespire:Eraser","MutagenicStrength","halation:AfternoonTea","infinitespire:Beetle Shell","TheAbacus","Juzu Bracelet","halation:WeightlessCrab","Replay:Bottled Eggs","Blue Doll","conspire:DeflatedDodgeball","vexMod:ScavengeHelm","vexMod:FocusSash","Cauldron","hubris:Backtick","aspiration:FrozenJewel","StuffTheSpire:Experiment12"],"acts_visited":["Exordium","TheCity","TheBeyond","TheEnding"],"potions_floor_usage":[5,10,13,14,16,24,29,29,33,33,41,41,45,48,55],"damage_taken":[{"damage":5,"enemies":"Small Slimes","floor":1,"turns":4},{"damage":1,"enemies":"Cultist","floor":4,"turns":4},{"damage":0,"enemies":"Jaw Worm","floor":5,"turns":4},{"damage":15,"enemies":"Lagavulin","floor":10,"turns":13},{"damage":1,"enemies":"Looter","floor":12,"turns":5},{"damage":6,"enemies":"3 Sentries","floor":14,"turns":9},{"damage":27,"enemies":"The Guardian","floor":16,"turns":17},{"damage":1,"enemies":"Shell Parasite","floor":18,"turns":7},{"damage":0,"enemies":"Spheric Guardian","floor":20,"turns":6},{"damage":14,"enemies":"Gremlin Leader","floor":24,"turns":11},{"damage":3,"enemies":"Centurion and Healer","floor":28,"turns":11},{"damage":7,"enemies":"Sentry and Sphere","floor":29,"turns":6},{"damage":13,"enemies":"Book of Stabbing","floor":30,"turns":7},{"damage":44,"enemies":"bossMod:newCollector","floor":33,"turns":15},{"damage":14,"enemies":"3 Darklings","floor":35,"turns":7},{"damage":0,"enemies":"Orb Walker","floor":38,"turns":4},{"damage":5,"enemies":"Spire Growth","floor":41,"turns":6},{"damage":18,"enemies":"Reptomancer","floor":42,"turns":8},{"damage":0,"enemies":"R_Hoarder","floor":45,"turns":6},{"damage":47,"enemies":"Giant Head","floor":48,"turns":9},{"damage":43,"enemies":"conspire:OrnateMirror","floor":50,"turns":25},{"damage":103,"enemies":"The Heart","floor":55,"turns":11}],"seed_played":"1561336672776683226","potions_obtained":[{"floor":4,"key":"SpeedPotion"},{"floor":5,"key":"PowerPotion"},{"floor":16,"key":"Reflective Coating"},{"floor":20,"key":"BlessingOfTheForge"},{"floor":24,"key":"Block Potion"},{"floor":31,"key":"Regen Potion"},{"floor":31,"key":"infinitespire:BlackPotion"},{"floor":33,"key":"Reflective Coating"},{"floor":38,"key":"Weak Potion"},{"floor":41,"key":"SmokeBomb"},{"floor":42,"key":"conspire:TimeTravelPotion"},{"floor":53,"key":"EssenceOfSteel"},{"floor":53,"key":"Death Potion"}],"is_trial":false,"path_per_floor":["M","?","$","M","M","R","?","?","T","E","R","M","$","E","R","B",null,"M","?","M","?","$","R","E","?","T","?","M","M","E","?","R","B",null,"M","$","T","M","$","R","M","E","T","R","E","?","?","E","R","B",null,"R","$","E","B"],"character_chosen":"DEFECT","items_purchased":["Gash","infinitespire:EmpoweringShard","Whetstone","halation:Jellyphish","Apotheosis","Buffer","EntropicBrew","Gash","Capacitor","halation:AfternoonTea","infinitespire:Beetle Shell","TheAbacus","Replay:Bottled Eggs","Blue Doll","Barrage+1","Cauldron"],"campfire_rested":3,"item_purchase_floors":[13,13,13,13,13,13,13,22,22,22,22,22,36,36,53,53],"current_hp_per_floor":[70,70,70,69,69,69,69,69,69,54,54,53,53,47,47,20,67,66,66,66,66,66,66,52,36,36,36,33,26,13,13,39,50,78,64,64,64,64,64,64,59,41,41,41,41,41,41,14,40,20,76,95,95,95,0,0],"gold":17,"neow_bonus":"TEN_PERCENT_HP_BONUS","is_daily":false,"chose_seed":false,"campfire_upgraded":5,"win_rate":0.0,"timestamp":1609888086,"path_taken":["M","?","$","?","?","R","?","?","T","E","R","M","$","E","R","BOSS","M","?","M","?","$","R","E","?","T","?","M","M","E","?","R","BOSS","M","$","?","M","$","R","M","E","T","R","E","?","?","E","R","BOSS","R","$","E","BOSS"],"items_purchased_type":["Card","Relic","Relic","Relic","Card","Card","Potion","Card","Card","Relic","Relic","Relic","Relic","Relic","Card","Relic"],"build_version":"2020-12-22","purchased_purges":4,"victory":false,"max_hp_per_floor":[82,82,82,82,82,82,82,82,82,82,82,82,82,82,82,82,82,82,82,82,82,82,82,82,87,87,87,87,87,87,87,87,87,87,87,87,87,87,87,87,87,87,87,87,87,87,87,87,87,95,95,95,95,95,95,95],"card_choices":[{"not_picked":["Compile Driver","Undo"],"picked":"Glacier","floor":1},{"not_picked":["Darkness","Barrage","BasicCrystalCard"],"picked":"SKIP","floor":4},{"not_picked":["StuffTheSpire:NuclearReactor","Beam Cell","Rebound"],"picked":"SKIP","floor":5},{"not_picked":["Compile Driver","Scrape","Panic Button"],"picked":"SKIP","floor":10},{"not_picked":["Steam","Stack"],"picked":"Conserve Battery","floor":12},{"not_picked":["Conserve Battery","Sunder","Thunder Strike"],"picked":"SKIP","floor":14},{"not_picked":["Turbo","conspire:Rain","Redo"],"picked":"SKIP","floor":18},{"not_picked":["Panic Button","Coolheaded"],"picked":"Gash","floor":20},{"not_picked":["Reboot","Storm","ReplaySolidLightProjector"],"picked":"SKIP","floor":24},{"not_picked":["BasicCrystalCard","conspire:SharedLibrary","Panic Button"],"picked":"SKIP","floor":28},{"not_picked":["Compile Driver+1","Redo"],"picked":"Gash","floor":29},{"not_picked":["Panic Button","Chaos"],"picked":"Gash","floor":30},{"not_picked":["Conserve Battery","Ball Lightning+1","ReplayTheSpireMod:System Scan"],"picked":"SKIP","floor":35},{"not_picked":["Rebound","StuffTheSpire:Plugnplay","Ball Lightning"],"picked":"SKIP","floor":38},{"not_picked":["FTL","Mirror Shield"],"picked":"Barrage+1","floor":41},{"not_picked":["FIFO Queue","Hello World","Panic Button"],"picked":"SKIP","floor":42},{"not_picked":["Sweeping Beam+1","Leap","Ball Lightning"],"picked":"SKIP","floor":48}],"player_experience":2920882,"relics_obtained":[{"floor":10,"key":"Anchor"},{"floor":14,"key":"infinitespire:Eraser"},{"floor":24,"key":"Juzu Bracelet"},{"floor":30,"key":"halation:WeightlessCrab"},{"floor":37,"key":"conspire:DeflatedDodgeball"},{"floor":43,"key":"vexMod:ScavengeHelm"},{"floor":48,"key":"vexMod:FocusSash"}],"event_choices":[{"damage_healed":0,"gold_gain":0,"player_choice":"Leave","damage_taken":0,"max_hp_gain":0,"max_hp_loss":0,"event_name":"FaceTrader","floor":2,"gold_loss":0},{"damage_healed":0,"gold_gain":0,"player_choice":"Inject Mutagens","damage_taken":0,"relics_obtained":["MutagenicStrength"],"max_hp_gain":0,"max_hp_loss":0,"event_name":"Drug Dealer","floor":21,"gold_loss":0},{"damage_healed":0,"gold_gain":0,"player_choice":"Shed Blood","damage_taken":21,"max_hp_gain":5,"max_hp_loss":0,"event_name":"Forgotten Altar","floor":25,"gold_loss":0},{"damage_healed":0,"gold_gain":0,"player_choice":"Got Potions","damage_taken":0,"max_hp_gain":0,"max_hp_loss":0,"event_name":"Lab","floor":31,"gold_loss":0}],"is_beta":false,"boss_relics":[{"not_picked":["energizedSpire:StickyHand","hubris:Stopwatch","ReplayTheSpireMod:DimensionalGlitch"]},{"not_picked":["halation:PinkAlligatorPlush","aspiration:RitualDagger","Painkiller Herb"]}],"items_purged_floors":[3,13,22,36],"is_endless":false,"potions_floor_spawned":[4,5,16,20,24,28,33,38,41,42,45],"killed_by":"The Heart","ascension_level":12}}