{"host":"6hzrz31j95f2y1pa","time":1609877596,"event":{"mods":["BaseMod","Colored Map","Downfall","Minty Spire (QoL Compilation)","StSLib"],"gold_per_floor":[99,111,123,18,29,47,70,103,126,138,150,187,218,242,274,365,377,389,420,449,477,504,441,453,492,504,374,389,389,389,389],"floor_reached":29,"playtime":1131,"items_purged":["hexamod:Strike"],"score":501,"play_id":"a34bd29d-4651-421f-a7f9-952c00940636","local_time":"20210105151316","is_ascension_mode":true,"campfire_choices":[{"data":"hexamod:Float","floor":1,"key":"SMITH"},{"floor":11,"key":"REST"},{"floor":18,"key":"RECALL"},{"floor":23,"key":"REST"},{"floor":26,"key":"REST"}],"circlet_count":0,"master_deck":["AscendersBane","hexamod:Strike","hexamod:Strike+1","hexamod:Defend","hexamod:Defend","hexamod:Defend+1","hexamod:Sear+1","hexamod:Float+1","hexamod:ParanormalForm","hexamod:EmpoweringStance","hexamod:Hexaguard","hexamod:Incineration+1","hexamod:GhostLash","hexamod:FastForward","hexamod:SuperheatedStrike","hexamod:EtherealExpedition","hexamod:PhantomCloak","hexamod:GhostLash","hexamod:FourthSeal","hexamod:GhostShield","hexamod:SpectersWail","hexamod:SixthSeal","hexamod:RecurringNightmare","hexamod:ThermalTransfer+1","hexamod:NightmareStrike+1","hexamod:SpectersWail+1"],"relics":["hexamod:SpiritBrand","Pen Nib","MawBank","Bronze Scales","Runic Dome","downfall:HeartBlessingRed","StrikeDummy","Molten Egg 2"],"acts_visited":["Exordium","TheCity"],"potions_floor_usage":[4,9,16,16,25,29],"damage_taken":[{"damage":7,"enemies":"Jaw Worm","floor":2,"turns":3},{"damage":2,"enemies":"Cultist","floor":3,"turns":5},{"damage":5,"enemies":"downfall:FleeingMerchant","floor":4,"turns":4},{"damage":2,"enemies":"2 Louse","floor":5,"turns":2},{"damage":4,"enemies":"Large Slime","floor":6,"turns":5},{"damage":14,"enemies":"Lagavulin","floor":8,"turns":5},{"damage":1,"enemies":"Gremlin Gang","floor":9,"turns":4},{"damage":0,"enemies":"Gremlin Nob","floor":12,"turns":3},{"damage":3,"enemies":"2 Fungi Beasts","floor":13,"turns":3},{"damage":5,"enemies":"Large Slime","floor":14,"turns":6},{"damage":4,"enemies":"Exordium Thugs","floor":15,"turns":4},{"damage":26,"enemies":"downfall:Silent","floor":16,"turns":6},{"damage":0,"enemies":"Chosen","floor":19,"turns":3},{"damage":7,"enemies":"3 Cultists","floor":20,"turns":6},{"damage":14,"enemies":"Snake Plant","floor":21,"turns":3},{"damage":19,"enemies":"Cultist and Chosen","floor":22,"turns":6},{"damage":16,"enemies":"Slavers","floor":25,"turns":4},{"damage":0,"enemies":"downfall:FleeingMerchant","floor":27,"turns":4},{"damage":0,"enemies":"Centurion and Healer","floor":28,"turns":5},{"damage":26,"enemies":"Gremlin Leader","floor":29,"turns":4}],"seed_played":"-8103526922175045936","potions_obtained":[{"floor":2,"key":"ColorlessPotion"},{"floor":3,"key":"AttackPotion"},{"floor":12,"key":"hexamod:EctoCoolerPotion"},{"floor":14,"key":"Fire Potion"},{"floor":14,"key":"LiquidBronze"},{"floor":15,"key":"Strength Potion"},{"floor":16,"key":"SpeedPotion"},{"floor":16,"key":"Explosive Potion"},{"floor":20,"key":"PowerPotion"},{"floor":25,"key":"PowerPotion"},{"floor":28,"key":"DistilledChaos"}],"is_trial":false,"path_per_floor":["R","M","M","$","M","M","T","E","M","?","R","E","M","M","M","B",null,"R","M","M","M","M","R","T","E","R","$","M","E"],"character_chosen":"THE_SPIRIT","items_purchased":["hexamod:FastForward","hexamod:SuperheatedStrike","hexamod:SpectersWail+1"],"campfire_rested":3,"item_purchase_floors":[4,4,27],"current_hp_per_floor":[57,50,48,43,41,37,37,23,22,22,39,39,36,31,27,1,43,43,43,36,22,3,20,20,4,21,21,21,0,0,0],"gold":389,"neow_bonus":"TRANSFORM_TWO_CARDS","is_daily":false,"chose_seed":false,"campfire_upgraded":1,"win_rate":0.0,"timestamp":1609877596,"path_taken":["R","M","M","$","M","M","T","E","M","?","R","E","M","M","M","BOSS","R","M","M","M","M","R","T","E","R","$","M","E"],"items_purchased_type":["Card","Card","Card"],"build_version":"2020-12-22","purchased_purges":1,"victory":false,"max_hp_per_floor":[57,57,57,57,57,57,57,57,57,57,57,57,57,57,57,57,57,57,57,57,57,57,57,57,57,57,57,57,57,57,57],"card_choices":[{"not_picked":["hexamod:FourthSeal","hexamod:SoulSteal"],"picked":"hexamod:Hexaguard","floor":2},{"not_picked":["hexamod:ChargedBarrage","hexamod:BacktrackSmack"],"picked":"hexamod:Incineration","floor":3},{"not_picked":["hexamod:InspiringFlames","hexamod:BacktrackSmack"],"picked":"hexamod:GhostLash","floor":4},{"not_picked":["hexamod:HeatCrush","hexamod:FastForward"],"picked":"hexamod:EtherealExpedition","floor":5},{"not_picked":["hexamod:BurningTouch","hexamod:PhantomFireball","hexamod:Firestarter"],"picked":"SKIP","floor":6},{"not_picked":["hexamod:SuperheatedStrike","hexamod:RetreatToShadows"],"picked":"hexamod:PhantomCloak","floor":8},{"not_picked":["hexamod:RainOfEmbers","hexamod:HeatCrush"],"picked":"hexamod:GhostLash","floor":9},{"not_picked":["hexamod:NecessarySacrifice","hexamod:GhostLash","hexamod:NightmareStrike"],"picked":"SKIP","floor":12},{"not_picked":["hexamod:HauntingEcho","hexamod:AdvancingGuard"],"picked":"hexamod:FourthSeal","floor":13},{"not_picked":["hexamod:HauntingEcho","hexamod:NightmareGuise"],"picked":"hexamod:GhostShield","floor":14},{"not_picked":["hexamod:StepThrough","hexamod:GhostShield"],"picked":"hexamod:SpectersWail","floor":15},{"not_picked":["hexamod:ApocalypseNow","hexamod:UnlimitedPower"],"picked":"hexamod:SixthSeal","floor":16},{"not_picked":["hexamod:FlamesFromBeyond","hexamod:SwordOfDarkness","hexamod:AdvancingGuard"],"picked":"SKIP","floor":19},{"not_picked":["hexamod:Rewind","hexamod:Incineration","hexamod:DynamicBlow"],"picked":"SKIP","floor":20},{"not_picked":["hexamod:NightmareStrike","hexamod:DynamicBlow"],"picked":"hexamod:RecurringNightmare","floor":21},{"not_picked":["hexamod:HeatMetal","hexamod:SpectersWail+1","hexamod:NightmareStrike"],"picked":"SKIP","floor":22},{"not_picked":["hexamod:GhostflameInferno","hexamod:FastForward"],"picked":"hexamod:ThermalTransfer+1","floor":25},{"not_picked":["hexamod:RainOfEmbers+1","hexamod:Incineration+1"],"picked":"hexamod:NightmareStrike+1","floor":27},{"not_picked":["hexamod:RainOfEmbers+1","hexamod:BacktrackSmack+1","hexamod:SpectersWail+1"],"picked":"SKIP","floor":28}],"player_experience":1287785,"relics_obtained":[{"floor":7,"key":"Pen Nib"},{"floor":8,"key":"MawBank"},{"floor":12,"key":"Bronze Scales"},{"floor":24,"key":"StrikeDummy"},{"floor":25,"key":"Molten Egg 2"}],"event_choices":[{"damage_healed":0,"gold_gain":0,"player_choice":"Leave","damage_taken":0,"max_hp_gain":0,"max_hp_loss":0,"event_name":"FaceTrader","floor":10,"gold_loss":0}],"is_beta":false,"boss_relics":[{"not_picked":["Coffee Dripper","Velvet Choker"],"picked":"Runic Dome"}],"items_purged_floors":[27],"is_endless":false,"potions_floor_spawned":[2,3,12,14,15,16,20,21],"killed_by":"Gremlin Leader","ascension_level":15}}