{"host":"ig7tc0uedzltt2sr","time":1609823036,"event":{"mods":["BaseMod","Better Twitch Integration","Block Reminder","Colored Map","Colored Powertips","Communication Mod","Current Relic Mod","GifTheSpireLib","HexUI Lib","Minty Spire (QoL Compilation)","Quick Restart","Random Character Button","Rare Cards Sparkle","Relic Sorter","Relic Stats","Slay the Relics Exporter","StSLib","SuperFastMode","Synergy Search","Twitch Decklist","Twitch Utils","everything is the same but u backflip on backflip","slay the spire mod where everything is the same but ironclad has a cowboy hat"],"gold_per_floor":[114,114,289,303,313,345,345,364,388,388,358,358,358],"floor_reached":12,"playtime":92,"items_purged":[],"score":78,"play_id":"9390a615-6492-4e6f-b326-895a39cbe380","local_time":"20210104210356","is_ascension_mode":false,"campfire_choices":[{"floor":7,"key":"REST"}],"circlet_count":0,"master_deck":["Strike_R","Strike_R","Strike_R","Strike_R","Strike_R","Defend_R","Defend_R","Defend_R","Defend_R","Bash","Perfected Strike","Doubt","Combust","Evolve","Dual Wield","Pummel","Whirlwind"],"relics":["Burning Blood","NeowsBlessing","Oddly Smooth Stone","Eternal Feather"],"acts_visited":["Exordium"],"potions_floor_usage":[],"damage_taken":[{"damage":0,"enemies":"2 Louse","floor":1,"turns":2},{"damage":0,"enemies":"Small Slimes","floor":4,"turns":2},{"damage":0,"enemies":"Jaw Worm","floor":5,"turns":1},{"damage":67,"enemies":"3 Sentries","floor":6,"turns":16},{"damage":10,"enemies":"Blue Slaver","floor":8,"turns":6},{"damage":0,"enemies":"Looter","floor":11,"turns":4},{"damage":48,"enemies":"Gremlin Nob","floor":12,"turns":4}],"seed_played":"-8730216613155933058","potions_obtained":[{"floor":1,"key":"FearPotion"},{"floor":6,"key":"Dexterity Potion"}],"is_trial":false,"path_per_floor":["M","?","?","M","M","E","R","M","T","T","M","E"],"character_chosen":"IRONCLAD","items_purchased":[],"campfire_rested":1,"item_purchase_floors":[],"current_hp_per_floor":[80,80,80,80,80,19,43,39,39,39,45,0,0],"gold":358,"neow_bonus":"THREE_ENEMY_KILL","is_daily":false,"chose_seed":false,"campfire_upgraded":0,"win_rate":0.0,"timestamp":1609823036,"path_taken":["M","?","?","M","M","E","R","M","T","?","M","E"],"items_purchased_type":[],"build_version":"2020-12-22","purchased_purges":0,"victory":false,"max_hp_per_floor":[80,80,80,80,80,80,80,80,80,80,80,80,80],"relic_stats":{"counters":[7,35],"Eternal Feather":0,"obtain_stats":[{"NeowsBlessing":0,"Oddly Smooth Stone":6,"Eternal Feather":10,"Burning Blood":0},{"NeowsBlessing":0,"Oddly Smooth Stone":4,"Eternal Feather":5,"Burning Blood":0},{"NeowsBlessing":0,"Oddly Smooth Stone":21,"Eternal Feather":27,"Burning Blood":0}],"Burning Blood":18},"card_choices":[{"not_picked":["True Grit","Thunderclap"],"picked":"Perfected Strike","floor":1},{"not_picked":["Warcry","Uppercut"],"picked":"Combust","floor":4},{"not_picked":["Wild Strike","Sword Boomerang"],"picked":"Evolve","floor":5},{"not_picked":["Intimidate","Havoc"],"picked":"Dual Wield","floor":6},{"not_picked":["Iron Wave","Flex"],"picked":"Pummel","floor":8},{"not_picked":["Warcry","Armaments"],"picked":"Whirlwind","floor":11}],"player_experience":1423935,"relics_obtained":[{"floor":6,"key":"Oddly Smooth Stone"},{"floor":10,"key":"Eternal Feather"}],"event_choices":[{"damage_healed":0,"gold_gain":0,"player_choice":"Ignored","damage_taken":0,"max_hp_gain":0,"max_hp_loss":0,"event_name":"Shining Light","floor":2,"gold_loss":0},{"damage_healed":0,"gold_gain":175,"player_choice":"AGREE","damage_taken":0,"max_hp_gain":0,"max_hp_loss":0,"event_name":"Liars Game","floor":3,"gold_loss":0,"cards_obtained":["Doubt"]}],"is_beta":false,"boss_relics":[],"items_purged_floors":[],"is_endless":false,"potions_floor_spawned":[1,6],"killed_by":"Gremlin Nob","ascension_level":0}}