{"host":"dntw6kil9p09eemm","time":1609873837,"event":{"mods":["Alarm Clock","Aspiration","BaseMod","Colored Powertips","Downfall","Hermit","Hubris","Minty Spire (QoL Compilation)","Permanent Neow","Replay The Spire","Shop Mod","StSLib","The Runesmith","Waifu the Spire"],"gold_per_floor":[109,123,133,150,65,96,96,112,112,126,146,146,146,146],"floor_reached":12,"playtime":656,"items_purged":[],"score":97,"play_id":"0e4feed4-44db-42e2-8358-debddb51b05c","local_time":"20210106041037","is_ascension_mode":true,"campfire_choices":[{"data":"hexamod:Float","floor":7,"key":"SMITH"}],"circlet_count":0,"master_deck":["hexamod:Strike","hexamod:Strike","hexamod:Strike","hexamod:Strike","hexamod:Defend","hexamod:Defend","hexamod:Defend","hexamod:Sear","hexamod:Float+1","hexamod:CatchUp","hexamod:RadiantFlame","hexamod:SpectralSpark","expansioncontent:DonusPower","hexamod:StepThrough","hexamod:BurningTouch","hexamod:FirstSeal"],"relics":["hexamod:SpiritBrand","Runesmith:Locket","Question Card"],"acts_visited":["Exordium"],"potions_floor_usage":[6,12,12],"damage_taken":[{"damage":0,"enemies":"Cultist","floor":1,"turns":3},{"damage":2,"enemies":"2 Louse","floor":2,"turns":4},{"damage":6,"enemies":"Jaw Worm","floor":3,"turns":3},{"damage":3,"enemies":"Red Slaver","floor":4,"turns":3},{"damage":23,"enemies":"Gremlin Nob","floor":6,"turns":4},{"damage":14,"enemies":"Exordium Thugs","floor":8,"turns":4},{"damage":14,"enemies":"Blue Slaver","floor":10,"turns":3},{"damage":3,"enemies":"Red Slaver","floor":11,"turns":3},{"damage":7,"enemies":"Replay:BlueRogue","floor":12,"turns":3}],"seed_played":"-9130354993738760257","potions_obtained":[{"floor":1,"key":"PowerPotion"},{"floor":4,"key":"hexamod:InfernoChargePotion"},{"floor":6,"key":"FearPotion"},{"floor":11,"key":"AttackPotion"}],"is_trial":false,"path_per_floor":["M","M","M","M","$","E","R","M","T","M","M","E"],"character_chosen":"THE_SPIRIT","items_purchased":["expansioncontent:DonusPower"],"campfire_rested":0,"item_purchase_floors":[5],"current_hp_per_floor":[70,68,62,59,59,36,36,22,22,8,5,0,0,0],"gold":146,"neow_bonus":"REMOVE_CARD","is_daily":false,"chose_seed":false,"campfire_upgraded":1,"win_rate":0.0,"timestamp":1609873837,"path_taken":["M","?","M","?","$","E","R","M","T","M","M","E"],"items_purchased_type":["Card"],"build_version":"2020-12-22","purchased_purges":0,"victory":false,"max_hp_per_floor":[70,70,70,70,70,70,70,70,70,70,70,70,70,70],"card_choices":[{"not_picked":["hexamod:SuperheatedStrike","hexamod:NightmareStrike"],"picked":"hexamod:CatchUp","floor":1},{"not_picked":["hexamod:GhostLash","hexamod:InspiringFlames"],"picked":"hexamod:RadiantFlame","floor":2},{"not_picked":["hexamod:GhostShield","hexamod:HeatCrush","hexamod:FourthSeal"],"picked":"SKIP","floor":3},{"not_picked":["hexamod:InspiringFlames","hexamod:PhantomCloak"],"picked":"hexamod:SpectralSpark","floor":4},{"not_picked":["hexamod:HeatMetal","hexamod:InspiringFlames"],"picked":"hexamod:StepThrough","floor":6},{"not_picked":["hexamod:InspiringFlames","hexamod:GhostLash"],"picked":"hexamod:BurningTouch","floor":8},{"not_picked":["hexamod:BurningTouch","hexamod:InspiringFlames","hexamod:HauntingEcho","hexamod:PhantomCloak"],"picked":"SKIP","floor":10},{"not_picked":["hexamod:ChargedBarrage","hexamod:HauntingEcho","hexamod:SpectersWail"],"picked":"hexamod:FirstSeal","floor":11}],"player_experience":571640,"relics_obtained":[{"floor":6,"key":"Runesmith:Locket"},{"floor":9,"key":"Question Card"}],"event_choices":[],"is_beta":false,"boss_relics":[],"items_purged_floors":[],"is_endless":false,"potions_floor_spawned":[1,4,6,11],"killed_by":"Replay:BlueRogue","ascension_level":3}}