{"host":"w3x3n9s6mrz4xpf0","time":1609848288,"event":{"mods":["BaseMod","Minty Spire (QoL Compilation)","StSLib","SuperFastMode"],"gold_per_floor":[119,89,14,14,26,54,54,72,72,89,89,106,31,64,64,137,137,156,172,183,233,251,281,281,313,313,338,355,384,399,413,413,485,485,503,503,523,537,537,564,564,590,590,590,606,657,295,320,320,320,320,320,27,53,53],"floor_reached":56,"playtime":2152,"items_purged":["Defend_G","Strike_G","Strike_G+1"],"score":2239,"play_id":"4b3eec24-e613-4c79-8921-0719eac15f00","local_time":"20210105210448","is_ascension_mode":true,"campfire_choices":[{"data":"Distraction","floor":7.0,"key":"SMITH"},{"data":"Backstab","floor":11.0,"key":"SMITH"},{"data":"A Thousand Cuts","floor":15.0,"key":"SMITH"},{"data":"Infinite Blades","floor":32.0,"key":"SMITH"},{"data":"Strike_G","floor":41.0,"key":"PURGE"},{"data":"Adrenaline","floor":44,"key":"SMITH"},{"floor":49,"key":"RECALL"},{"data":"Strike_G","floor":52,"key":"PURGE"}],"circlet_count":0,"master_deck":["AscendersBane","Defend_G","Defend_G+1","Defend_G","Defend_G","Survivor","Neutralize","Distraction+1","Poisoned Stab","Backstab+1","Deadly Poison","PiercingWail","A Thousand Cuts+1","Bullet Time","Storm of Steel","Blade Dance","Escape Plan+1","Infinite Blades+1","Adrenaline+1","Accuracy","Accuracy+1","Blade Dance","Storm of Steel","Footwork","PiercingWail"],"relics":["SacredBark","Du-Vu Doll","Dead Branch","Bag of Marbles","Coffee Dripper","Ornamental Fan","Toy Ornithopter","Kunai","PreservedInsect","Pen Nib","SlaversCollar","Peace Pipe","Bottled Lightning","Calipers","Mummified Hand","Snake Skull","Paper Crane"],"acts_visited":["TheCity","TheBeyond","TheEnding"],"potions_floor_usage":[55,55],"damage_taken":[{"damage":0.0,"enemies":"2 Louse","floor":1.0,"turns":2.0},{"damage":2.0,"enemies":"Cultist","floor":5.0,"turns":4.0},{"damage":5.0,"enemies":"3 Sentries","floor":6.0,"turns":5.0},{"damage":7.0,"enemies":"Jaw Worm","floor":8.0,"turns":2.0},{"damage":1.0,"enemies":"Exordium Wildlife","floor":10.0,"turns":3.0},{"damage":0.0,"enemies":"Large Slime","floor":12.0,"turns":3.0},{"damage":25.0,"enemies":"Gremlin Nob","floor":14.0,"turns":4.0},{"damage":14.0,"enemies":"The Guardian","floor":16.0,"turns":9.0},{"damage":14.0,"enemies":"2 Thieves","floor":18.0,"turns":3.0},{"damage":7.0,"enemies":"Shell Parasite","floor":19.0,"turns":4.0},{"damage":0.0,"enemies":"Snake Plant","floor":20.0,"turns":3.0},{"damage":7.0,"enemies":"Shelled Parasite and Fungi","floor":22.0,"turns":6.0},{"damage":14.0,"enemies":"Book of Stabbing","floor":23.0,"turns":2.0},{"damage":0.0,"enemies":"Gremlin Leader","floor":25.0,"turns":4.0},{"damage":2.0,"enemies":"Slavers","floor":27.0,"turns":4.0},{"damage":0.0,"enemies":"Chosen and Byrds","floor":28.0,"turns":1.0},{"damage":0.0,"enemies":"Book of Stabbing","floor":29.0,"turns":1.0},{"damage":0.0,"enemies":"Snake Plant","floor":30.0,"turns":2.0},{"damage":0.0,"enemies":"Shelled Parasite and Fungi","floor":31.0,"turns":2.0},{"damage":7.0,"enemies":"Champ","floor":33.0,"turns":7.0},{"damage":0.0,"enemies":"Orb Walker","floor":35.0,"turns":3.0},{"damage":9.0,"enemies":"3 Shapes","floor":37.0,"turns":6.0},{"damage":0.0,"enemies":"Sphere and 2 Shapes","floor":38.0,"turns":5.0},{"damage":16.0,"enemies":"Reptomancer","floor":40.0,"turns":4.0},{"damage":1.0,"enemies":"Giant Head","floor":42.0,"turns":3.0},{"damage":0,"enemies":"Transient","floor":45,"turns":5},{"damage":0,"enemies":"2 Orb Walkers","floor":46,"turns":3},{"damage":3,"enemies":"Nemesis","floor":48,"turns":2},{"damage":2,"enemies":"Donu and Deca","floor":50,"turns":4},{"damage":33,"enemies":"Shield and Spear","floor":54,"turns":3},{"damage":23,"enemies":"The Heart","floor":55,"turns":7}],"seed_played":"-4335615337742462267","potions_obtained":[{"floor":1.0,"key":"PowerPotion"},{"floor":2.0,"key":"FairyPotion"},{"floor":10.0,"key":"ColorlessPotion"},{"floor":14.0,"key":"GamblersBrew"},{"floor":18.0,"key":"SpeedPotion"},{"floor":28.0,"key":"Energy Potion"},{"floor":33.0,"key":"Poison Potion"},{"floor":48,"key":"Block Potion"}],"is_trial":false,"path_per_floor":["M","?","$","?","M","E","R","M","T","M","R","M","?","E","R","B",null,"M","M","M","?","M","E","?","E","T","E","M","E","M","M","R","B",null,"M","?","M","M","?","E","R","E","T","R","M","?","$","E","R","B",null,"R","$","E","B",null],"character_chosen":"THE_SILENT","items_purchased":["Mummified Hand","Ancient Potion","Footwork"],"campfire_rested":0,"item_purchase_floors":[47,53,53],"current_hp_per_floor":[59,59,59,39,37,32,32,25,25,24,24,24,24,39,39,25,56,42,35,35,35,28,14,27,27,27,30,30,30,30,30,30,28,57,57,57,48,48,48,32,32,31,31,31,31,31,31,28,28,26,54,54,54,21,8],"gold":53,"neow_bonus":"BOSS_RELIC","is_daily":false,"chose_seed":false,"campfire_upgraded":5,"win_rate":0.0,"timestamp":1609848288,"path_taken":["M","?","?","?","M","E","R","M","T","M","R","?","?","E","R","BOSS","M","M","M","?","M","E","?","E","T","E","M","E","M","M","R","BOSS","M","?","M","M","?","E","R","E","T","R","M","?","$","E","R","BOSS","R","$","E","BOSS"],"items_purchased_type":["Relic","Potion","Card"],"build_version":"2020-12-22","purchased_purges":3,"victory":true,"max_hp_per_floor":[66,66,66,66,66,66,66,66,66,66,66,66,66,66,66,66,66,66,66,66,66,66,66,66,66,66,66,66,66,66,66,66,66,66,66,66,66,66,63,63,63,63,63,63,63,63,63,63,63,63,63,63,63,63,63],"card_choices":[{"not_picked":["Catalyst","Deflect"],"picked":"Distraction","floor":1.0},{"not_picked":["Slice","Outmaneuver"],"picked":"Poisoned Stab","floor":5.0},{"not_picked":["Masterful Stab","Sucker Punch"],"picked":"Backstab","floor":6.0},{"not_picked":["Setup","Terror"],"picked":"Deadly Poison","floor":8.0},{"not_picked":["Poisoned Stab","Dagger Spray"],"picked":"PiercingWail","floor":10.0},{"not_picked":["Sucker Punch","All Out Attack","Corpse Explosion"],"picked":"SKIP","floor":12.0},{"not_picked":["Poisoned Stab","Caltrops"],"picked":"A Thousand Cuts","floor":14.0},{"not_picked":["Malaise","Doppelganger"],"picked":"Bullet Time","floor":16.0},{"not_picked":["Acrobatics+1","Deadly Poison","Poisoned Stab"],"picked":"SKIP","floor":18.0},{"not_picked":["Escape Plan","Bane","Acrobatics"],"picked":"SKIP","floor":19.0},{"not_picked":["Dagger Spray","Dodge and Roll"],"picked":"Storm of Steel","floor":20.0},{"not_picked":["Underhanded Strike+1","Deadly Poison","Bane+1"],"picked":"SKIP","floor":22.0},{"not_picked":["Quick Slash","Expertise","Dodge and Roll"],"picked":"SKIP","floor":23.0},{"not_picked":["Predator","Endless Agony"],"picked":"Blade Dance","floor":25.0},{"not_picked":["Outmaneuver","Underhanded Strike","Bane"],"picked":"SKIP","floor":27.0},{"not_picked":["Underhanded Strike","Acrobatics"],"picked":"Escape Plan+1","floor":28.0},{"not_picked":["Doppelganger","Deflect","Tools of the Trade"],"picked":"SKIP","floor":29.0},{"not_picked":["Underhanded Strike","Deflect","Backflip"],"picked":"SKIP","floor":30.0},{"not_picked":["Poisoned Stab","Blur"],"picked":"Infinite Blades","floor":31.0},{"not_picked":["Die Die Die","Unload"],"picked":"Adrenaline","floor":33.0},{"not_picked":["Poisoned Stab","Backflip+1"],"picked":"Accuracy","floor":35.0},{"not_picked":["Dash","Escape Plan"],"picked":"Accuracy+1","floor":37.0},{"not_picked":["Slice","Sucker Punch","Blade Dance"],"picked":"SKIP","floor":38.0},{"not_picked":["Slice","Sucker Punch"],"picked":"Blade Dance","floor":38.0},{"not_picked":["Skewer","Crippling Poison","Flying Knee+1"],"picked":"SKIP","floor":40.0},{"not_picked":["Poisoned Stab","Expertise+1","Flechettes"],"picked":"SKIP","floor":42.0},{"not_picked":["Dagger Spray","Underhanded Strike"],"picked":"Storm of Steel","floor":45},{"not_picked":["All Out Attack","Bane","Choke"],"picked":"SKIP","floor":48},{"not_picked":["Tactician","Crippling Poison"],"picked":"PiercingWail","floor":54}],"player_experience":100710,"relics_obtained":[{"floor":6.0,"key":"Du-Vu Doll"},{"floor":9.0,"key":"Dead Branch"},{"floor":14.0,"key":"Bag of Marbles"},{"floor":23.0,"key":"Ornamental Fan"},{"floor":25.0,"key":"Toy Ornithopter"},{"floor":26.0,"key":"Kunai"},{"floor":27.0,"key":"PreservedInsect"},{"floor":29.0,"key":"Pen Nib"},{"floor":40.0,"key":"Peace Pipe"},{"floor":42.0,"key":"Bottled Lightning"},{"floor":46,"key":"Calipers"},{"floor":48,"key":"Snake Skull"},{"floor":54,"key":"Paper Crane"}],"event_choices":[{"damage_healed":0.0,"max_hp_gain":0.0,"max_hp_loss":0.0,"gold_gain":0.0,"event_name":"The Woman in Blue","player_choice":"Bought 2 Potions","floor":2.0,"gold_loss":0.0,"damage_taken":0.0},{"damage_healed":0.0,"max_hp_gain":0.0,"max_hp_loss":0.0,"gold_gain":0.0,"event_name":"Shining Light","player_choice":"Entered Light","floor":4.0,"gold_loss":0.0,"damage_taken":20.0,"cards_upgraded":["Strike_G","Defend_G"]},{"cards_removed":["Strike_G"],"damage_healed":0.0,"max_hp_gain":0.0,"max_hp_loss":0.0,"gold_gain":0.0,"event_name":"The Cleric","player_choice":"Card Removal","floor":13.0,"gold_loss":75.0,"damage_taken":0.0},{"damage_healed":0.0,"max_hp_gain":0.0,"max_hp_loss":0.0,"gold_gain":50.0,"event_name":"Nest","player_choice":"Stole From Cult","floor":21.0,"gold_loss":0.0,"damage_taken":0.0},{"damage_healed":13.0,"max_hp_gain":0.0,"max_hp_loss":0.0,"gold_gain":0.0,"event_name":"The Library","player_choice":"Heal","floor":24.0,"gold_loss":0.0,"damage_taken":0.0},{"damage_healed":0.0,"max_hp_gain":0.0,"max_hp_loss":0.0,"gold_gain":0.0,"event_name":"Tomb of Lord Red Mask","player_choice":"Ignored","floor":36.0,"gold_loss":0.0,"damage_taken":0.0},{"damage_healed":0.0,"max_hp_gain":0.0,"max_hp_loss":3.0,"gold_gain":0.0,"event_name":"Winding Halls","player_choice":"Max HP","floor":39.0,"gold_loss":0.0,"damage_taken":0.0},{"damage_healed":0,"gold_gain":0,"player_choice":"Fight","damage_taken":0,"max_hp_gain":0,"max_hp_loss":0,"event_name":"Mysterious Sphere","floor":46,"gold_loss":0}],"is_beta":false,"boss_relics":[{"not_picked":["Ectoplasm","WristBlade"],"picked":"Coffee Dripper"},{"not_picked":["HoveringKite","Velvet Choker"],"picked":"SlaversCollar"}],"items_purged_floors":[3,47,53],"is_endless":false,"potions_floor_spawned":[1,5,10,14,18,19,28,30,31,33,35,37,40,48,54],"ascension_level":16}}