{"host":"ac6e1xz8pi3qqstb","time":1609844578,"event":{"mods":["BaseMod","Minty Spire (QoL Compilation)","MostiFishMod","Relic Stats","Replay The Spire","StSLib","[IsaacMod]ÒÔÈö¼âËþ","¡¾ÒÅÎï¿¨ÅÆ¡¿REMEMod"],"gold_per_floor":[113,78,91,91,106,119,154,154,154,178,195,195,195,206,206,318,318,335,141,166,211,235,272,272,288,288,288,311,24,38,81,81,186,186,207,0,18,84,101,101,144,170,170,220,220,263,49,49,49,53],"floor_reached":51,"playtime":2883,"items_purged":["Brutality+1","ReplayTheSpireMod:Limb From Limb","Blood for Blood"],"score":899,"play_id":"032d49ff-292e-4db6-b62e-4356583c0215","local_time":"20210105190258","is_ascension_mode":false,"campfire_choices":[{"data":"Combust","floor":12.0,"key":"SMITH"},{"data":"Brutality","floor":15.0,"key":"SMITH"},{"data":"Fire Breathing","floor":24.0,"key":"SMITH"},{"data":"Power Through","floor":27.0,"key":"SMITH"},{"data":"REME_ACTH","floor":32.0,"key":"SMITH"},{"data":"MostiFishMod:WingOfPhoenix","floor":40.0,"key":"SMITH"},{"data":"REME_PuzzleBox","floor":49,"key":"SMITH"},{"data":"MostiFishMod:UltimateDefense+1","floor":49,"key":"SMITH"}],"circlet_count":0,"master_deck":["Strike_R","Strike_R","Strike_R","Strike_R","Strike_R","Defend_R","Defend_R","Defend_R","Defend_R","Bash","Chrysalis","Headbutt","Flame Barrier","Armaments+1","MostiFishMod:DarkDeal","Combust+1","Wild Strike","REME_Scribble","Intimidate+1","Fire Breathing+1","Blood for Blood+1","Power Through+1","Power Through","MostiFishMod:UltimateDefense+2","REME_ACTH+1","REME_FearOfPain+1","MostiFishMod:WingOfPhoenix+1","Flame Barrier","Infernal Blade+1","Fire Breathing","MostiFishMod:#F4004","Defy Death+1","Heavy Blade+1","REME_PuzzleBox+1"],"relics":["Burning Blood","DaveBox","REME_ComplimentaryCards","HushsDoor","TheBean","DaCapo","SynthV:TestCard","Replay:Bandana","Smiling Mask","GuppysPaw","HereWithMe","ChiLing","Chi","Ling","Tiny Chest","Durian","PillsDrop","Onion Ring","REME_LowDesire","Dream Catcher","ReplayTheSpireMod:Lightbulb","Red Mask","Bird Faced Urn","Replay:Bottled Snecko","TheBible","Replay:Arrowhead","HornCleat","War Paint"],"acts_visited":["TheCity","TheBeyond"],"potions_floor_usage":[50,50],"damage_taken":[{"damage":5.0,"enemies":"Jaw Worm","floor":1.0,"turns":5.0},{"damage":6.0,"enemies":"Cultist","floor":3.0,"turns":3.0},{"damage":0.0,"enemies":"2 Louse","floor":5.0,"turns":2.0},{"damage":2.0,"enemies":"Blue Slaver","floor":6.0,"turns":4.0},{"damage":9.0,"enemies":"Lagavulin","floor":7.0,"turns":3.0},{"damage":0.0,"enemies":"Exordium Wildlife","floor":10.0,"turns":3.0},{"damage":6.0,"enemies":"Exordium Thugs","floor":11.0,"turns":5.0},{"damage":0.0,"enemies":"3 Louse","floor":14.0,"turns":4.0},{"damage":30.0,"enemies":"Fading Forest","floor":16.0,"turns":11.0},{"damage":8.0,"enemies":"Spheric Guardian","floor":18.0,"turns":4.0},{"damage":22.0,"enemies":"Shell Parasite","floor":20.0,"turns":3.0},{"damage":19.0,"enemies":"Chosen and Byrds","floor":22.0,"turns":5.0},{"damage":16.0,"enemies":"Replay:Snechameleon","floor":23.0,"turns":5.0},{"damage":17.0,"enemies":"Centurion and Healer","floor":25.0,"turns":3.0},{"damage":0.0,"enemies":"Shelled Parasite and Fungi","floor":28.0,"turns":3.0},{"damage":0.0,"enemies":"Snecko","floor":30.0,"turns":6.0},{"damage":0.0,"enemies":"Book of Stabbing","floor":31.0,"turns":4.0},{"damage":0.0,"enemies":"Pondfish","floor":33.0,"turns":9.0},{"damage":0.0,"enemies":"3 Shapes","floor":35.0,"turns":1.0},{"damage":3.0,"enemies":"Orb Walker","floor":37.0,"turns":2.0},{"damage":2.0,"enemies":"Mind Bloom Boss Battle","floor":38.0,"turns":3.0},{"damage":2.0,"enemies":"Jaw Worm Horde","floor":39.0,"turns":2.0},{"damage":24.0,"enemies":"Reptomancer","floor":41.0,"turns":5.0},{"damage":21.0,"enemies":"Transient","floor":42.0,"turns":5.0},{"damage":9.0,"enemies":"2 Orb Walkers","floor":44.0,"turns":2.0},{"damage":23.0,"enemies":"Giant Head","floor":46.0,"turns":8.0},{"damage":18,"enemies":"Donu and Deca","floor":50,"turns":6}],"seed_played":"8567745859476568037","potions_obtained":[{"floor":3.0,"key":"SkillPotion"},{"floor":10.0,"key":"SpeedPotion"},{"floor":11.0,"key":"Regen Potion"},{"floor":16.0,"key":"LifebloodPotion"},{"floor":18.0,"key":"Explosive Potion"},{"floor":20.0,"key":"BloodPotion"},{"floor":28.0,"key":"DistilledChaos"},{"floor":33.0,"key":"ColorlessPotion"},{"floor":35.0,"key":"Fruit Juice"},{"floor":38.0,"key":"AttackPotion"},{"floor":44.0,"key":"Adrenaline Potion"},{"floor":46.0,"key":"Reflective Coating"}],"is_trial":false,"path_per_floor":["M","$","M","$","M","M","E","?","T","M","M","R","?","M","R","B",null,"M","$","M","?","M","E","R","M","T","R","M","$","M","E","R","B",null,"M","?","M","?","M","R","E","M","T","?","T","E","$","?","R","B",null],"character_chosen":"IRONCLAD","items_purchased":["Flame Barrier","ChiLing","Power Through","Blood for Blood","MostiFishMod:UltimateDefense","REME_PuzzleBox"],"campfire_rested":0,"item_purchase_floors":[2,19,29,29,29,47],"current_hp_per_floor":[85,85,85,85,85,85,82,82,82,85,85,85,82,82,82,58,74,72,72,56,56,45,58,58,47,47,47,53,53,59,67,67,75,88,93,93,93,93,93,93,79,94,94,98,98,88,88,88,88,86],"gold":53,"neow_bonus":"RANDOM_EVENT","is_daily":false,"chose_seed":false,"campfire_upgraded":8,"win_rate":0.0,"timestamp":1609844578,"path_taken":["M","$","M","$","M","M","E","?","T","M","M","R","?","M","R","BOSS","M","$","M","?","M","E","R","M","T","R","M","$","M","E","R","BOSS","M","?","M","?","M","R","E","M","T","?","?","E","$","?","R","BOSS"],"items_purchased_type":["Card","Relic","Card","Card","Card","Card"],"build_version":"2020-12-22","purchased_purges":3,"victory":true,"max_hp_per_floor":[85,85,85,85,85,85,85,85,85,85,85,85,82,82,82,82,74,74,74,74,74,76,84,84,84,84,84,84,84,84,86,86,88,88,93,93,93,93,93,93,96,98,98,101,101,105,105,105,105,107],"relic_stats":{"Dream Catcher":0,"counters":[27,116],"Bird Faced Urn":[26],"Tiny Chest":1,"War Paint":["MostiFishMod:UltimateDefense","Defy Death"],"Smiling Mask":75,"obtain_stats":[{"DaveBox":0,"GuppysPaw":13,"Chi":19,"Smiling Mask":9,"Burning Blood":0,"Replay:Bandana":7,"Dream Catcher":34,"TheBean":0,"HornCleat":45,"PillsDrop":26,"HereWithMe":17,"Tiny Chest":21,"DaCapo":0,"Red Mask":36,"Replay:Bottled Snecko":41,"REME_LowDesire":34,"KeepersGift":0,"War Paint":46,"Replay:Arrowhead":44,"Ling":19,"SynthV:TestCard":1,"TheBible":43,"Bird Faced Urn":38,"Onion Ring":31,"Durian":23,"HushsDoor":0,"ReplayTheSpireMod:Lightbulb":34,"REME_ComplimentaryCards":0,"ChiLing":19},{"DaveBox":0,"GuppysPaw":7,"Chi":10,"Smiling Mask":5,"Burning Blood":0,"Replay:Bandana":5,"Dream Catcher":18,"TheBean":0,"HornCleat":25,"PillsDrop":14,"HereWithMe":9,"Tiny Chest":11,"DaCapo":0,"Red Mask":19,"Replay:Bottled Snecko":23,"REME_LowDesire":18,"KeepersGift":0,"War Paint":26,"Replay:Arrowhead":25,"Ling":10,"SynthV:TestCard":1,"TheBible":24,"Bird Faced Urn":21,"Onion Ring":17,"Durian":13,"HushsDoor":0,"ReplayTheSpireMod:Lightbulb":18,"REME_ComplimentaryCards":0,"ChiLing":10},{"DaveBox":0,"GuppysPaw":25,"Chi":44,"Smiling Mask":17,"Burning Blood":0,"Replay:Bandana":17,"Dream Catcher":82,"TheBean":0,"HornCleat":102,"PillsDrop":60,"HereWithMe":40,"Tiny Chest":47,"DaCapo":0,"Red Mask":83,"Replay:Bottled Snecko":95,"REME_LowDesire":82,"KeepersGift":0,"War Paint":110,"Replay:Arrowhead":102,"Ling":44,"SynthV:TestCard":5,"TheBible":100,"Bird Faced Urn":88,"Onion Ring":73,"Durian":57,"HushsDoor":0,"ReplayTheSpireMod:Lightbulb":82,"REME_ComplimentaryCards":0,"ChiLing":44}],"Burning Blood":125},"card_choices":[{"not_picked":["True Grit","Iron Wave"],"picked":"Headbutt","floor":1.0},{"not_picked":["Clash","Body Slam","Twin Strike","Clothesline"],"picked":"Armaments","floor":3.0},{"not_picked":["Body Slam","Wild Strike","Abandon","Battle Trance"],"picked":"MostiFishMod:DarkDeal","floor":5.0},{"not_picked":["Warcry","Twin Strike","Uppercut","Armaments","Run Through"],"picked":"SKIP","floor":6.0},{"not_picked":["Whirlwind","MostiFishMod:OrdinaryWorld","Sword Boomerang","Abandon"],"picked":"ReplayTheSpireMod:Limb From Limb","floor":7.0},{"not_picked":["Rupture","Thunderclap","Wild Strike","Heavy Blade","Run Through"],"picked":"SKIP","floor":10.0},{"not_picked":["Spot Weakness","True Grit","ReplayTheSpireMod:Corrosion Curse","Dropkick"],"picked":"Combust","floor":11.0},{"not_picked":["Blood for Blood","Cleave","Inflame","Searing Blow"],"picked":"Brutality","floor":14.0},{"not_picked":["Flame Barrier","ReplayTheSpireMod:Strike From Hell+1","Sever Soul","Disarm"],"picked":"Wild Strike","floor":18.0},{"not_picked":["Body Slam","Headbutt","Twin Strike","Feel No Pain"],"picked":"REME_Scribble","floor":20.0},{"not_picked":["Perfected Strike","Headbutt+1","Burning Pact","Thunderclap"],"picked":"Intimidate+1","floor":21.0},{"not_picked":["Havoc","Anger","Uppercut","Wild Strike"],"picked":"Fire Breathing","floor":22.0},{"not_picked":["Body Slam+1","Shrug It Off","MostiFishMod:404NotFound","Juggernaut"],"picked":"Blood for Blood+1","floor":23.0},{"not_picked":["REME_Scribble","Warcry+1","Run Through","Headbutt+1"],"picked":"Power Through","floor":25.0},{"not_picked":["Twin Strike","Iron Wave","Havoc+1","Bloodletting","ReplayTheSpireMod:Strike From Hell"],"picked":"SKIP","floor":28.0},{"not_picked":["Fire Breathing","Searing Blow","Flex","Anger"],"picked":"REME_ACTH","floor":30.0},{"not_picked":["Clothesline+1","Wild Strike","ReplayTheSpireMod:Corrosion Curse","Fire Breathing+1"],"picked":"REME_FearOfPain+1","floor":31.0},{"not_picked":["MostiFishMod:ChineseTea","MostiFishMod:CullingBlade","Juggernaut","Fiend Fire"],"picked":"MostiFishMod:WingOfPhoenix","floor":33.0},{"not_picked":["ReplayTheSpireMod:Corrosion Curse","Clash","Cleave","Second Wind+1","ReplayTheSpireMod:Uncanny Aura+1"],"picked":"Flame Barrier","floor":35.0},{"not_picked":["ReplayTheSpireMod:LeadingStrike","MostiFishMod:Mania","Run Through+1","Rampage+1","Thunderclap+1","REME_BattleFury"],"picked":"SKIP","floor":37.0},{"not_picked":["Replay:Undeath\u0027s Touch+1","Cleave","Body Slam","Run Through+1","Madness+1"],"picked":"Infernal Blade+1","floor":39.0},{"not_picked":["Havoc","Sword Boomerang","Intimidate+1","Iron Wave","Chrysalis"],"picked":"Fire Breathing","floor":41.0},{"not_picked":["Wild Strike+1","Cleave","Body Slam+1","Headbutt+1","ReplayTheSpireMod:Trickstab+1"],"picked":"MostiFishMod:#F4004","floor":42.0},{"not_picked":["Bloodletting+1","Sever Soul+1","Warcry+1","Clothesline","Blind+1"],"picked":"Defy Death","floor":44.0},{"not_picked":["Shockwave+1","Massacre+1","REME_FearOfPain","Dropkick+1","HandOfGreed"],"picked":"Heavy Blade+1","floor":46.0}],"player_experience":410577,"relics_obtained":[{"floor":1.0,"key":"SynthV:TestCard"},{"floor":7.0,"key":"Replay:Bandana"},{"floor":9.0,"key":"Smiling Mask"},{"floor":21.0,"key":"Tiny Chest"},{"floor":23.0,"key":"Durian"},{"floor":26.0,"key":"PillsDrop"},{"floor":31.0,"key":"Onion Ring"},{"floor":34.0,"key":"Dream Catcher"},{"floor":34.0,"key":"ReplayTheSpireMod:Lightbulb"},{"floor":38.0,"key":"Bird Faced Urn"},{"floor":41.0,"key":"Replay:Bottled Snecko"},{"floor":43.0,"key":"TheBible"},{"floor":44.0,"key":"Replay:Arrowhead"},{"floor":45.0,"key":"HornCleat"},{"floor":46.0,"key":"War Paint"}],"event_choices":[{"damage_healed":0.0,"max_hp_gain":5.0,"max_hp_loss":0.0,"gold_gain":0.0,"event_name":"Big Fish","player_choice":"Donut","floor":0.0,"gold_loss":0.0,"damage_taken":0.0},{"damage_healed":0.0,"max_hp_gain":0.0,"max_hp_loss":0.0,"gold_gain":0.0,"event_name":"Upgrade Shrine","player_choice":"Upgraded","floor":8.0,"gold_loss":0.0,"damage_taken":0.0,"cards_upgraded":["Armaments"]},{"damage_healed":0.0,"max_hp_gain":0.0,"max_hp_loss":0.0,"gold_gain":0.0,"event_name":"WeMeetAgain","player_choice":"Gave Potion","floor":13.0,"gold_loss":0.0,"damage_taken":0.0,"relics_obtained":["GuppysPaw"]},{"damage_healed":0.0,"max_hp_gain":0.0,"max_hp_loss":0.0,"gold_gain":0.0,"event_name":"Tomb of Lord Red Mask","player_choice":"Paid","floor":36.0,"gold_loss":207.0,"damage_taken":0.0,"relics_obtained":["Red Mask"]},{"damage_healed":0.0,"max_hp_gain":0.0,"max_hp_loss":0.0,"gold_gain":0.0,"event_name":"MindBloom","player_choice":"Fight","floor":38.0,"gold_loss":0.0,"damage_taken":0.0},{"damage_healed":0.0,"max_hp_gain":0.0,"max_hp_loss":0.0,"gold_gain":0.0,"event_name":"Mysterious Sphere","player_choice":"Fight","floor":44.0,"gold_loss":0.0,"damage_taken":0.0},{"damage_healed":0,"gold_gain":0,"player_choice":"Memory 1","damage_taken":0,"max_hp_gain":0,"max_hp_loss":0,"event_name":"SensoryStone","floor":48,"gold_loss":0}],"is_beta":false,"boss_relics":[{"not_picked":["FeatherPendant","MostiFishMod:Hod"],"picked":"HereWithMe"},{"not_picked":[]},{"not_picked":["Runic Cube","Velvet Choker"],"picked":"REME_LowDesire"},{"not_picked":[]}],"items_purged_floors":[17,19,47],"is_endless":false,"potions_floor_spawned":[3,10,11,16,18,20,28,30,33,35,38,41,44,46],"ascension_level":0}}