{"host":"s3g5dmvfnpdztvul","time":1609882858,"event":{"mods":["AchievementEnabler","AlwaysNeverKeys","Aspiration","BaseMod","Better Altar","Better Match","Better Note","Better Sensory Stone","Better Vampires","BetterRewards","CatGirl Mod","Challenge The Spire","Colored Map","Colored Powertips","Colorless Booster Pack","Conspire","Curses Come First","DeckTracker","Defuse TimeMaze Blight","Displayed Cursed Tome","Downfall","Energized Spire","Fiend Mod","Friendly Minions","GifTheSpireLib","Hubris","Hyrulean Relics","Infinite Spire","Ironclad Rager","Jedi Mod","Marisa????????","Marked Mod","Mimic Mod","Minty Spire (QoL Compilation)","Permanent Neow","Quick Restart","Railgun Mod","Random Character Button","Rare Cards Sparkle","Replay The Spire","SCP261 Mod","Shade Mod","Small Relic Pack","Spicy Shops","Spikes Relics","StSLib","Stuff the Spire","The Alterego","The Blue Laboratory","The Clintock","The Cursed","The Factory","The Jungle","The Necromancer","TheSwordswoman","Trackpad","Unceasing Turn Reminder","Virulent Crown","Waifu the Spire","Wandering Minibosses","vexMod"],"gold_per_floor":[111,157,127,163,163,192,202,202,250,250,265,265,46,46,221,221,221],"floor_reached":16,"playtime":859,"items_purged":[],"score":110,"play_id":"e9297c54-d2f3-4d5f-92f6-3af86778d361","local_time":"20210105164058","is_ascension_mode":true,"campfire_choices":[{"floor":8,"key":"REST"},{"floor":12,"key":"REST"}],"circlet_count":0,"master_deck":["alterego_mod:Strike","alterego_mod:Strike","alterego_mod:Strike","alterego_mod:Strike","alterego_mod:Defend","alterego_mod:Defend","alterego_mod:Defend","alterego_mod:Defend","alterego_mod:Impale","alterego_mod:BigMeatyClaws","alterego_mod:BrynhildrsRune","alterego_mod:BiFurious","alterego_mod:SakuraPetals","alterego_mod:Lingerie","alterego_mod:Complex","alterego_mod:Maid","alterego_mod:Rip","Doubt"],"relics":["alterego_mod:MasochisticConstitution","aspiration:Nostalgia","champ:ChampionCrown","hubris:Towel","Mirror","jedi:arcanewood","Centennial Puzzle","StuffTheSpire:Saxophone","vexMod:FocusSash"],"acts_visited":["Exordium"],"potions_floor_usage":[6,6,7],"damage_taken":[{"damage":0,"enemies":"2 Louse","floor":1,"turns":3},{"damage":3,"enemies":"Cultist","floor":2,"turns":6},{"damage":15,"enemies":"Small Slimes","floor":4,"turns":4},{"damage":28,"enemies":"3 Sentries","floor":6,"turns":6},{"damage":17,"enemies":"Looter","floor":7,"turns":4},{"damage":34,"enemies":"Lots of Slimes","floor":11,"turns":7},{"damage":78,"enemies":"The Guardian","floor":16,"turns":10}],"seed_played":"-86390560223824334","potions_obtained":[{"floor":2,"key":"Swift Potion"},{"floor":3,"key":"CultistPotion"},{"floor":3,"key":"blueLaboratory:PolymorphPotion"},{"floor":4,"key":"Elixir"}],"is_trial":false,"path_per_floor":["M","M","?","M","?","E","M","R","T","T","M","R","$","?","R_BF","B"],"character_chosen":"The_Alterego","items_purchased":["StuffTheSpire:Saxophone","vexMod:FocusSash"],"campfire_rested":2,"item_purchase_floors":[13,13],"current_hp_per_floor":[70,68,68,54,54,48,39,61,61,61,63,75,75,75,75,0,0],"gold":221,"neow_bonus":"NOSTALGIA","is_daily":false,"chose_seed":false,"campfire_upgraded":0,"win_rate":0.0,"timestamp":1609882858,"path_taken":["M","M","?","?","?","E","M","R","T","?","M","R","?","?","R_BF","BOSS"],"items_purchased_type":["Relic","Relic"],"build_version":"2020-12-22","purchased_purges":0,"victory":false,"max_hp_per_floor":[70,71,71,72,72,73,74,74,74,74,75,75,75,75,75,75,75],"card_choices":[{"not_picked":["alterego_mod:Bounce","alterego_mod:Punishment"],"picked":"alterego_mod:BiFurious","floor":1},{"not_picked":["alterego_mod:Undulate","alterego_mod:Complex"],"picked":"alterego_mod:SakuraPetals","floor":2},{"not_picked":["alterego_mod:Rip","alterego_mod:Punishment"],"picked":"alterego_mod:Lingerie","floor":4},{"not_picked":["alterego_mod:Mirror","alterego_mod:SuperDuperMasochism"],"picked":"alterego_mod:Complex","floor":6},{"not_picked":["alterego_mod:Complex","alterego_mod:Crossover"],"picked":"alterego_mod:Maid","floor":7},{"not_picked":["alterego_mod:BeGentle","alterego_mod:PerceptionDisorder"],"picked":"alterego_mod:Rip","floor":11}],"player_experience":522659,"relics_obtained":[{"floor":6,"key":"Mirror"},{"floor":9,"key":"jedi:arcanewood"},{"floor":10,"key":"Centennial Puzzle"}],"event_choices":[{"damage_healed":0,"gold_gain":0,"player_choice":"Bought 2 Potions","damage_taken":0,"max_hp_gain":0,"max_hp_loss":0,"event_name":"The Woman in Blue","floor":3,"gold_loss":0},{"damage_healed":0,"gold_gain":0,"player_choice":"Ignored","damage_taken":0,"max_hp_gain":0,"max_hp_loss":0,"event_name":"Golden Wing","floor":14,"gold_loss":0},{"damage_healed":0,"gold_gain":175,"player_choice":"AGREE","damage_taken":0,"max_hp_gain":0,"max_hp_loss":0,"event_name":"Liars Game","floor":15,"gold_loss":0,"cards_obtained":["Doubt"]}],"is_beta":false,"boss_relics":[],"items_purged_floors":[],"is_endless":false,"potions_floor_spawned":[2,4],"killed_by":"The Guardian","ascension_level":2}}