{"host":"sz8c8ni79nvzjmmg","time":1609861552,"event":{"mods":["AchievementEnabler","BaseMod","DeckTracker","Keyboard Shortcuts","Minty Spire (QoL Compilation)","SuperFastMode"],"gold_per_floor":[10,22,22,40,53,53,87,97,120,120,136,136,150,150,150,229,229,243,243,259,84,84,84,84,84,157,57,57,57],"floor_reached":28,"playtime":591,"items_purged":["Strike_R","Heavy Blade"],"score":436,"play_id":"4212591f-def6-40e9-8406-2a72a7a29488","local_time":"20210106004552","is_ascension_mode":true,"campfire_choices":[{"data":"Searing Blow+1","floor":6,"key":"SMITH"},{"data":"Searing Blow+2","floor":10,"key":"SMITH"},{"data":"Searing Blow+3","floor":12,"key":"SMITH"},{"data":"Searing Blow+4","floor":15,"key":"SMITH"},{"data":"Searing Blow+6","floor":23,"key":"SMITH"},{"data":"Searing Blow+7","floor":25,"key":"SMITH"}],"circlet_count":0,"master_deck":["AscendersBane","Strike_R","Defend_R+1","Defend_R","Defend_R","Bash","Searing Blow+8","Evolve","Headbutt","Second Wind+1","Disarm","Double Tap","Bloodletting","Rage","Pommel Strike","Thunderclap","Exhume"],"relics":["Burning Blood","Boot","War Paint","Sozu","Paper Frog"],"acts_visited":["Exordium","TheCity"],"potions_floor_usage":[7,16],"damage_taken":[{"damage":6,"enemies":"Cultist","floor":1,"turns":3},{"damage":6,"enemies":"Small Slimes","floor":2,"turns":4},{"damage":4,"enemies":"Jaw Worm","floor":4,"turns":4},{"damage":17,"enemies":"Looter","floor":5,"turns":3},{"damage":35,"enemies":"Lagavulin","floor":7,"turns":5},{"damage":20,"enemies":"3 Louse","floor":8,"turns":4},{"damage":1,"enemies":"2 Fungi Beasts","floor":11,"turns":4},{"damage":7,"enemies":"Red Slaver","floor":13,"turns":4},{"damage":31,"enemies":"The Guardian","floor":16,"turns":11},{"damage":6,"enemies":"Spheric Guardian","floor":18,"turns":3},{"damage":19,"enemies":"Shell Parasite","floor":20,"turns":2},{"damage":30,"enemies":"Cultist and Chosen","floor":28,"turns":6}],"seed_played":"-5108320814009593431","potions_obtained":[{"floor":4,"key":"FearPotion"},{"floor":5,"key":"Block Potion"},{"floor":7,"key":"Dexterity Potion"}],"is_trial":false,"path_per_floor":["M","M","?","M","M","R","E","M","T","R","M","R","M","?","R","B",null,"M","?","M","$","?","R","?","R","T","$","M"],"character_chosen":"IRONCLAD","items_purchased":["Rage","Pommel Strike"],"campfire_rested":0,"item_purchase_floors":[21,21],"current_hp_per_floor":[68,68,68,70,59,59,30,16,16,16,21,21,20,45,45,20,61,61,61,48,48,27,27,27,27,27,27,0,0],"gold":57,"neow_bonus":"TRANSFORM_TWO_CARDS","is_daily":false,"chose_seed":false,"campfire_upgraded":6,"win_rate":0.0,"timestamp":1609861552,"path_taken":["M","M","?","M","M","R","E","M","T","R","M","R","M","?","R","BOSS","M","?","?","$","?","R","?","R","T","$","M"],"items_purchased_type":["Card","Card"],"build_version":"2020-12-22","purchased_purges":2,"victory":false,"max_hp_per_floor":[75,75,75,75,75,75,75,75,75,75,75,75,75,75,75,75,75,75,75,75,75,80,80,80,80,80,80,80,80],"card_choices":[{"not_picked":["Armaments","Pummel","Body Slam"],"picked":"SKIP","floor":1},{"not_picked":["Anger","Perfected Strike"],"picked":"Evolve","floor":2},{"not_picked":["Clothesline","Anger"],"picked":"Headbutt","floor":4},{"not_picked":["Brutality","Clothesline","Wild Strike"],"picked":"SKIP","floor":5},{"not_picked":["Heavy Blade","Wild Strike","Clothesline"],"picked":"SKIP","floor":7},{"not_picked":["Wild Strike","Armaments"],"picked":"Second Wind","floor":8},{"not_picked":["Clothesline","Thunderclap","Ghostly Armor"],"picked":"SKIP","floor":11},{"not_picked":["Sword Boomerang","Thunderclap"],"picked":"Disarm","floor":13},{"not_picked":["Fiend Fire","Impervious"],"picked":"Double Tap","floor":16},{"not_picked":["Heavy Blade","True Grit","Cleave"],"picked":"SKIP","floor":18},{"not_picked":["Rampage+1","Twin Strike"],"picked":"Bloodletting","floor":20}],"player_experience":1223766,"relics_obtained":[{"floor":7,"key":"Boot"},{"floor":9,"key":"War Paint"},{"floor":26,"key":"Paper Frog"}],"event_choices":[{"damage_healed":0,"gold_gain":0,"player_choice":"Grow","damage_taken":0,"max_hp_gain":0,"max_hp_loss":0,"event_name":"Living Wall","floor":3,"gold_loss":0,"cards_upgraded":["Searing Blow"]},{"damage_healed":25,"gold_gain":0,"player_choice":"Banana","damage_taken":0,"max_hp_gain":0,"max_hp_loss":0,"event_name":"Big Fish","floor":14,"gold_loss":0},{"damage_healed":0,"gold_gain":0,"player_choice":"Upgraded","damage_taken":0,"max_hp_gain":0,"max_hp_loss":0,"event_name":"Upgrade Shrine","floor":19,"gold_loss":0,"cards_upgraded":["Searing Blow"]},{"damage_healed":0,"gold_gain":0,"player_choice":"Shed Blood","damage_taken":26,"max_hp_gain":5,"max_hp_loss":0,"event_name":"Forgotten Altar","floor":22,"gold_loss":0},{"damage_healed":0,"gold_gain":0,"cards_transformed":["Strike_R","Defend_R"],"player_choice":"Became Test Subject","damage_taken":0,"max_hp_gain":0,"max_hp_loss":0,"event_name":"Drug Dealer","floor":24,"gold_loss":0,"cards_obtained":["Thunderclap","Exhume"]}],"is_beta":false,"boss_relics":[{"not_picked":["Calling Bell","Mark of Pain"],"picked":"Sozu"}],"items_purged_floors":[21,27],"is_endless":false,"potions_floor_spawned":[4,5,7,13,20],"killed_by":"Cultist and Chosen","ascension_level":20}}