{"host":"788p3pvxhs5s9n7p","time":1609871998,"event":{"mods":["AchievementEnabler","BaseMod","Downfall","Hubris","Minty Spire (QoL Compilation)","READ ME - Guardian Mod","Replay The Spire","StSLib","The Jungle"],"gold_per_floor":[112,130,150,163,163,199,299,338,365,379,269,269,283,304,304,424,424,443,55,78,94,94,94],"floor_reached":22,"playtime":1256,"items_purged":["Strike_R","Strike_R"],"score":236,"play_id":"3e642aad-d3d7-4ef0-b895-68d435d879d2","local_time":"20210105123958","is_ascension_mode":true,"campfire_choices":[{"floor":12,"key":"REST"},{"floor":15,"key":"REST"}],"circlet_count":0,"master_deck":["Strike_R","Strike_R","Strike_R","Defend_R","Defend_R","Defend_R","Defend_R","Bash","Headbutt","Heavy Blade","Shockwave","Seeing Red","Limit Break","Clothesline","Spot Weakness","Cleave","Inflame","Exhume","Headbutt+1"],"relics":["Snecko Eye","Golden Idol","Replay:Mystery Machine","Chameleon Ring","Pen Nib","Runic Pyramid","hubris:FunFungus"],"acts_visited":["Exordium","TheCity"],"potions_floor_usage":[4,8,14,16,21],"damage_taken":[{"damage":0,"enemies":"Small Slimes","floor":1,"turns":2},{"damage":5,"enemies":"2 Louse","floor":2,"turns":2},{"damage":0,"enemies":"Cultist","floor":3,"turns":2},{"damage":11,"enemies":"Exordium Wildlife","floor":4,"turns":3},{"damage":8,"enemies":"Gremlin Nob","floor":6,"turns":3},{"damage":21,"enemies":"3 Sentries","floor":8,"turns":5},{"damage":13,"enemies":"Lots of Slimes","floor":10,"turns":4},{"damage":14,"enemies":"2 Fungi Beasts","floor":13,"turns":3},{"damage":10,"enemies":"Looter","floor":14,"turns":2},{"damage":50,"enemies":"Fading Forest","floor":16,"turns":11},{"damage":18,"enemies":"Shell Parasite","floor":18,"turns":4},{"damage":11,"enemies":"Chosen","floor":20,"turns":4},{"damage":39,"enemies":"Snake Plant","floor":21,"turns":5}],"seed_played":"3219390196027315339","potions_obtained":[{"floor":3,"key":"champ:CounterPotion"},{"floor":6,"key":"SteroidPotion"},{"floor":10,"key":"Elixir"},{"floor":13,"key":"AttackPotion"},{"floor":14,"key":"BlessingOfTheForge"},{"floor":20,"key":"SpeedPotion"},{"floor":21,"key":"Regen Potion"}],"is_trial":false,"path_per_floor":["M","M","M","M","?","E","?","E","T","M","$","R","M","M","R","B",null,"M","$","M","M","?"],"character_chosen":"IRONCLAD","items_purchased":["Spot Weakness","hubris:FunFungus"],"campfire_rested":2,"item_purchase_floors":[11,19],"current_hp_per_floor":[80,75,75,64,64,56,56,35,35,22,22,44,30,20,42,12,74,56,56,45,6,0,0],"gold":94,"neow_bonus":"BOSS_RELIC","is_daily":false,"chose_seed":false,"campfire_upgraded":0,"win_rate":0.0,"timestamp":1609871998,"path_taken":["M","M","M","M","?","E","?","E","T","?","$","R","M","M","R","BOSS","M","$","M","M","?"],"items_purchased_type":["Card","Relic"],"build_version":"2020-12-22","purchased_purges":2,"victory":false,"max_hp_per_floor":[80,80,80,80,74,74,74,74,74,74,74,74,74,74,74,74,74,74,74,74,74,74,74],"card_choices":[{"not_picked":["Infernal Blade","Sword Boomerang"],"picked":"Headbutt","floor":1},{"not_picked":["Sword Boomerang","True Grit"],"picked":"Heavy Blade","floor":2},{"not_picked":["Wild Strike","Iron Wave"],"picked":"Shockwave","floor":3},{"not_picked":["Second Wind","Havoc"],"picked":"Seeing Red","floor":4},{"not_picked":["Rampage","Shrug It Off"],"picked":"Limit Break","floor":6},{"not_picked":["Sentinel","hubris:CleavingFinish","Blood for Blood"],"picked":"SKIP","floor":8},{"not_picked":["Pommel Strike","Headbutt"],"picked":"Clothesline","floor":10},{"not_picked":["Blood for Blood","ReplayTheSpireMod:Corrosion Curse"],"picked":"Cleave","floor":13},{"not_picked":["Feel No Pain","ReplayTheSpireMod:Strike From Hell"],"picked":"Inflame","floor":14},{"not_picked":["Impervious","Fiend Fire"],"picked":"Exhume","floor":16},{"not_picked":["hubris:ReadiedAction","Iron Wave","Thunderclap"],"picked":"SKIP","floor":18},{"not_picked":["Reckless Charge+1","Wild Strike"],"picked":"Headbutt+1","floor":20},{"not_picked":["Headbutt","Pommel Strike","Perfected Strike+1"],"picked":"SKIP","floor":21}],"player_experience":127885,"relics_obtained":[{"floor":6,"key":"Replay:Mystery Machine"},{"floor":8,"key":"Chameleon Ring"},{"floor":9,"key":"Pen Nib"}],"event_choices":[{"damage_healed":0,"gold_gain":0,"player_choice":"Lose Max HP","damage_taken":0,"relics_obtained":["Golden Idol"],"max_hp_gain":0,"max_hp_loss":6,"event_name":"Golden Idol","floor":5,"gold_loss":0},{"damage_healed":0,"gold_gain":100,"player_choice":"Pray","damage_taken":0,"max_hp_gain":0,"max_hp_loss":0,"event_name":"Golden Shrine","floor":7,"gold_loss":0}],"is_beta":false,"boss_relics":[{"not_picked":["hubris:CrackedHourglass","SacredBark"],"picked":"Runic Pyramid"}],"items_purged_floors":[11,19],"is_endless":false,"potions_floor_spawned":[3,6,10,13,14,20,21],"ascension_level":1}}