{"host":"2461dio7vetlq1z3","time":1609889115,"event":{"mods":["2.2 Compatiblity","AchievementEnabler","BaseMod","Better Third Choice","Friendly Minions","Minty Spire (QoL Compilation)","Relic Stats","Spicy Shops","StSLib","The Marked","Waifu the Spire"],"gold_per_floor":[118,132,143,218,218,218,218,218,241,259,259,302,78,99,99,99,99],"floor_reached":16,"playtime":448,"items_purged":["Parasite"],"score":200,"play_id":"2ede44de-8aed-4e4b-84ba-587dda87e182","local_time":"20210106002515","is_ascension_mode":true,"campfire_choices":[{"floor":6,"key":"REST"},{"data":"Dash","floor":8,"key":"SMITH"},{"data":"Caltrops","floor":11,"key":"SMITH"},{"data":"Crippling Poison","floor":15,"key":"SMITH"}],"circlet_count":0,"master_deck":["AscendersBane","Strike_G","Strike_G","Strike_G","Strike_G","Strike_G","Defend_G","Defend_G","Defend_G","Defend_G","Defend_G","Survivor","Neutralize","Dagger Spray","Dash+1","Backstab","Caltrops+1","Quick Slash","Die Die Die","Crippling Poison+1"],"relics":["Runic Dome","Golden Idol","Regal Pillow","Boot","TwistedFunnel"],"acts_visited":["Exordium"],"potions_floor_usage":[12,12,16],"damage_taken":[{"damage":9,"enemies":"Jaw Worm","floor":1,"turns":6},{"damage":10,"enemies":"2 Louse","floor":2,"turns":3},{"damage":1,"enemies":"Cultist","floor":3,"turns":4},{"damage":3,"enemies":"Blue Slaver","floor":10,"turns":4},{"damage":12,"enemies":"Lagavulin","floor":12,"turns":7},{"damage":11,"enemies":"Exordium Thugs","floor":14,"turns":3},{"damage":30,"enemies":"Hexaghost","floor":16,"turns":8}],"seed_played":"3240080913588564466","potions_obtained":[{"floor":1,"key":"Block Potion"},{"floor":2,"key":"Fire Potion"},{"floor":10,"key":"Swift Potion"},{"floor":14,"key":"BlessingOfTheForge"}],"is_trial":false,"path_per_floor":["M","M","M","?","?","R","?","R","T","M","R","E","$","M","R","B"],"character_chosen":"THE_SILENT","items_purchased":["TwistedFunnel","Die Die Die"],"campfire_rested":1,"item_purchase_floors":[13,13],"current_hp_per_floor":[50,40,39,28,33,54,54,54,54,51,51,39,39,28,28,0,0],"gold":99,"neow_bonus":"BOSS_RELIC","is_daily":false,"chose_seed":false,"campfire_upgraded":3,"win_rate":0.0,"timestamp":1609889115,"path_taken":["M","M","M","?","?","R","?","R","T","M","R","E","?","M","R","BOSS"],"items_purchased_type":["Relic","Card"],"build_version":"2020-12-22","purchased_purges":1,"victory":false,"max_hp_per_floor":[66,66,66,66,71,71,64,64,64,64,64,64,61,61,61,61,61],"relic_stats":{"Regal Pillow":0,"counters":[7,35],"Golden Idol":17,"Boot":[10],"obtain_stats":[{"TwistedFunnel":13,"Runic Dome":0,"Regal Pillow":9,"Golden Idol":7,"Boot":12,"Ring of the Snake":0},{"TwistedFunnel":5,"Runic Dome":0,"Regal Pillow":3,"Golden Idol":3,"Boot":5,"Ring of the Snake":0},{"TwistedFunnel":24,"Runic Dome":0,"Regal Pillow":13,"Golden Idol":13,"Boot":24,"Ring of the Snake":0}]},"card_choices":[{"not_picked":["Endless Agony","Escape Plan"],"picked":"Dagger Spray","floor":1},{"not_picked":["Flechettes","Heel Hook"],"picked":"Dash","floor":2},{"not_picked":["Backflip","Slice"],"picked":"Backstab","floor":3},{"not_picked":["Backflip","Well Laid Plans"],"picked":"Caltrops","floor":10},{"not_picked":["All Out Attack","PiercingWail"],"picked":"Quick Slash","floor":12},{"not_picked":["Dodge and Roll","Choke"],"picked":"Crippling Poison","floor":14}],"player_experience":1072113,"relics_obtained":[{"floor":9,"key":"Regal Pillow"},{"floor":12,"key":"Boot"}],"event_choices":[{"damage_healed":0,"gold_gain":75,"player_choice":"Gold","damage_taken":11,"max_hp_gain":0,"max_hp_loss":0,"event_name":"betterThird:BetterGoop","floor":4,"gold_loss":0},{"damage_healed":0,"gold_gain":0,"player_choice":"Donut","damage_taken":0,"max_hp_gain":5,"max_hp_loss":0,"event_name":"Big Fish","floor":5,"gold_loss":0},{"damage_healed":0,"gold_gain":0,"player_choice":"Lose Max HP","damage_taken":0,"relics_obtained":["Golden Idol"],"max_hp_gain":0,"max_hp_loss":7,"event_name":"Golden Idol","floor":7,"gold_loss":0}],"is_beta":false,"boss_relics":[],"items_purged_floors":[13],"is_endless":false,"potions_floor_spawned":[1,2,10,14],"killed_by":"Hexaghost","ascension_level":20}}