{"host":"h2zaclyrd1q1i31f","time":1609880343,"event":{"mods":["BaseMod","Colored Map","Downfall","Hermit","Minty Spire (QoL Compilation)","Permanent Neow","StSLib","SuperFastMode","The Hierophant","The Mystic","The Servant 0.9.4"],"gold_per_floor":[99,110,123,33,47,47,47,147,147,164,164,164,194,211,231,330,330,255,269,286,303,303,334,334,366,379,229,75,107,107,107,120,225,225,225,244,261,274,174,174,197,197,197,209,59,59,69,87,97,97,97,129,7,7,7],"floor_reached":56,"playtime":3405,"items_purged":["champ:Defend","champ:ArenaPreparation"],"score":1236,"play_id":"467cba37-0b54-4832-819a-430e90840923","local_time":"20210105145903","is_ascension_mode":false,"campfire_choices":[{"data":"champ:Taunt","floor":1,"key":"SMITH"},{"data":"champ:BerserkerStyle","floor":6,"key":"SMITH"},{"floor":9,"key":"RECALL"},{"data":"champ:Encircle","floor":11,"key":"SMITH"},{"data":"champ:AdrenalArmor","floor":18,"key":"SMITH"},{"data":"champ:SwordThrow","floor":27,"key":"SMITH"},{"data":"champ:EnragedBash","floor":30,"key":"SMITH"},{"data":"champ:LastStand","floor":35,"key":"SMITH"},{"data":"champ:Encircle","floor":40,"key":"SMITH"},{"data":"champ:HoldFirm","floor":42,"key":"SMITH"},{"floor":54,"key":"REST"}],"circlet_count":0,"master_deck":["champ:Strike","champ:Strike","champ:Strike","champ:Defend","champ:Defend","champ:Defend","champ:Execute","champ:Taunt+1","champ:BerserkerStyle+1","champ:Encircle+1","champ:AdrenalArmor+1","champ:Encircle+1","champ:HoldFirm+1","champ:SwordThrow+1","champ:Encircle+1","champ:EnragedBash+1","champ:LastStand+1","champ:EnragedBash+1","champ:CheapShot","champ:BerserkersShout","champ:IgnorePain","champ:RecklessLeap"],"relics":["champ:ChampionCrown","Mercury Hourglass","InkBottle","Black Star","downfall:HeartBlessingRed","White Beast Statue","Blood Vial","PreservedInsect","Nunchaku","downfall:HeartBlessingBlue","downfall:HeartBlessingGreen","Vajra","Matryoshka","Blue Candle","Nloth\u0027s Gift","Philosopher\u0027s Stone","Omamori","Happy Flower","Pen Nib","champ:DefensiveTrainingManual","Mummified Hand"],"acts_visited":["Exordium","TheCity","TheBeyond","TheEnding"],"potions_floor_usage":[23,23,29,33,37,49,52,55,55],"damage_taken":[{"damage":7,"enemies":"Jaw Worm","floor":2,"turns":4},{"damage":30,"enemies":"Cultist","floor":3,"turns":5},{"damage":17,"enemies":"downfall:FleeingMerchant","floor":4,"turns":4},{"damage":7,"enemies":"2 Louse","floor":5,"turns":3},{"damage":13,"enemies":"Blue Slaver","floor":10,"turns":4},{"damage":21,"enemies":"Gremlin Nob","floor":13,"turns":3},{"damage":9,"enemies":"2 Fungi Beasts","floor":14,"turns":2},{"damage":25,"enemies":"Exordium Thugs","floor":15,"turns":3},{"damage":51,"enemies":"downfall:Ironclad","floor":16,"turns":4},{"damage":14,"enemies":"Spheric Guardian","floor":19,"turns":2},{"damage":22,"enemies":"Shell Parasite","floor":20,"turns":3},{"damage":31,"enemies":"3 Cultists","floor":21,"turns":4},{"damage":74,"enemies":"Gremlin Leader","floor":23,"turns":7},{"damage":30,"enemies":"Book of Stabbing","floor":25,"turns":4},{"damage":21,"enemies":"Shelled Parasite and Fungi","floor":26,"turns":3},{"damage":52,"enemies":"downfall:FleeingMerchant","floor":28,"turns":4},{"damage":41,"enemies":"Slavers","floor":29,"turns":2},{"damage":34,"enemies":"Centurion and Healer","floor":32,"turns":3},{"damage":73,"enemies":"downfall:Defect","floor":33,"turns":7},{"damage":65,"enemies":"3 Shapes","floor":36,"turns":2},{"damage":34,"enemies":"Orb Walker","floor":37,"turns":2},{"damage":32,"enemies":"3 Darklings","floor":38,"turns":3},{"damage":23,"enemies":"Jaw Worm Horde","floor":44,"turns":3},{"damage":16,"enemies":"Sphere and 2 Shapes","floor":47,"turns":2},{"damage":40,"enemies":"Maw","floor":48,"turns":5},{"damage":37,"enemies":"4 Shapes","floor":49,"turns":3},{"damage":53,"enemies":"downfall:Watcher","floor":50,"turns":6},{"damage":85,"enemies":"downfall:CharBossMerchant","floor":52,"turns":6},{"damage":168,"enemies":"downfall:NeowBoss","floor":55,"turns":17}],"seed_played":"-2881753229582051070","potions_obtained":[{"floor":3,"key":"sneckomod:MuddlingPotion"},{"floor":5,"key":"FairyPotion"},{"floor":16,"key":"DuplicationPotion"},{"floor":21,"key":"Weak Potion"},{"floor":25,"key":"Dexterity Potion"},{"floor":26,"key":"Explosive Potion"},{"floor":29,"key":"Fire Potion"},{"floor":32,"key":"Slimebound:ThreeZeroPotion"},{"floor":33,"key":"Weak Potion"},{"floor":36,"key":"Ancient Potion"},{"floor":37,"key":"Fruit Juice"},{"floor":38,"key":"Regen Potion"},{"floor":43,"key":"DuplicationPotion"},{"floor":49,"key":"SteroidPotion"},{"floor":52,"key":"FearPotion"}],"is_trial":false,"path_per_floor":["R","M","M","$","M","R","T","?","R","M","R","?","E","M","M","B",null,"R","M","M","M","?","E","T","E","M","R","$","E","R","?","M","B",null,"R","M","M","M","$","R","T","R","?","M","$","?","M","M","M","B",null,"E","$","R","B",null],"character_chosen":"THE_CHAMP","items_purchased":["Vajra","Matryoshka","champ:EnragedBash","Pen Nib","champ:RecklessLeap","champ:OpenerPotion"],"campfire_rested":1,"item_purchase_floors":[28,28,28,45,53,53],"current_hp_per_floor":[99,97,84,84,82,82,82,82,82,78,78,78,70,70,61,43,99,99,99,99,99,99,58,58,57,57,67,69,57,57,57,50,31,109,109,87,94,96,96,96,96,96,96,96,96,96,98,100,93,88,114,70,70,104,79],"gold":7,"neow_bonus":"TEN_PERCENT_HP_BONUS","is_daily":false,"chose_seed":false,"campfire_upgraded":9,"win_rate":0.0,"timestamp":1609880343,"path_taken":["R","M","M","$","M","R","T","?","R","?","R","?","E","M","M","BOSS","R","M","M","M","?","E","T","E","M","R","$","E","R","?","M","BOSS","R","M","M","M","$","R","T","R","?","?","$","?","?","M","M","BOSS","E","$","R","BOSS"],"items_purchased_type":["Relic","Relic","Card","Relic","Card","Potion"],"build_version":"2020-12-22","purchased_purges":2,"victory":true,"max_hp_per_floor":[99,99,99,99,99,99,99,99,99,99,99,99,99,99,99,99,99,99,99,99,99,99,99,99,99,99,109,109,109,109,109,109,109,109,109,109,114,114,114,114,114,114,114,114,114,114,114,114,114,114,114,114,114,114,114],"card_choices":[{"not_picked":["champ:TornadoPunch","champ:BringItOn"],"picked":"champ:BerserkerStyle","floor":2},{"not_picked":["champ:DefensiveShout","champ:CrookedStrike","champ:Haymaker"],"picked":"SKIP","floor":3},{"not_picked":["champ:Haymaker","champ:BerserkerStyle","champ:GladiatorStyle"],"picked":"SKIP","floor":4},{"not_picked":["champ:TornadoPunch","champ:EnGarde","champ:StanceDance"],"picked":"SKIP","floor":5},{"not_picked":["champ:CrookedStrike","champ:DeathBlow"],"picked":"champ:Encircle","floor":10},{"not_picked":["champ:EndlessRage","champ:DefensiveStyle"],"picked":"champ:AdrenalArmor","floor":13},{"not_picked":["champ:ShieldThrow","champ:CrookedStrike"],"picked":"champ:Encircle","floor":14},{"not_picked":["champ:PerfectedStrike","champ:BladeFlurry","champ:TornadoPunch"],"picked":"SKIP","floor":15},{"not_picked":["champ:IgnorePain","champ:PerfectForm"],"picked":"champ:HoldFirm","floor":16},{"not_picked":["champ:Haymaker","champ:Circumvent","champ:DefensiveShout"],"picked":"SKIP","floor":19},{"not_picked":["champ:GladiatorsShout","champ:FanOfKnives","champ:FalseCounter"],"picked":"SKIP","floor":20},{"not_picked":["champ:GladiatorsShout","champ:Circumvent","champ:PerfectedStrike"],"picked":"SKIP","floor":21},{"not_picked":["champ:DefensiveShout+1","champ:Shatter"],"picked":"champ:SwordThrow","floor":23},{"not_picked":["champ:DefensiveShout","champ:Circumvent+1"],"picked":"champ:Encircle+1","floor":25},{"not_picked":["champ:BladeFlurry","champ:Haymaker"],"picked":"champ:ArenaPreparation","floor":26},{"not_picked":["champ:PerfectedStrike","champ:GutPunch","champ:FocusedGladiator"],"picked":"SKIP","floor":28},{"not_picked":["champ:ViciousMockery","champ:FalseCounter","champ:BringItOn"],"picked":"SKIP","floor":29},{"not_picked":["champ:GutPunch+1","champ:Improvising","champ:Circumvent+1"],"picked":"SKIP","floor":32},{"not_picked":["champ:HoldFirm","champ:CheapShot"],"picked":"champ:LastStand","floor":33},{"not_picked":["champ:PerfectedStrike+1","champ:BerserkerStyle+1","champ:DefensiveShout"],"picked":"SKIP","floor":36},{"not_picked":["champ:GladiatorsShout+1","champ:FocusedDefense","champ:Duel"],"picked":"SKIP","floor":37},{"not_picked":["champ:FanOfKnives","champ:CrookedStrike"],"picked":"champ:EnragedBash+1","floor":38},{"not_picked":["champ:DefensiveShout+1","champ:CrookedStrike","champ:HoldFirm"],"picked":"SKIP","floor":44},{"not_picked":["champ:PerfectedStrike+1","champ:TornadoPunch","champ:AdrenalArmor"],"picked":"SKIP","floor":47},{"not_picked":["champ:Encircle","champ:FanOfKnives"],"picked":"champ:BerserkersShout","floor":48},{"not_picked":["champ:CheapShot","champ:Circumvent","champ:TornadoPunch+1"],"picked":"SKIP","floor":49},{"not_picked":["champ:PerfectedStrike+1","champ:Riposte"],"picked":"champ:IgnorePain","floor":52}],"player_experience":127904,"relics_obtained":[{"floor":7,"key":"Mercury Hourglass"},{"floor":13,"key":"InkBottle"},{"floor":23,"key":"White Beast Statue"},{"floor":23,"key":"Blood Vial"},{"floor":25,"key":"PreservedInsect"},{"floor":25,"key":"Nunchaku"},{"floor":29,"key":"Blue Candle"},{"floor":29,"key":"Juzu Bracelet"},{"floor":41,"key":"Omamori"},{"floor":41,"key":"Happy Flower"},{"floor":52,"key":"champ:DefensiveTrainingManual"},{"floor":52,"key":"Mummified Hand"}],"event_choices":[{"damage_healed":0,"gold_gain":0,"player_choice":"Ignored","damage_taken":0,"max_hp_gain":0,"max_hp_loss":0,"event_name":"Ghosts","floor":22,"gold_loss":0},{"damage_healed":0,"gold_gain":0,"player_choice":"Got Potions","damage_taken":0,"max_hp_gain":0,"max_hp_loss":0,"event_name":"Lab","floor":43,"gold_loss":0}],"is_beta":false,"boss_relics":[{"not_picked":["Runic Dome","Velvet Choker"],"picked":"Black Star"},{"not_picked":["Tiny House","Sozu"],"picked":"Philosopher\u0027s Stone"}],"items_purged_floors":[4,39],"is_endless":false,"potions_floor_spawned":[3,5,16,21,25,26,28,29,32,33,36,37,38,44,47,48,49,52],"ascension_level":0}}