{"host":"yp47u74hk6n79vj1","time":1609877481,"event":{"mods":["BaseMod","Colored Map","Highlight Path","Minty Spire (QoL Compilation)"],"gold_per_floor":[118,193,193,193,143,143,161,188,239,239,239],"floor_reached":10,"playtime":249,"items_purged":[],"score":74,"play_id":"afa9c77e-cffa-461c-893e-9188cea2874f","local_time":"20210105151121","is_ascension_mode":true,"campfire_choices":[{"data":"Shrug It Off","floor":6,"key":"SMITH"}],"circlet_count":0,"master_deck":["Strike_R","Strike_R","Strike_R","Strike_R","Strike_R","Defend_R","Defend_R","Defend_R","Shrug It Off+1","Inflame"],"relics":["Burning Blood","White Beast Statue","HornCleat","Lantern"],"acts_visited":["Exordium"],"potions_floor_usage":[8,10],"damage_taken":[{"damage":8,"enemies":"Jaw Worm","floor":1,"turns":4},{"damage":0,"enemies":"2 Louse","floor":7,"turns":3},{"damage":55,"enemies":"3 Sentries","floor":8,"turns":13},{"damage":27,"enemies":"Lagavulin","floor":10,"turns":6}],"seed_played":"3283926731882075032","potions_obtained":[{"floor":7,"key":"DistilledChaos"},{"floor":8,"key":"Block Potion"}],"is_trial":false,"path_per_floor":["M","?","?","T","?","R","M","E","T","E"],"character_chosen":"IRONCLAD","items_purchased":[],"campfire_rested":0,"item_purchase_floors":[],"current_hp_per_floor":[86,75,68,68,68,68,74,25,25,0,0],"gold":239,"neow_bonus":"TEN_PERCENT_HP_BONUS","is_daily":false,"chose_seed":false,"campfire_upgraded":1,"win_rate":0.0,"timestamp":1609877481,"path_taken":["M","?","?","?","?","R","M","E","T","E"],"items_purchased_type":[],"build_version":"2020-12-22","purchased_purges":0,"victory":false,"max_hp_per_floor":[88,88,88,88,88,88,88,88,88,88,88],"card_choices":[{"not_picked":["Headbutt","Sword Boomerang"],"picked":"Shrug It Off","floor":1},{"not_picked":["Pommel Strike","Clothesline","Headbutt"],"picked":"SKIP","floor":7},{"not_picked":["Perfected Strike","Carnage"],"picked":"Inflame","floor":8}],"player_experience":596885,"relics_obtained":[{"floor":4,"key":"White Beast Statue"},{"floor":8,"key":"HornCleat"},{"floor":9,"key":"Lantern"}],"event_choices":[{"damage_healed":0,"gold_gain":75,"player_choice":"Gather Gold","damage_taken":11,"max_hp_gain":0,"max_hp_loss":0,"event_name":"World of Goop","floor":2,"gold_loss":0},{"cards_removed":["Bash"],"damage_healed":0,"gold_gain":0,"player_choice":"Card Removal","damage_taken":7,"max_hp_gain":0,"max_hp_loss":0,"event_name":"Golden Wing","floor":3,"gold_loss":0},{"cards_removed":["Defend_R"],"damage_healed":0,"gold_gain":0,"player_choice":"Card Removal","damage_taken":0,"max_hp_gain":0,"max_hp_loss":0,"event_name":"The Cleric","floor":5,"gold_loss":50}],"is_beta":false,"boss_relics":[],"items_purged_floors":[],"is_endless":false,"potions_floor_spawned":[7,8],"killed_by":"Lagavulin","ascension_level":3}}