{"host":"788p3pvxhs5s9n7p","time":1609865818,"event":{"mods":["AchievementEnabler","BaseMod","Downfall","Hubris","Minty Spire (QoL Compilation)","READ ME - Guardian Mod","Replay The Spire","StSLib","The Jungle"],"gold_per_floor":[111,111,130,130,130,163,163,234,234,38,56,56,56,76,76,180,180,195,213,231,231,241,241,241],"floor_reached":23,"playtime":1728,"items_purged":["Defend_R"],"score":227,"play_id":"69b59e35-e7a8-49ce-bbec-540e785933ba","local_time":"20210105105658","is_ascension_mode":true,"campfire_choices":[{"data":"Evolve","floor":7,"key":"SMITH"},{"data":"Dark Embrace","floor":13,"key":"SMITH"},{"data":"Juggernaut","floor":15,"key":"SMITH"}],"circlet_count":0,"master_deck":["Strike_R","Strike_R","Strike_R","Strike_R","Defend_R","Defend_R","Defend_R","Bash+1","Flex","True Grit","Evolve+1","Dark Embrace+1","Power Through","Juggernaut+1","Ghostly Armor","Barricade","Flame Barrier+1","Body Slam","Armaments+1","Warcry"],"relics":["Burning Blood","NeowsBlessing","Champion Belt","ReplayFunnel","Quantum Egg","hubris:TerracottaHorce"],"acts_visited":["Exordium","Exordium"],"potions_floor_usage":[11,14,20,23],"damage_taken":[{"damage":0,"enemies":"Jaw Worm","floor":1,"turns":1},{"damage":0,"enemies":"Small Slimes","floor":3,"turns":1},{"damage":0,"enemies":"Lagavulin","floor":6,"turns":1},{"damage":0,"enemies":"Cultist","floor":11,"turns":3},{"damage":7,"enemies":"Blue Slaver","floor":14,"turns":5},{"damage":34,"enemies":"Slime Boss","floor":16,"turns":13},{"damage":17,"enemies":"theJungle:5_Spyders","floor":18,"turns":17},{"damage":1,"enemies":"theJungle:Flameango_and_Byrd","floor":19,"turns":7},{"damage":17,"enemies":"theJungle:Snecko_Cultist_And_Trap","floor":20,"turns":6},{"damage":19,"enemies":"theJungle:SlimyTreeVines","floor":22,"turns":9},{"damage":51,"enemies":"theJungle:MamaSnecko","floor":23,"turns":4}],"seed_played":"-7300866329932058282","potions_obtained":[{"floor":6,"key":"sneckomod:MuddlingPotion"},{"floor":16,"key":"Strength Potion"},{"floor":20,"key":"Block Potion"}],"is_trial":false,"path_per_floor":["M","?","M","?","?","E","R","?","T","$","M","?","R","M","R","B",null,"M","M","M","?","M","E"],"character_chosen":"IRONCLAD","items_purchased":["Dark Embrace","Energy Potion"],"campfire_rested":0,"item_purchase_floors":[10,10],"current_hp_per_floor":[80,80,80,80,62,68,68,68,68,68,74,74,74,73,73,45,71,60,65,54,54,47,0,0],"gold":241,"neow_bonus":"THREE_ENEMY_KILL","is_daily":false,"chose_seed":false,"campfire_upgraded":3,"win_rate":0.0,"timestamp":1609865818,"path_taken":["M","?","M","?","?","E","R","?","T","$","?","?","R","M","R","BOSS","M","?","M","?","M","E"],"items_purchased_type":["Card","Potion"],"build_version":"2020-12-22","purchased_purges":1,"victory":false,"max_hp_per_floor":[80,80,80,80,80,80,80,80,80,80,80,80,80,80,80,80,80,80,80,80,80,80,80,80],"card_choices":[{"not_picked":["Inflame","Run Through"],"picked":"Flex","floor":1},{"not_picked":["Heavy Blade","Perfected Strike"],"picked":"True Grit","floor":3},{"not_picked":["Wild Strike","Spot Weakness"],"picked":"Evolve","floor":6},{"not_picked":["Clash","Run Through"],"picked":"Power Through","floor":11},{"not_picked":["Dropkick","Shrug It Off"],"picked":"Ghostly Armor","floor":14},{"not_picked":["Double Tap","Demon Form"],"picked":"Barricade","floor":16},{"not_picked":["Anger","Replay:Undeath\u0027s Touch"],"picked":"Flame Barrier+1","floor":18},{"not_picked":["Flame Barrier","Heavy Blade"],"picked":"Body Slam","floor":19},{"not_picked":["Warcry","Replay:Undeath\u0027s Touch+1"],"picked":"Armaments+1","floor":20},{"not_picked":["Run Through","Wild Strike"],"picked":"Warcry","floor":22}],"player_experience":121287,"relics_obtained":[{"floor":6,"key":"ReplayFunnel"},{"floor":9,"key":"Quantum Egg"}],"event_choices":[{"damage_healed":0,"gold_gain":0,"player_choice":"Ignored","damage_taken":0,"max_hp_gain":0,"max_hp_loss":0,"event_name":"Liars Game","floor":2,"gold_loss":0},{"damage_healed":0,"gold_gain":0,"player_choice":"Success","damage_taken":18,"relics_obtained":["Champion Belt"],"max_hp_gain":0,"max_hp_loss":0,"event_name":"Scrap Ooze","floor":5,"gold_loss":0},{"damage_healed":0,"gold_gain":71,"player_choice":"Gained Gold","damage_taken":0,"max_hp_gain":0,"max_hp_loss":0,"event_name":"Golden Wing","floor":8,"gold_loss":0},{"damage_healed":0,"gold_gain":0,"cards_transformed":["Strike_R"],"player_choice":"Transformed","damage_taken":0,"max_hp_gain":0,"max_hp_loss":0,"event_name":"Transmorgrifier","floor":12,"gold_loss":0,"cards_obtained":["Juggernaut"]}],"is_beta":false,"boss_relics":[{"not_picked":["Tiny House","Replay:Grab Bag"],"picked":"hubris:TerracottaHorce"}],"items_purged_floors":[10],"is_endless":false,"potions_floor_spawned":[6,16,20],"killed_by":"theJungle:MamaSnecko","ascension_level":1}}