{"host":"7trwizmysqu3yl6m","time":1609883151,"event":{"mods":["Act Like it!","BaseMod","Downfall","Gensokyo","Hallownest","Minty Spire (QoL Compilation)","StSLib","The Animator","The Bug Knight"],"gold_per_floor":[118,118,118,118,150,150,173,173,173,205,220,259,11,11,11,108,158,145,145,145,244,244,244,1079,1098,1098,1117,1135,1148,1148,1168,1168,1168,1168],"floor_reached":33,"playtime":2625,"items_purged":[],"score":282,"play_id":"2006e62a-5b35-49f3-8519-273ebbe20ddb","local_time":"20210105224551","is_ascension_mode":false,"campfire_choices":[{"data":"animator:Jibril","floor":6,"key":"SMITH"},{"data":"animator:Rider","floor":8,"key":"SMITH"},{"data":"animator:Caster","floor":15,"key":"SMITH"},{"floor":23,"key":"REST"},{"data":"animator:DolaStephanie","floor":30,"key":"SMITH"},{"floor":32,"key":"REST"}],"circlet_count":0,"master_deck":["animator:Strike_Fate","animator:Defend_Fate","animator:Strike","animator:Strike","animator:Strike","animator:Defend","animator:Defend","animator:Defend+1","animator:Alexander","animator:Rider+1","Clumsy","animator:Jibril+1","animator:ShinjiMatou","animator:Caster+1","animator:DolaCouronne","animator:DolaStephanie+1","animator:Envy","animator:CowGirl","animator:YaoHaDucy+1","animator:SakuraMatou","animator:RinTohsaka"],"relics":["animator:LivingPicture","animator:TheMissingPiece","NeowsBlessing","Gensokyo:YoukaiFlower","Gensokyo:NagashiBinaDoll","Gensokyo:CelestialsFlawlessClothing","Pantograph","Blood Vial","Lantern","animator:WizardHat","Tiny House","Nilry\u0027s Codex","Old Coin","animator:AlchemistGlove","Darkstone Periapt"],"acts_visited":["Exordium","TheCity"],"potions_floor_usage":[24,24,25,25],"damage_taken":[{"damage":0,"enemies":"Gensokyo:Python","floor":1,"turns":1},{"damage":0,"enemies":"Gensokyo:3_Fairies","floor":5,"turns":1},{"damage":0,"enemies":"Gensokyo:Gryphon","floor":7,"turns":1},{"damage":34,"enemies":"Gensokyo:Mamizou","floor":10,"turns":13},{"damage":35,"enemies":"Gensokyo:LivingMonolith","floor":11,"turns":6},{"damage":19,"enemies":"Gensokyo:Aya","floor":12,"turns":8},{"damage":37,"enemies":"Gensokyo:Yukari","floor":16,"turns":13},{"damage":38,"enemies":"2 Thieves","floor":18,"turns":4},{"damage":26,"enemies":"Chosen","floor":24,"turns":8},{"damage":6,"enemies":"Snake Plant","floor":25,"turns":9},{"damage":0,"enemies":"Sentry and Sphere","floor":27,"turns":4},{"damage":37,"enemies":"Shelled Parasite and Fungi","floor":28,"turns":7},{"damage":15,"enemies":"Centurion and Healer","floor":29,"turns":7},{"damage":18,"enemies":"Snecko","floor":31,"turns":6},{"damage":167,"enemies":"Champ","floor":33,"turns":17}],"seed_played":"4081686913805820186","potions_obtained":[{"floor":7,"key":"Fire Potion"},{"floor":17,"key":"GamblersBrew"},{"floor":18,"key":"PowerPotion"},{"floor":24,"key":"Swift Potion"},{"floor":28,"key":"SteroidPotion"}],"is_trial":false,"path_per_floor":["M","?","?","?","M","R","M","R","T","E","M","E","COS","?","R","B",null,"M","?","?","?","?","R","M","M","T","M","M","M","R","M","R","B"],"character_chosen":"THE_ANIMATOR","items_purchased":[],"campfire_rested":2,"item_purchase_floors":[],"current_hp_per_floor":[66,66,66,50,50,50,50,50,50,17,60,43,43,43,43,31,73,35,35,19,19,6,29,5,1,1,78,41,29,29,13,36,0,0],"gold":1168,"neow_bonus":"THREE_ENEMY_KILL","is_daily":false,"chose_seed":false,"campfire_upgraded":4,"win_rate":0.0,"timestamp":1609883151,"path_taken":["M","?","?","?","M","R","M","R","T","E","M","E","COS","?","R","BOSS","M","?","?","?","?","R","M","M","T","?","M","M","R","M","R","BOSS"],"items_purchased_type":[],"build_version":"2020-12-22","purchased_purges":0,"victory":false,"max_hp_per_floor":[66,66,66,66,66,66,66,66,66,67,68,68,68,68,68,68,73,73,73,73,73,78,78,78,78,78,78,78,79,79,79,79,79,79],"card_choices":[{"not_picked":["animator:Mikaela","animator:RoryMercury"],"picked":"animator:Sloth","floor":1},{"not_picked":["animator:Kuribayashi","animator:GuildGirl"],"picked":"animator:Jibril","floor":5},{"not_picked":["animator:HiiragiShinya","animator:DolaRiku"],"picked":"animator:ShinjiMatou","floor":7},{"not_picked":["animator:RinTohsaka","animator:Assassin"],"picked":"animator:Caster","floor":10},{"not_picked":["animator:DolaSchwi","animator:Shinoa"],"picked":"animator:DolaCouronne","floor":11},{"not_picked":["animator:Guren","animator:Kuribayashi"],"picked":"animator:DolaStephanie","floor":12},{"not_picked":["animator:HigakiRinne","animator:Father"],"picked":"animator:Envy","floor":16},{"not_picked":["animator:Kuribayashi","animator:FielNirvalen"],"picked":"animator:CowGirl","floor":17},{"not_picked":["animator:UneriGinkaku","animator:Tyuule"],"picked":"animator:YaoHaDucy+1","floor":18},{"not_picked":["animator:Lancer","animator:Alexander"],"picked":"animator:SakuraMatou","floor":24},{"not_picked":["animator:Lancer","animator:ElricEdward","animator:Yoichi"],"picked":"SKIP","floor":25},{"not_picked":["animator:Arpeggio","animator:Gluttony","animator:Hitei"],"picked":"SKIP","floor":27},{"not_picked":["animator:YaoHaDucy","animator:Jibril","animator:Nanami"],"picked":"SKIP","floor":28},{"not_picked":["animator:Assassin","animator:Rider"],"picked":"animator:RinTohsaka","floor":29},{"not_picked":["animator:Sloth+1","animator:DwarfShaman","animator:Spearman"],"picked":"SKIP","floor":31}],"player_experience":403356,"relics_obtained":[{"floor":9,"key":"Pantograph"},{"floor":10,"key":"Blood Vial"},{"floor":12,"key":"Lantern"},{"floor":20,"key":"Nilry\u0027s Codex"},{"floor":26,"key":"Darkstone Periapt"}],"event_choices":[{"cards_removed":["Injury"],"damage_healed":0,"gold_gain":0,"player_choice":"Elegance","damage_taken":0,"max_hp_gain":0,"max_hp_loss":0,"event_name":"Back to Basics","floor":19,"gold_loss":0},{"damage_healed":0,"gold_gain":0,"player_choice":"Obtained Book","damage_taken":16,"max_hp_gain":0,"max_hp_loss":0,"event_name":"Cursed Tome","floor":20,"gold_loss":0},{"damage_healed":0,"gold_gain":99,"player_choice":"Stole From Cult","damage_taken":0,"max_hp_gain":0,"max_hp_loss":0,"event_name":"Nest","floor":21,"gold_loss":0},{"damage_healed":0,"gold_gain":0,"player_choice":"Shed Blood","damage_taken":18,"max_hp_gain":5,"max_hp_loss":0,"event_name":"Forgotten Altar","floor":22,"gold_loss":0}],"is_beta":false,"boss_relics":[{"not_picked":["Runic Dome","animator:CursedBlade"],"picked":"Tiny House"}],"items_purged_floors":[],"is_endless":false,"potions_floor_spawned":[7,18,24,28],"killed_by":"Champ","ascension_level":0}}