{"host":"7qf1todfnxspvw7w","time":1609819717,"event":{"mods":["BaseMod","BetterRewards","Block Reminder","Colored Powertips","Disable Question Mark Monsters","Displayed Cursed Tome","Downfall","Gold Saver","Googly Eyes","Infinite Spire","Ironclad Rager","Lobotomy","Minty Spire (QoL Compilation)","Rare Cards Sparkle","Relic Stats","Reorder Act Four","Replay The Spire","SacredBarkPlus","Shop Mod","StSLib","Uncapped"],"gold_per_floor":[902,914,914,932,1088,1088,1088,1088,1098,948,948,948,974,988,1001,1099,1099,1174,1192,1192,1192,1211,1211,1211,1230,1230,1230,1230,1230,1230,1261,1261,1118,1118],"floor_reached":35,"playtime":1101,"items_purged":[],"score":1103,"play_id":"b537625c-9bde-442b-8eaa-7f4153b04251","local_time":"20210105070837","is_ascension_mode":false,"campfire_choices":[{"data":"expansioncontent:Collect","floor":1,"key":"SMITH"},{"floor":8,"key":"RECALL"},{"floor":10,"key":"REST"},{"floor":12,"key":"REST"},{"floor":23,"key":"REST"},{"floor":26,"key":"REST"},{"floor":32,"key":"REST"}],"circlet_count":0,"master_deck":["Limit Break+1","Logging+1","Logging+1","Logging+1","Logging+1"],"relics":["Slimebound:AbsorbEndCombat","Sozu","Sozu","Sozu","Sozu","Unceasing Top","Orichalcum","downfall:HeartBlessingRed","downfall:HeartBlessingBlue","StrikeDummy","downfall:HeartBlessingGreen","MutagenicStrength","MutagenicStrength","MutagenicStrength","Singing Bowl","ReplayFunnel","DollysMirror"],"acts_visited":["Exordium","TheCity","TheBeyond","TheEnding"],"potions_floor_usage":[],"damage_taken":[{"damage":3,"enemies":"Small Slimes","floor":2,"turns":2},{"damage":4,"enemies":"Cultist","floor":4,"turns":3},{"damage":13,"enemies":"downfall:FleeingMerchant","floor":5,"turns":4},{"damage":0,"enemies":"Jaw Worm","floor":9,"turns":1},{"damage":0,"enemies":"Replay:BlueRogue","floor":13,"turns":1},{"damage":0,"enemies":"Red Slaver","floor":14,"turns":1},{"damage":0,"enemies":"Blue Slaver","floor":15,"turns":1},{"damage":0,"enemies":"downfall:Watcher","floor":16,"turns":1},{"damage":0,"enemies":"Shell Parasite","floor":19,"turns":1},{"damage":0,"enemies":"Centurion and Healer","floor":20,"turns":1},{"damage":0,"enemies":"Chosen and Byrds","floor":22,"turns":1},{"damage":0,"enemies":"Shelled Parasite and Fungi","floor":25,"turns":1},{"damage":0,"enemies":"downfall:Ironclad","floor":28,"turns":1},{"damage":7,"enemies":"downfall:CharBossMerchant","floor":31,"turns":2},{"damage":0,"enemies":"downfall:NeowBoss","floor":34,"turns":7}],"seed_played":"-792278014501719474","potions_obtained":[{"floor":2,"key":"Swift Potion"}],"is_trial":false,"path_per_floor":["R","M","?","M","$","?","T","R","M","R","?","R","E","M","M","B",null,"R","M","M","$","M","R","T","M","R","M","B",null,null,"E","R","$","B",null],"character_chosen":"SLIMEBOUND","items_purchased":["Orichalcum","DollysMirror"],"campfire_rested":5,"item_purchase_floors":[5,33],"current_hp_per_floor":[60,57,62,58,45,45,45,45,45,75,75,75,75,75,75,75,75,75,75,75,75,75,75,75,75,75,75,75,75,75,70,77,77,77],"gold":1118,"neow_bonus":"RANDOM_COLORLESS","is_daily":false,"chose_seed":false,"campfire_upgraded":1,"win_rate":0.0,"timestamp":1609819717,"path_taken":["R","M","?","M","$","?","T","R","?","R","?","R","E","M","M","BOSS","R","M","M","$","?","R","T","M","R","M","BOSS","E","R","$","BOSS"],"items_purchased_type":["Relic","Relic"],"build_version":"2020-12-22","purchased_purges":0,"victory":true,"max_hp_per_floor":[60,60,65,65,65,65,65,65,65,75,75,75,75,75,75,75,75,75,75,75,75,75,75,75,75,75,75,75,75,75,77,77,77,77],"relic_stats":{"Sozu":3,"Singing Bowl":2,"counters":[16,29],"Orichalcum":[48],"obtain_stats":[{"ReplayFunnel":31,"downfall:HeartBlessingRed":10,"Singing Bowl":24,"Vajra":0,"downfall:HeartBlessingGreen":18,"Orichalcum":5,"Sozu":4,"downfall:HeartBlessingBlue":10,"DollysMirror":33,"MutagenicStrength":20,"Slimebound:AbsorbEndCombat":0,"StrikeDummy":13,"Unceasing Top":5},{"ReplayFunnel":15,"downfall:HeartBlessingRed":4,"Singing Bowl":11,"Vajra":0,"downfall:HeartBlessingGreen":8,"Orichalcum":3,"Sozu":2,"downfall:HeartBlessingBlue":4,"DollysMirror":15,"MutagenicStrength":10,"Slimebound:AbsorbEndCombat":0,"StrikeDummy":5,"Unceasing Top":3},{"ReplayFunnel":22,"downfall:HeartBlessingRed":10,"Singing Bowl":17,"Vajra":0,"downfall:HeartBlessingGreen":14,"Orichalcum":9,"Sozu":5,"downfall:HeartBlessingBlue":10,"DollysMirror":22,"MutagenicStrength":16,"Slimebound:AbsorbEndCombat":0,"StrikeDummy":11,"Unceasing Top":9}],"Unceasing Top":[1]},"card_choices":[{"not_picked":["Panacea","Replay:SS_forest_2"],"picked":"expansioncontent:Collect","floor":0},{"not_picked":["Slimebound:SplitMire","Slimebound:LeechingTouch","Slimebound:SlimeSpikes"],"picked":"SKIP","floor":2},{"not_picked":["Slimebound:LeechEnergy","Slimebound:SplitAcid","Slimebound:Chomp"],"picked":"SKIP","floor":4},{"not_picked":["Slimebound:PressTheAttack","Slimebound:Dissolve","Slimebound:Schlurp"],"picked":"SKIP","floor":5},{"not_picked":["Slimebound:FinishingTackle","Slimebound:LeechingTouch","Slimebound:DisruptingSlam"],"picked":"SKIP","floor":9},{"not_picked":["Slimebound:SlimeSlap","Slimebound:Dissolve","Slimebound:SlimeTap"],"picked":"SKIP","floor":13},{"not_picked":["Slimebound:SplitAcid","Slimebound:SlimeBarrage","Slimebound:ViciousTackle"],"picked":"SKIP","floor":14},{"not_picked":["Slimebound:Replication","Slimebound:LeechEnergy","Slimebound:DivideAndConquer"],"picked":"SKIP","floor":15},{"not_picked":["Slimebound:ViciousTackle","Slimebound:ComboTackle+1","Slimebound:SamplingLick"],"picked":"SKIP","floor":19},{"not_picked":["Slimebound:RollThrough","Slimebound:FinishingTackle+1","Slimebound:SplitMire+1"],"picked":"SKIP","floor":20},{"not_picked":["Slimebound:GoopTackle","Slimebound:HauntingLick","Slimebound:SlimeTap"],"picked":"SKIP","floor":22},{"not_picked":["Slimebound:ComboTackle","Slimebound:FinishingTackle","Slimebound:SplitAcid"],"picked":"SKIP","floor":25},{"not_picked":["Slimebound:GoopSpray+1","Slimebound:SplitLeeching+1","Slimebound:RollThrough"],"picked":"Singing Bowl","floor":31}],"player_experience":521109,"relics_obtained":[{"floor":13,"key":"StrikeDummy"},{"floor":24,"key":"Singing Bowl"},{"floor":31,"key":"ReplayFunnel"}],"event_choices":[{"damage_healed":0,"gold_gain":0,"player_choice":"Donut","damage_taken":0,"max_hp_gain":5,"max_hp_loss":0,"event_name":"Big Fish","floor":3,"gold_loss":0},{"damage_healed":0,"gold_gain":0,"player_choice":"Ignored","damage_taken":0,"max_hp_gain":0,"max_hp_loss":0,"event_name":"Purifier","floor":6,"gold_loss":0},{"cards_removed":["Logging"],"damage_healed":0,"gold_gain":0,"player_choice":"Offered Uncommon","damage_taken":0,"max_hp_gain":0,"max_hp_loss":0,"event_name":"Bonfire Elementals","floor":11,"gold_loss":0},{"damage_healed":0,"gold_gain":0,"player_choice":"Took Portal","damage_taken":0,"max_hp_gain":0,"max_hp_loss":0,"event_name":"SecretPortal","floor":27,"gold_loss":0}],"is_beta":false,"boss_relics":[{"not_picked":["Slimebound:AbsorbEndCombatUpgraded","ChewingGum","Coffee Dripper"]}],"items_purged_floors":[],"is_endless":false,"potions_floor_spawned":[2,14,15,20,25,31],"ascension_level":0}}