{"host":"g01l53quoe6lrer0","time":1609876344,"event":{"mods":["2.2 Compatiblity","AchievementEnabler","BaseMod","Colored Map","Highlight Path","Keyboard Shortcuts","Minty Spire (QoL Compilation)","Permanent Neow","Quick Restart","StSLib","SuperFastMode","everything is the same but u backflip on backflip"],"gold_per_floor":[111,123,142,28,42,75,75,101,154,154,154],"floor_reached":10,"playtime":211,"items_purged":["Strike_R"],"score":109,"play_id":"c3e94206-cca2-46d2-ae10-d0b0fb0b217c","local_time":"20210106045224","is_ascension_mode":true,"campfire_choices":[{"data":"Flex","floor":7.0,"key":"SMITH"}],"circlet_count":0,"master_deck":["Strike_R","Strike_R","Strike_R","Strike_R","Defend_R+1","Defend_R","Defend_R","Defend_R","Bash","Bludgeon","Flex+1","Twin Strike","Bloodletting","Pummel","Disarm+1"],"relics":["Burning Blood","Blood Vial","Meat on the Bone","War Paint"],"acts_visited":["Exordium"],"potions_floor_usage":[10],"damage_taken":[{"damage":1.0,"enemies":"2 Louse","floor":1.0,"turns":4.0},{"damage":0.0,"enemies":"Cultist","floor":2.0,"turns":2.0},{"damage":7.0,"enemies":"Jaw Worm","floor":3.0,"turns":2.0},{"damage":9.0,"enemies":"2 Fungi Beasts","floor":5.0,"turns":3.0},{"damage":42.0,"enemies":"Lagavulin","floor":6.0,"turns":7.0},{"damage":21.0,"enemies":"Gremlin Nob","floor":8.0,"turns":3.0},{"damage":0,"enemies":"3 Sentries","floor":10,"turns":1}],"seed_played":"5661925520330818256","potions_obtained":[{"floor":1.0,"key":"Dexterity Potion"},{"floor":2.0,"key":"ColorlessPotion"}],"is_trial":false,"path_per_floor":["M","M","M","$","M","E","R","E","T","E"],"character_chosen":"IRONCLAD","items_purchased":["Pummel"],"campfire_rested":0,"item_purchase_floors":[4],"current_hp_per_floor":[77,80,79,79,76,40,40,27,27,29,29],"gold":154,"neow_bonus":"ONE_RANDOM_RARE_CARD","is_daily":false,"chose_seed":false,"campfire_upgraded":1,"win_rate":0.0,"timestamp":1609876344,"path_taken":["M","M","M","$","M","E","R","E","T","E"],"items_purchased_type":["Card"],"build_version":"2020-12-22","purchased_purges":1,"victory":false,"max_hp_per_floor":[80,80,80,80,80,80,80,80,80,80,80],"card_choices":[{"not_picked":["Combust","Shockwave"],"picked":"Flex","floor":1.0},{"not_picked":["Warcry","Heavy Blade"],"picked":"Twin Strike","floor":2.0},{"not_picked":["Havoc","Metallicize"],"picked":"Bloodletting","floor":3.0},{"not_picked":["Carnage","Blood for Blood","Cleave"],"picked":"SKIP","floor":5.0},{"not_picked":["Fiend Fire","Searing Blow","Feel No Pain"],"picked":"SKIP","floor":6.0},{"not_picked":["Havoc","True Grit"],"picked":"Disarm","floor":8.0}],"player_experience":83605,"relics_obtained":[{"floor":6.0,"key":"Blood Vial"},{"floor":8.0,"key":"Meat on the Bone"},{"floor":9.0,"key":"War Paint"}],"event_choices":[],"is_beta":false,"boss_relics":[],"items_purged_floors":[4],"is_endless":false,"potions_floor_spawned":[1,2],"killed_by":"3 Sentries","ascension_level":8}}