{"host":"m77rrhbqzv44va4v","time":1609856238,"event":{"mods":["AchievementEnabler","BaseMod","Colored Map","DeckTracker","Keyboard Shortcuts","Minty Spire (QoL Compilation)","StSLib","SuperFastMode","everything is the same but u backflip on backflip"],"gold_per_floor":[118,129,148,28,28,71,71,71,71,37,78,78,150,174,174,174,174],"floor_reached":16,"playtime":239,"items_purged":["Strike_B"],"score":162,"play_id":"502c9f84-8ea3-465f-9d44-080fca0333bc","local_time":"20210105231718","is_ascension_mode":true,"campfire_choices":[{"floor":12,"key":"REST"},{"data":"Loop","floor":15,"key":"SMITH"}],"circlet_count":0,"master_deck":["AscendersBane","Strike_B","Strike_B","Strike_B","Defend_B","Defend_B","Defend_B","Defend_B","Zap","Dualcast","Turbo","Streamline","Loop+1","Cold Snap","Sweeping Beam","BootSequence","Consume"],"relics":["Cracked Core","NeowsBlessing","Golden Idol","Gremlin Horn","Bottled Flame","Bottled Tornado","Eternal Feather","InkBottle"],"acts_visited":["Exordium"],"potions_floor_usage":[6,11],"damage_taken":[{"damage":0,"enemies":"Cultist","floor":1,"turns":1},{"damage":0,"enemies":"Small Slimes","floor":2,"turns":1},{"damage":0,"enemies":"Jaw Worm","floor":3,"turns":1},{"damage":32,"enemies":"Gremlin Nob","floor":6,"turns":4},{"damage":4,"enemies":"3 Sentries","floor":11,"turns":8},{"damage":7,"enemies":"Looter","floor":14,"turns":3},{"damage":57,"enemies":"Slime Boss","floor":16,"turns":9}],"seed_played":"4629588615245514985","potions_obtained":[{"floor":2,"key":"Energy Potion"},{"floor":3,"key":"ColorlessPotion"}],"is_trial":false,"path_per_floor":["M","M","M","$","?","E","T","T","T","$","E","R","?","M","R","B"],"character_chosen":"DEFECT","items_purchased":["Cold Snap","BootSequence"],"campfire_rested":1,"item_purchase_floors":[4,10],"current_hp_per_floor":[68,68,68,68,50,18,18,18,18,18,14,45,45,38,47,0,0],"gold":174,"neow_bonus":"THREE_ENEMY_KILL","is_daily":false,"chose_seed":false,"campfire_upgraded":1,"win_rate":0.0,"timestamp":1609856238,"path_taken":["M","M","?","?","?","E","?","?","T","$","E","R","?","M","R","BOSS"],"items_purchased_type":["Card","Card"],"build_version":"2020-12-22","purchased_purges":1,"victory":false,"max_hp_per_floor":[75,75,75,75,75,75,75,75,75,75,75,75,75,75,75,75,75],"card_choices":[{"not_picked":["Barrage","Sunder"],"picked":"Turbo","floor":1},{"not_picked":["Turbo","Scrape"],"picked":"Streamline","floor":2},{"not_picked":["Steam","Chill"],"picked":"Loop","floor":3},{"not_picked":["Aggregate","Static Discharge"],"picked":"Sweeping Beam","floor":6},{"not_picked":["Gash","Sweeping Beam"],"picked":"Consume","floor":11},{"not_picked":["Turbo","Stack","Redo"],"picked":"SKIP","floor":14}],"player_experience":898677,"relics_obtained":[{"floor":6,"key":"Gremlin Horn"},{"floor":7,"key":"Bottled Flame"},{"floor":8,"key":"Bottled Tornado"},{"floor":9,"key":"Eternal Feather"},{"floor":11,"key":"InkBottle"}],"event_choices":[{"damage_healed":0,"gold_gain":0,"player_choice":"Take Damage","damage_taken":18,"relics_obtained":["Golden Idol"],"max_hp_gain":0,"max_hp_loss":0,"event_name":"Golden Idol","floor":5,"gold_loss":0},{"damage_healed":0,"gold_gain":72,"player_choice":"Gained Gold","damage_taken":0,"max_hp_gain":0,"max_hp_loss":0,"event_name":"Golden Wing","floor":13,"gold_loss":0}],"is_beta":false,"boss_relics":[],"items_purged_floors":[4],"is_endless":false,"potions_floor_spawned":[2,3],"killed_by":"Slime Boss","ascension_level":10}}