{"host":"fevvm7bbzuh4s1jc","time":1609884432,"event":{"mods":["BaseMod","Highlight Path","Minty Spire (QoL Compilation)","Relic Stats"],"gold_per_floor":[113,164,181,15,33,33,68,68,92,122,140,170,170,210,210,292,319,330,380,404,431,631,672,696,731,757,792,717,217,217,231,231,312,312,332,19,45,45,64,105,105,120,120,159,176,176,190,190,190,190,190,190,190,79,119,119],"floor_reached":57,"playtime":6412,"items_purged":["Strike_G","Strike_G"],"score":2971,"play_id":"b8dbb5d2-f80c-4945-9347-a83cc3345c49","local_time":"20210105170712","is_ascension_mode":true,"campfire_choices":[{"data":"Predator","floor":6.0,"key":"SMITH"},{"data":"Neutralize","floor":8.0,"key":"SMITH"},{"data":"Sucker Punch","floor":15,"key":"SMITH"},{"data":"Catalyst","floor":30,"key":"SMITH"},{"data":"Noxious Fumes","floor":32,"key":"SMITH"},{"data":"Ghostly","floor":41,"key":"SMITH"},{"data":"Ghostly","floor":46,"key":"SMITH"},{"floor":49,"key":"RECALL"},{"data":"Ghostly","floor":53,"key":"SMITH"}],"circlet_count":0,"master_deck":["AscendersBane","Defend_G","Defend_G","Defend_G","Defend_G","Defend_G","Survivor","Neutralize+1","Predator+1","Slice","Poisoned Stab","Terror","All Out Attack","PiercingWail","Noxious Fumes+1","Sucker Punch+1","Venomology","Sucker Punch+1","Crippling Poison+1","Glass Knife+1","Catalyst+1","Ghostly+1","Ghostly+1","Ghostly+1","Prepared+1","Blade Dance","PanicButton","Ghostly","Bouncing Flask","Malaise","Adrenaline","Prepared+1","Catalyst","Calculated Gamble+1","Blur+1","PiercingWail+1"],"relics":["Ring of the Snake","Toy Ornithopter","Orichalcum","Pen Nib","Omamori","Akabeko","Juzu Bracelet","CeramicFish","Astrolabe","HornCleat","Happy Flower","Strawberry","Art of War","DollysMirror","Runic Pyramid","Chemical X","Kunai","Darkstone Periapt","Ice Cream"],"acts_visited":["Exordium","TheCity","TheBeyond","TheEnding"],"potions_floor_usage":[14,18,20,20,23,25,27,27,31,33,35,39,42,44,50,51,51,56,56],"damage_taken":[{"damage":5.0,"enemies":"Jaw Worm","floor":1.0,"turns":6.0},{"damage":0.0,"enemies":"Small Slimes","floor":3.0,"turns":5.0},{"damage":5.0,"enemies":"Cultist","floor":5.0,"turns":4.0},{"damage":4.0,"enemies":"3 Sentries","floor":7.0,"turns":7.0},{"damage":14,"enemies":"Gremlin Nob","floor":10,"turns":4},{"damage":1,"enemies":"Red Slaver","floor":11,"turns":3},{"damage":11,"enemies":"Lagavulin","floor":12,"turns":5},{"damage":2,"enemies":"Gremlin Nob","floor":14,"turns":3},{"damage":16,"enemies":"The Guardian","floor":16,"turns":11},{"damage":13,"enemies":"2 Thieves","floor":18,"turns":3},{"damage":10,"enemies":"Shell Parasite","floor":20,"turns":4},{"damage":4,"enemies":"Book of Stabbing","floor":23,"turns":4},{"damage":3,"enemies":"Centurion and Healer","floor":24,"turns":7},{"damage":0,"enemies":"Slavers","floor":25,"turns":5},{"damage":34,"enemies":"Gremlin Leader","floor":27,"turns":8},{"damage":0,"enemies":"Chosen and Byrds","floor":31,"turns":4},{"damage":5,"enemies":"Collector","floor":33,"turns":7},{"damage":0,"enemies":"3 Shapes","floor":35,"turns":6},{"damage":3,"enemies":"3 Darklings","floor":37,"turns":5},{"damage":0,"enemies":"Transient","floor":39,"turns":6},{"damage":0,"enemies":"Reptomancer","floor":40,"turns":7},{"damage":2,"enemies":"Writhing Mass","floor":42,"turns":7},{"damage":0,"enemies":"Giant Head","floor":44,"turns":6},{"damage":0,"enemies":"Jaw Worm Horde","floor":45,"turns":4},{"damage":4,"enemies":"Spire Growth","floor":47,"turns":5},{"damage":12,"enemies":"Donu and Deca","floor":50,"turns":12},{"damage":2,"enemies":"Awakened One","floor":51,"turns":20},{"damage":5,"enemies":"Shield and Spear","floor":55,"turns":9},{"damage":24,"enemies":"The Heart","floor":56,"turns":12}],"seed_played":"-9102427211439405840","potions_obtained":[{"floor":3.0,"key":"Explosive Potion"},{"floor":10,"key":"ColorlessPotion"},{"floor":12,"key":"Weak Potion"},{"floor":16,"key":"Explosive Potion"},{"floor":20,"key":"SteroidPotion"}],"is_trial":false,"path_per_floor":["M","?","M","$","M","R","E","R","T","E","M","E","?","E","R","B",null,"M","?","M","?","?","E","M","E","T","E","$","$","R","M","R","B",null,"M","$","M","?","M","E","R","M","T","E","M","R","M","?","R","B","B",null,"R","$","E","B",null],"character_chosen":"THE_SILENT","items_purchased":["Orichalcum","PanicButton","DollysMirror","Ancient Potion","Bouncing Flask","Adrenaline","Chemical X","GhostInAJar"],"campfire_rested":0,"item_purchase_floors":[4,29,29,29,29,36,36,54],"current_hp_per_floor":[54,54,54,54,49,49,50,50,50,36,35,24,20,23,23,7,51,43,43,43,33,33,29,26,31,38,11,11,11,11,16,16,16,34,39,39,36,36,38,38,38,38,38,38,38,38,34,34,34,27,35,37,37,37,32,18],"gold":119,"neow_bonus":"RANDOM_COMMON_RELIC","is_daily":false,"chose_seed":false,"campfire_upgraded":8,"win_rate":0.0,"timestamp":1609884432,"path_taken":["M","?","M","$","M","R","E","R","T","E","M","E","?","E","R","BOSS","M","?","M","?","?","E","M","E","T","E","?","$","R","M","R","BOSS","M","$","M","?","M","E","R","M","T","E","M","R","M","?","R","BOSS","BOSS","R","$","E","BOSS"],"items_purchased_type":["Relic","Card","Relic","Potion","Card","Card","Relic","Potion"],"build_version":"2020-12-22","purchased_purges":2,"victory":true,"max_hp_per_floor":[66,66,66,66,66,66,66,66,66,66,66,66,66,66,66,66,66,66,66,66,33,33,33,33,33,40,40,40,40,40,40,40,40,40,40,40,40,38,38,38,38,38,38,38,38,38,38,38,38,38,38,38,38,38,38,38],"relic_stats":{"Darkstone Periapt":0,"Happy Flower":[39],"counters":[29,189],"CeramicFish":189,"Astrolabe":["Sucker Punch","Crippling Poison","Glass Knife"],"Pen Nib":[27],"Juzu Bracelet":1,"Orichalcum":[552],"Art of War":[30],"Chemical X":[11],"Kunai":[21],"obtain_stats":[{"Darkstone Periapt":44,"Ice Cream":55,"Happy Flower":25,"CeramicFish":14,"Astrolabe":17,"Pen Nib":7,"Omamori":9,"Juzu Bracelet":12,"Orichalcum":4,"Akabeko":10,"HornCleat":23,"DollysMirror":29,"Strawberry":26,"Art of War":27,"Chemical X":36,"Kunai":40,"Toy Ornithopter":0,"Ring of the Snake":0,"Runic Pyramid":34},{"Darkstone Periapt":23,"Ice Cream":28,"Happy Flower":14,"CeramicFish":8,"Astrolabe":9,"Pen Nib":4,"Omamori":4,"Juzu Bracelet":7,"Orichalcum":2,"Akabeko":5,"HornCleat":12,"DollysMirror":15,"Strawberry":14,"Art of War":15,"Chemical X":18,"Kunai":21,"Toy Ornithopter":0,"Ring of the Snake":0,"Runic Pyramid":17},{"Darkstone Periapt":127,"Ice Cream":177,"Happy Flower":71,"CeramicFish":37,"Astrolabe":48,"Pen Nib":22,"Omamori":22,"Juzu Bracelet":34,"Orichalcum":11,"Akabeko":26,"HornCleat":59,"DollysMirror":79,"Strawberry":71,"Art of War":79,"Chemical X":96,"Kunai":114,"Toy Ornithopter":0,"Ring of the Snake":0,"Runic Pyramid":90}],"Toy Ornithopter":81,"Ring of the Snake":[58]},"card_choices":[{"not_picked":["Backflip","Caltrops"],"picked":"Predator","floor":1.0},{"not_picked":["Outmaneuver","Acrobatics"],"picked":"Slice","floor":3.0},{"not_picked":["Flying Knee","Acrobatics"],"picked":"Poisoned Stab","floor":5.0},{"not_picked":["Deflect","Slice"],"picked":"Terror","floor":7.0},{"not_picked":["Deadly Poison","Distraction"],"picked":"All Out Attack","floor":10},{"not_picked":["Bullet Time","Cloak And Dagger"],"picked":"PiercingWail","floor":11},{"not_picked":["Flechettes","Slice"],"picked":"Noxious Fumes","floor":12},{"not_picked":["Backflip","Dagger Throw"],"picked":"Sucker Punch","floor":14},{"not_picked":["Phantasmal Killer","Unload"],"picked":"Venomology","floor":16},{"not_picked":["Flying Knee","Quick Slash","Outmaneuver"],"picked":"SKIP","floor":18},{"not_picked":["Distraction","Outmaneuver"],"picked":"Catalyst","floor":20},{"not_picked":["Dodge and Roll","Calculated Gamble"],"picked":"Prepared+1","floor":23},{"not_picked":["Heel Hook","Acrobatics"],"picked":"Blade Dance","floor":24},{"not_picked":["Storm of Steel","Reflex","Cloak And Dagger"],"picked":"SKIP","floor":25},{"not_picked":["Sucker Punch","Dagger Spray","Flying Knee"],"picked":"SKIP","floor":27},{"not_picked":["Bane","Blade Dance","Finisher"],"picked":"SKIP","floor":31},{"not_picked":["Doppelganger","After Image"],"picked":"Malaise","floor":33},{"not_picked":["Quick Slash","Cloak And Dagger+1","Blade Dance"],"picked":"SKIP","floor":35},{"not_picked":["Bane","Noxious Fumes"],"picked":"Prepared+1","floor":37},{"not_picked":["Prepared+1","Reflex+1"],"picked":"Catalyst","floor":39},{"not_picked":["Expertise","Finisher"],"picked":"Calculated Gamble+1","floor":40},{"not_picked":["Skewer","Choke","Bane"],"picked":"SKIP","floor":42},{"not_picked":["Acrobatics","Terror+1"],"picked":"Blur+1","floor":44},{"not_picked":["Poisoned Stab","Dagger Throw","Bullet Time"],"picked":"SKIP","floor":45},{"not_picked":["Masterful Stab","Prepared","Cloak And Dagger"],"picked":"SKIP","floor":47},{"not_picked":["Prepared","Calculated Gamble"],"picked":"PiercingWail+1","floor":55}],"player_experience":2647058,"relics_obtained":[{"floor":7.0,"key":"Pen Nib"},{"floor":9.0,"key":"Omamori"},{"floor":10,"key":"Akabeko"},{"floor":12,"key":"Juzu Bracelet"},{"floor":14,"key":"CeramicFish"},{"floor":23,"key":"HornCleat"},{"floor":25,"key":"Happy Flower"},{"floor":26,"key":"Strawberry"},{"floor":27,"key":"Art of War"},{"floor":40,"key":"Kunai"},{"floor":44,"key":"Darkstone Periapt"},{"floor":55,"key":"Ice Cream"}],"event_choices":[{"damage_healed":0.0,"max_hp_gain":0.0,"max_hp_loss":0.0,"gold_gain":51.0,"event_name":"Golden Wing","player_choice":"Gained Gold","floor":2.0,"gold_loss":0.0,"damage_taken":0.0},{"damage_healed":0,"gold_gain":0,"player_choice":"Bought 0 Potions","damage_taken":0,"max_hp_gain":0,"max_hp_loss":0,"event_name":"The Woman in Blue","floor":13,"gold_loss":0},{"damage_healed":0,"gold_gain":100,"player_choice":"Bet on Murderer","damage_taken":0,"max_hp_gain":0,"max_hp_loss":0,"event_name":"The Joust","floor":19,"gold_loss":50},{"damage_healed":0,"gold_gain":0,"player_choice":"Became a Ghost","damage_taken":0,"max_hp_gain":0,"max_hp_loss":33,"event_name":"Ghosts","floor":21,"gold_loss":0,"cards_obtained":["Ghostly","Ghostly","Ghostly"]},{"damage_healed":0,"gold_gain":200,"player_choice":"Gold","damage_taken":0,"max_hp_gain":0,"max_hp_loss":0,"event_name":"Wheel of Change","floor":22,"gold_loss":0},{"damage_healed":0,"gold_gain":0,"player_choice":"Max HP","damage_taken":0,"max_hp_gain":0,"max_hp_loss":2,"event_name":"Winding Halls","floor":38,"gold_loss":0},{"damage_healed":0,"gold_gain":0,"player_choice":"Ignored","damage_taken":0,"max_hp_gain":0,"max_hp_loss":0,"event_name":"Tomb of Lord Red Mask","floor":48,"gold_loss":0}],"is_beta":false,"boss_relics":[{"not_picked":["WristBlade","Sozu"],"picked":"Astrolabe"},{"not_picked":["Busted Crown","SlaversCollar"],"picked":"Runic Pyramid"}],"items_purged_floors":[28,29],"is_endless":false,"potions_floor_spawned":[3,10,12,16,20,24,39,40,44,55],"ascension_level":20}}