{"host":"q7soxkcz6wyortlz","time":1609853518,"event":{"mods":["Act Like it!","BaseMod","Colored Powertips","Conspire","Downfall","Duelist Mod","Friendly Minions","Hallownest","Hermit","Hero for Fun","Hubris","Infinite Spire","Minty Spire (QoL Compilation)","READ ME - Guardian Mod","READ ME - Snecko Mod","Replay The Spire","Reworked Bosses","Shop Mod","ShortenTheSpire","StSLib","Synergy Search","The Bug Knight","The Factory","The Jungle","The Necromancer","The Servant 0.9.4","Yohane!"],"gold_per_floor":[125,139,157,175,193,193,218,218,232,232,290,37,69,8,27,130,130,130,130,130,130,130,130,130,130,130,130,130,130,130,115,115,115,115,115,115,115,115,115,115,115,115,115,115,115,115,115,43,43,43,43,43,43,43,43,43,43,43,43,43,43,43,0,0,0,0,0,0,0,0,0,0,0,0,0,0,0,0,0,0,0,0,0,0,0,0,0,0],"floor_reached":87,"playtime":9502,"items_purged":["theDuelist:SummoningCurse"],"score":1846,"play_id":"332d71f5-255e-4e81-a3c7-cd36f1a1cbe8","local_time":"20210105143158","is_ascension_mode":true,"campfire_choices":[{"floor":1,"key":"RECALL"},{"data":"theDuelist:GilfordLegend","floor":6,"key":"SMITH"},{"data":"theDuelist:PotGenerosity","floor":18,"key":"SMITH"},{"floor":26,"key":"REST"},{"floor":30,"key":"REST"},{"data":"theDuelist:ThousandEyesRestrict","floor":35,"key":"SMITH"},{"floor":40,"key":"REST"},{"data":"theDuelist:ImperialOrder","floor":45,"key":"SMITH"},{"floor":51,"key":"REST"},{"data":"ReplayTheSpireMod:Black Plague","floor":78,"key":"SMITH"},{"data":"theDuelist:DarkCubicLord","floor":81,"key":"SMITH"}],"circlet_count":0,"master_deck":["theDuelist:CubicKarma+1","theDuelist:BigFire+1","theDuelist:TwinHeadedWolf","theDuelist:GeminiElf","theDuelist:MayakashiWinter","theDuelist:AncientPixieDragon+1","theDuelist:NaturiaTulip+1","theDuelist:GilfordLegend+1","theDuelist:WeepingIdol","theDuelist:Raigeki+1","theDuelist:RainbowKuriboh","theDuelist:Duoterion+1","theDuelist:Fissure","theDuelist:SwampFrog","theDuelist:RainbowDarkDragon","theDuelist:GiantOrc","theDuelist:CrystalRose+1","theDuelist:GiantSoldierSteel+1","theDuelist:NightmareHorse+1","theDuelist:SolemnStrike+1","theDuelist:BeastTalwar+1","theDuelist:JunkKuriboh","theDuelist:IronCall","theDuelist:JunkKuriboh","theDuelist:Mudballman","theDuelist:ImperialOrder+1","theDuelist:BlockGolem","theDuelist:SkullArchfiend+1","theDuelist:HerculeanPower+1","theDuelist:MadFlameKaiju+1","theDuelist:Mudballman","theDuelist:RedMedicine+1","theDuelist:PotGenerosity+1","theDuelist:MagnumShield+1","theDuelist:PlatinumGadget","theDuelist:BattleOx","theDuelist:CyberneticRevolution+1","theDuelist:DarkCubicLord+1","Spreading Infection","theDuelist:ForbiddenLance","theDuelist:DropOff","ReplayTheSpireMod:Black Plague+1","theDuelist:ImperialOrder+1","theDuelist:Aztekipede+1","theDuelist:Raigeki+1","theDuelist:SilentDoom+4","theDuelist:DiamondDust+1","theDuelist:LinkSpider+1","theDuelist:BlueEyes+1","theDuelist:AmuletAmbition+5","theDuelist:DarkMirrorForce+1","theDuelist:DarkCubicLord+1","theDuelist:GenexAllyBirdman","theDuelist:ForbiddenLance+6","theDuelist:SilentDoom+4","Defend_R","theDuelist:MayakashiWinter+1","theDuelist:BirdRoses+1","theDuelist:SilentDoom+4","theDuelist:PredaplantSarraceniant+1","theDuelist:YellowBelliedOni+1","theDuelist:JamBreeding+1","theDuelist:ChrysalisMole+1","theDuelist:ToonBarrelDragon+1","theDuelist:LinkSpider+1","infinitespire:Oblivion"],"relics":["theDuelist:MillenniumPuzzle","theDuelist:CardPoolRelic","theDuelist:CardPoolBasicRelic","theDuelist:BoosterPackPoolRelic","theDuelist:CardPoolAddRelic","theDuelist:CardPoolMinusRelic","theDuelist:CardPoolSaveRelic","theDuelist:CardPoolOptionsRelic","theDuelist:MillenniumNecklace","hubris:BallOfYels","Toy Ornithopter","Replay:Grab Bag","downfall:Hecktoplasm","Honey Jar","SacredBark","conspire:SlowCooker","Blood Vial","Shuriken","ReplayTheSpireMod:DimensionalGlitch","theDuelist:CursedHealer","Bag of Preparation","FossilizedHelix","theDuelist:DuelistOrichalcum","ReplayTheSpireMod:SealedPack","downfall:HeartBlessingBlue","downfall:HeartBlessingRed","downfall:HeartBlessingGreen","theDuelist:MillenniumArmor","hubris:Spice","Durian","Old Coin","Blood Vial"],"acts_visited":["Exordium","Exordium","TheBeyond","Exordium","Exordium","TheBeyond"],"potions_floor_usage":[11,13,14,15,15,16,19,21,23,25,25,27,28,29,33,33,33,33,33,36,37,42,42,49,50,50,52,61,61,61,66,75,77,77,85],"damage_taken":[{"damage":0,"enemies":"Small Slimes","floor":2,"turns":2},{"damage":0,"enemies":"conspire:RoseBush","floor":3,"turns":2},{"damage":0,"enemies":"2 Louse","floor":4,"turns":3},{"damage":13,"enemies":"Exordium Thugs","floor":5,"turns":4},{"damage":3,"enemies":"Blue Slaver","floor":9,"turns":3},{"damage":28,"enemies":"Gremlin Nob","floor":11,"turns":5},{"damage":0,"enemies":"downfall:FleeingMerchant","floor":12,"turns":5},{"damage":6,"enemies":"Replay:BlueRogue","floor":13,"turns":3},{"damage":0,"enemies":"downfall:FleeingMerchant","floor":14,"turns":4},{"damage":13,"enemies":"Exordium Wildlife","floor":15,"turns":2},{"damage":1,"enemies":"downfall:Silent","floor":16,"turns":6},{"damage":2,"enemies":"theJungle:MUSHROOMGANG","floor":19,"turns":1},{"damage":11,"enemies":"theJungle:Flameango_and_Byrd","floor":21,"turns":4},{"damage":30,"enemies":"theJungle:2_Flameangoes","floor":23,"turns":6},{"damage":21,"enemies":"theJungle:JungleHuntersEncounter","floor":25,"turns":3},{"damage":23,"enemies":"JungleHuntersEvent","floor":27,"turns":5},{"damage":13,"enemies":"theJungle:2_Snecko_Cultists","floor":28,"turns":4},{"damage":13,"enemies":"Snake Plant","floor":29,"turns":4},{"damage":7,"enemies":"downfall:FleeingMerchant","floor":31,"turns":4},{"damage":3,"enemies":"theJungle:SlimyTreeVines","floor":32,"turns":4},{"damage":0,"enemies":"downfall:Watcher","floor":33,"turns":7},{"damage":2,"enemies":"Orb Walker","floor":36,"turns":4},{"damage":0,"enemies":"3 Darklings","floor":37,"turns":4},{"damage":0,"enemies":"Sphere and 2 Shapes","floor":42,"turns":6},{"damage":0,"enemies":"Mind Bloom Boss Battle","floor":46,"turns":5},{"damage":0,"enemies":"Transient","floor":49,"turns":2},{"damage":77,"enemies":"Nightmare","floor":50,"turns":8},{"damage":0,"enemies":"downfall:Ironclad","floor":52,"turns":6},{"damage":0,"enemies":"Cultist","floor":55,"turns":3},{"damage":0,"enemies":"Jaw Worm","floor":56,"turns":3},{"damage":0,"enemies":"2 Louse","floor":57,"turns":3},{"damage":0,"enemies":"2 Fungi Beasts","floor":59,"turns":2},{"damage":0,"enemies":"2 Fungi Beasts","floor":61,"turns":6},{"damage":0,"enemies":"Large Slime","floor":62,"turns":4},{"damage":8,"enemies":"Lagavulin","floor":64,"turns":4},{"damage":10,"enemies":"Lots of Slimes","floor":65,"turns":2},{"damage":0,"enemies":"conspire:MimicChest","floor":66,"turns":4},{"damage":0,"enemies":"Blue Slaver","floor":67,"turns":3},{"damage":0,"enemies":"Large Slime","floor":68,"turns":4},{"damage":0,"enemies":"Hexaghost","floor":69,"turns":8},{"damage":0,"enemies":"Shell Parasite","floor":72,"turns":2},{"damage":1,"enemies":"theJungle:Flameango_and_Byrd","floor":73,"turns":5},{"damage":28,"enemies":"Snake Plant","floor":75,"turns":4},{"damage":0,"enemies":"theJungle:Cassacara","floor":77,"turns":5},{"damage":0,"enemies":"theJungle:Lyon","floor":79,"turns":5},{"damage":0,"enemies":"theJungle:2_Snecko_Cultists","floor":80,"turns":3},{"damage":0,"enemies":"Nightmare","floor":82,"turns":6},{"damage":0,"enemies":"theJungle:JungleHuntersEncounter","floor":83,"turns":4},{"damage":0,"enemies":"theJungle:SlimyTreeVines","floor":84,"turns":5},{"damage":0,"enemies":"theJungle:Lyon","floor":85,"turns":4},{"damage":0,"enemies":"theJungle:QueenSpyder","floor":86,"turns":8}],"seed_played":"-547568031114002223","potions_obtained":[{"floor":2,"key":"theDuelist:BarricadePotion"},{"floor":3,"key":"FearPotion"},{"floor":5,"key":"DistilledChaos"},{"floor":11,"key":"champ:CounterPotion"},{"floor":12,"key":"theDuelist:WaterBottle"},{"floor":13,"key":"DuplicationPotion"},{"floor":13,"key":"SneckoOil"},{"floor":14,"key":"theDuelist:ExtraOrbsBottle"},{"floor":15,"key":"SkillPotion"},{"floor":15,"key":"Explosive Potion"},{"floor":16,"key":"Weak Potion"},{"floor":16,"key":"DuplicationPotion"},{"floor":19,"key":"GamblersBrew"},{"floor":21,"key":"LiquidBronze"},{"floor":21,"key":"theDuelist:BigTributeBottle"},{"floor":23,"key":"theDuelist:WaterBottle"},{"floor":25,"key":"champ:CounterPotion"},{"floor":27,"key":"Dexterity Potion"},{"floor":28,"key":"theDuelist:VoidBottle"},{"floor":28,"key":"Flashbang"},{"floor":29,"key":"theDuelist:SolderPotionB"},{"floor":29,"key":"sneckomod:MuddlingPotion"},{"floor":31,"key":"Energy Potion"},{"floor":32,"key":"EntropicBrew"},{"floor":32,"key":"theDuelist:BottledKuriboh"},{"floor":33,"key":"Guardian:BlockOnCardUsePotion"},{"floor":33,"key":"Toxic Potion"},{"floor":36,"key":"Weak Potion"},{"floor":36,"key":"theDuelist:StunPotion"},{"floor":37,"key":"Milkshake"},{"floor":42,"key":"theDuelist:ReducerPotion"},{"floor":46,"key":"FearPotion"},{"floor":50,"key":"ColorlessPotion"},{"floor":52,"key":"theDuelist:ReducerPotion"},{"floor":52,"key":"theDuelist:StunPotion"},{"floor":55,"key":"GamblersBrew"},{"floor":56,"key":"DuplicationPotion"},{"floor":58,"key":"LiquidMemories"},{"floor":58,"key":"theDuelist:SummonArmorPotion"},{"floor":61,"key":"theDuelist:BigTributeBottle"},{"floor":62,"key":"theDuelist:BottledKuriboh"},{"floor":64,"key":"theDuelist:WaterBottle"},{"floor":65,"key":"theDuelist:OrbBottle"},{"floor":66,"key":"Swift Potion"},{"floor":75,"key":"LiquidMemories"},{"floor":77,"key":"theDuelist:FlamingBottle"},{"floor":77,"key":"Fire Potion"},{"floor":85,"key":"theDuelist:FusionPotion"}],"is_trial":false,"path_per_floor":["R","M","M","M","M","R","T","?","M","?","?","$","E","$","M","B",null,"R","M","AVR","M","?","M","T","M","R","?","M","M","R","$","M","B",null,"R","M","M","?","?","R","T","M","PTL","PTL","R","?","?","?","M","NM","R","B",null,"R","M","M","M","?","M","T","?","M","?","E","M","?","M","M","B",null,"R","M","M","?","M","?","E","R","M","M","R","NM","M","M","M","B",null],"character_chosen":"THE_DUELIST","items_purchased":["theDuelist:PotGenerosity","theDuelist:JunkKuriboh"],"campfire_rested":4,"item_purchase_floors":[12,14],"current_hp_per_floor":[88,88,88,88,88,88,88,88,85,85,57,57,51,56,53,57,88,88,88,88,77,64,39,39,30,56,40,34,28,54,49,53,80,88,88,86,88,88,66,88,88,88,88,88,88,88,88,88,88,17,43,47,88,98,98,98,98,98,98,98,111,111,111,103,95,108,110,112,118,111,111,111,110,110,86,121,121,121,121,121,121,121,121,121,121,121,113,113],"gold":0,"neow_bonus":"TEN_PERCENT_HP_BONUS","is_daily":false,"chose_seed":false,"campfire_upgraded":6,"win_rate":0.0,"timestamp":1609853518,"path_taken":["R","M","M","M","M","R","T","?","M","?","?","$","E","?","M","BOSS","R","M","AVR","M","?","M","T","M","R","?","M","M","R","$","M","BOSS","R","M","M","?","?","R","T","M","PTL","PTL","R","?","?","?","M","NM","R","BOSS","R","M","M","M","?","?","T","?","M","?","E","M","?","M","M","BOSS","R","M","M","?","?","?","E","R","M","M","R","NM","M","?","M","BOSS"],"items_purchased_type":["Card","Card"],"build_version":"2020-12-22","purchased_purges":1,"victory":false,"max_hp_per_floor":[88,88,88,88,88,88,88,88,88,88,88,88,88,88,88,88,88,88,88,88,88,88,88,88,88,88,88,88,88,88,88,88,88,88,88,88,88,88,88,88,88,88,88,88,88,88,88,88,88,88,88,88,88,98,98,98,98,98,98,98,111,111,111,111,111,119,119,119,119,111,111,111,111,111,111,121,121,121,121,121,121,121,121,121,121,121,113,113],"card_choices":[{"not_picked":["theDuelist:Fissure","theDuelist:Mudora","theDuelist:GreenGraveOni","theDuelist:Terraforming"],"picked":"theDuelist:WeepingIdol","floor":2},{"not_picked":["theDuelist:ColossalFighter","theDuelist:BlizzardWarrior","theDuelist:DarkMagicianGirl","theDuelist:CallAtlanteans"],"picked":"theDuelist:IronCall","floor":3},{"not_picked":["theDuelist:VeilDarkness+1","theDuelist:FuryFire+1","theDuelist:LightningDarts","theDuelist:OneForOne+1"],"picked":"theDuelist:DianKeto+1","floor":4},{"not_picked":["theDuelist:DarklordSuperbia","theDuelist:Fissure","theDuelist:GaiaMidNightSun","theDuelist:ForbiddenLance"],"picked":"theDuelist:GilfordLegend","floor":5},{"not_picked":["theDuelist:BlastJuggler","theDuelist:VampireFamiliar","theDuelist:CallAtlanteans","theDuelist:BlizzardWarrior"],"picked":"theDuelist:Mudballman","floor":9},{"not_picked":["theDuelist:WeepingIdol","theDuelist:MillenniumScorpion","theDuelist:HappyLover","theDuelist:NaturiaCosmobeet"],"picked":"theDuelist:JunkKuriboh","floor":11},{"not_picked":["theDuelist:Deskbot001","theDuelist:ToonMermaid","theDuelist:BlizzardWarrior","theDuelist:GravityWarrior"],"picked":"theDuelist:TwinHeadedWolf","floor":12},{"not_picked":["theDuelist:ClearKuriboh","theDuelist:FuryFire+1","theDuelist:Hinotama+1","theDuelist:Wiretap"],"picked":"theDuelist:RedMedicine+1","floor":13},{"not_picked":["theDuelist:VampireFamiliar","theDuelist:CactusBouncer","theDuelist:BlizzardWarrior","theDuelist:CrossAttack"],"picked":"theDuelist:SwampFrog","floor":14},{"not_picked":["theDuelist:ColossalFighter","theDuelist:BlizzardWarrior","theDuelist:TwinHeadedWolf","theDuelist:MachinaCannon"],"picked":"theDuelist:Mudballman","floor":15},{"not_picked":["theDuelist:GishkiPsychelone","theDuelist:Zektarrow","theDuelist:FeatherShot","theDuelist:MagicCylinder"],"picked":"theDuelist:PlatinumGadget","floor":16},{"not_picked":["theDuelist:GaiaFierce","theDuelist:GeminiElf","theDuelist:VampireSorcerer","theDuelist:AmphibiousBugroth"],"picked":"theDuelist:MagnumShield+1","floor":19},{"not_picked":["theDuelist:SurvivalInstinct","theDuelist:SafeZone","theDuelist:BurstBreath+1","theDuelist:FishRain"],"picked":"theDuelist:ImperialOrder","floor":21},{"not_picked":["theDuelist:Earthquake","theDuelist:ManEaterBug","theDuelist:ToonBarrelDragon","theDuelist:GenexAllyBirdman"],"picked":"theDuelist:GiantOrc","floor":23},{"not_picked":["theDuelist:GiantSoldierSteel+1","theDuelist:LabyrinthWall","theDuelist:PowerGiant","theDuelist:RainbowKuriboh"],"picked":"theDuelist:BlockGolem","floor":25},{"not_picked":["theDuelist:BattleguardKing+1","theDuelist:HammerShot+1","theDuelist:MillenniumGolem+1","theDuelist:MudGolem"],"picked":"theDuelist:BigFire+1","floor":27},{"not_picked":["theDuelist:VampireKingdom+1","theDuelist:DragonMirror","theDuelist:EndlessDecay","theDuelist:BookEclipse+1"],"picked":"theDuelist:CubicKarma+1","floor":28},{"not_picked":["theDuelist:BurstBreath","theDuelist:BlueBloodedOni","theDuelist:TurretWarrior","theDuelist:AmphibiousBugroth"],"picked":"theDuelist:ThousandEyesRestrict","floor":29},{"not_picked":["theDuelist:SplashCapture","theDuelist:ForbiddenLance"],"picked":"theDuelist:RainbowDarkDragon","floor":31},{"not_picked":["theDuelist:NeoMagic","theDuelist:GeminiElf","theDuelist:GuardianAngel","theDuelist:RainbowOverdragon"],"picked":"theDuelist:RainbowKuriboh","floor":32},{"not_picked":["theDuelist:Tierra","theDuelist:PredaplantChimerafflesia","theDuelist:TurretWarrior","theDuelist:ThousandEyesRestrict"],"picked":"theDuelist:MayakashiWinter","floor":33},{"not_picked":["theDuelist:ManEaterBug","theDuelist:BlizzardWarrior","theDuelist:FeedbackWarrior+1","theDuelist:BurstBreath+1"],"picked":"theDuelist:BeastTalwar+1","floor":36},{"not_picked":["theDuelist:Hinotama+2","theDuelist:LightningRodLord+1","theDuelist:PowerGiant+1","theDuelist:EarthquakeGiant"],"picked":"theDuelist:SolemnStrike+1","floor":37},{"not_picked":["theDuelist:AttackTheMoon+1","theDuelist:GauntletWarrior+1","theDuelist:HammerShot","theDuelist:DestroyerGolem+1"],"picked":"theDuelist:Fissure","floor":39},{"not_picked":["theDuelist:ManEaterBug+1","theDuelist:MightyWarrior","theDuelist:Hajun+1","theDuelist:BlueEyes"],"picked":"theDuelist:GeminiElf","floor":42},{"not_picked":["theDuelist:FishRain","theDuelist:PotDichotomy","theDuelist:PreventRat+1","theDuelist:AmphibiousBugroth"],"picked":"theDuelist:BattleOx","floor":46},{"not_picked":["theDuelist:MegarockDragon","theDuelist:ChrysalisMole","theDuelist:RainbowDarkDragon+1","theDuelist:AlphaMagnet+1"],"picked":"theDuelist:PotForbidden+1","floor":50},{"not_picked":["theDuelist:Tierra","theDuelist:OverpoweringEye","theDuelist:ThousandEyesRestrict+1","theDuelist:RainbowDarkDragon"],"picked":"theDuelist:DarkCubicLord","floor":52},{"not_picked":["KidneyShot","hexamod:Sear","Bash"],"picked":"hermit:Covet","floor":53},{"not_picked":["theDuelist:SplashCapture","theDuelist:RainbowDarkDragon","theDuelist:LinkSpider"],"picked":"theDuelist:ForbiddenLance","floor":53},{"not_picked":["theDuelist:RainbowGravity","theDuelist:WormBarses","theDuelist:DummyGolem"],"picked":"theDuelist:DropOff","floor":53},{"not_picked":["infinitespire:Starlight","infinitespire:Fortify","Replay:Fractal Strike"],"picked":"ReplayTheSpireMod:Black Plague","floor":53},{"not_picked":["theDuelist:BeastTalwar+1","theDuelist:SuperheavySoulhorns+1","theDuelist:HunterSpider+1","theDuelist:BirdRoses+1"],"picked":"theDuelist:ImperialOrder+1","floor":55},{"not_picked":["theDuelist:BattleOx+1","theDuelist:BlackPendant+1","theDuelist:GilfordLegend+1","theDuelist:PotDichotomy+1","theDuelist:FishRain+1"],"picked":"SKIP","floor":56},{"not_picked":["theDuelist:NeoMagic+1","theDuelist:GeminiElf+1","theDuelist:GuardianAngel+1","theDuelist:RainbowKuriboh+1","theDuelist:RainbowOverdragon+1"],"picked":"SKIP","floor":57},{"not_picked":["theDuelist:Earthquake+1","theDuelist:SuperheavyFlutist+1","theDuelist:GaiaFierce+1","theDuelist:BurstBreath+1"],"picked":"theDuelist:Aztekipede+1","floor":59},{"not_picked":["theDuelist:DestroyerGolem+1","theDuelist:Fissure+1","theDuelist:LightningRodLord+1","theDuelist:EarthquakeGiant+1"],"picked":"theDuelist:Raigeki+1","floor":61},{"not_picked":["theDuelist:CannonballSpearShellfish+1","theDuelist:GuardianAngel+1"],"picked":"theDuelist:SilentDoom+4","floor":62},{"not_picked":["theDuelist:BlizzardWarrior+1","theDuelist:AlphaMagnet+1","theDuelist:SafeZone+3","theDuelist:RockMetronome+1"],"picked":"theDuelist:DiamondDust+1","floor":64},{"not_picked":["theDuelist:ForbiddenLance+6","theDuelist:Tierra+1","theDuelist:PredaplantChimerafflesia+1","theDuelist:ThousandEyesRestrict+1"],"picked":"theDuelist:LinkSpider+1","floor":65},{"not_picked":["theDuelist:MegarockDragon+1","theDuelist:BlueBloodedOni+1","theDuelist:ToonBarrelDragon+1","theDuelist:MirageDragon+1"],"picked":"theDuelist:BlueEyes+1","floor":66},{"not_picked":["theDuelist:MagnumShield+3","theDuelist:InfernoFireBlast+4","theDuelist:MagicalStone+4","theDuelist:SilentDoom+4"],"picked":"theDuelist:AmuletAmbition+5","floor":67},{"not_picked":["theDuelist:GilfordLegend+1","theDuelist:Sangan+1","theDuelist:ForbiddenChalice+1","theDuelist:GreyGreedOni+1"],"picked":"theDuelist:DarkMirrorForce+1","floor":68},{"not_picked":["theDuelist:SplashCapture+1","theDuelist:Tierra+1","theDuelist:PredaplantChimerafflesia+1","theDuelist:AmuletAmbition+5"],"picked":"theDuelist:DarkCubicLord+1","floor":69},{"not_picked":["theDuelist:CannonballSpearShellfish+1","theDuelist:MachineDuplication+1","theDuelist:VanityFiend+1","theDuelist:ThornMalice+1"],"picked":"theDuelist:ForbiddenLance+6","floor":72},{"not_picked":["theDuelist:MagnumShield+3","theDuelist:SafeZone+3","theDuelist:DoubleTool+6","theDuelist:MagicalStone+4"],"picked":"theDuelist:SilentDoom+4","floor":73},{"not_picked":["theDuelist:Tierra+1","theDuelist:DarkCubicLord+1","theDuelist:AmuletAmbition+5","theDuelist:ThousandEyesRestrict+1"],"picked":"theDuelist:MayakashiWinter+1","floor":75},{"not_picked":["theDuelist:ZefraMetaltron+1","theDuelist:MachineDuplication+1","theDuelist:ThornMalice+1","theDuelist:Hajun+1"],"picked":"theDuelist:BirdRoses+1","floor":77},{"not_picked":["theDuelist:Earthquake+1","theDuelist:RockMetronome+1","theDuelist:MachineDuplication+1","theDuelist:MagiciansRod+1"],"picked":"theDuelist:SilentDoom+4","floor":79},{"not_picked":["theDuelist:TurretWarrior+1","theDuelist:RainbowDarkDragon+1","theDuelist:MayakashiWinter+1","theDuelist:BookEclipse+1"],"picked":"theDuelist:PredaplantSarraceniant+1","floor":80},{"not_picked":["theDuelist:MegarockDragon+1","theDuelist:BlueBloodedOni+1","theDuelist:RainbowDarkDragon+1","theDuelist:MirageDragon+1"],"picked":"theDuelist:YellowBelliedOni+1","floor":82},{"not_picked":["theDuelist:InfernoFireBlast+4","theDuelist:RockMetronome+1","theDuelist:RevolvingSwitchyard+1","theDuelist:CubicKarma+1"],"picked":"theDuelist:JamBreeding+1","floor":83},{"not_picked":["theDuelist:ToonBarrelDragon+1","theDuelist:GenexAllyBirdman+1","theDuelist:Earthquake+1","theDuelist:DragonMirror+1"],"picked":"theDuelist:ChrysalisMole+1","floor":84},{"not_picked":["theDuelist:BlueEyes+1","theDuelist:MegarockDragon+1","theDuelist:BlueBloodedOni+1","theDuelist:MirageDragon+1"],"picked":"theDuelist:ToonBarrelDragon+1","floor":85},{"not_picked":["theDuelist:Tierra+1","theDuelist:DarkCubicLord+1","theDuelist:ThousandEyesRestrict+1","theDuelist:BookEclipse+1"],"picked":"theDuelist:LinkSpider+1","floor":86},{"not_picked":["infinitespire:Punishment","infinitespire:Menacing"],"picked":"infinitespire:Oblivion","floor":87}],"player_experience":97848,"relics_obtained":[{"floor":11,"key":"hubris:BallOfYels"},{"floor":13,"key":"Toy Ornithopter"},{"floor":24,"key":"Blood Vial"},{"floor":27,"key":"Shuriken"},{"floor":41,"key":"Bag of Preparation"},{"floor":46,"key":"FossilizedHelix"},{"floor":50,"key":"theDuelist:DuelistOrichalcum"},{"floor":60,"key":"theDuelist:MillenniumArmor"},{"floor":61,"key":"hubris:Spice"},{"floor":61,"key":"Durian"},{"floor":61,"key":"Old Coin"},{"floor":66,"key":"hubris:Spice"}],"event_choices":[{"damage_healed":0,"gold_gain":0,"player_choice":"Took item - Received: Millennium Necklace","duelist":true,"damage_taken":0,"max_hp_gain":0,"max_hp_loss":0,"event_name":"Millennium Items","floor":10,"gold_loss":0},{"damage_healed":0,"gold_gain":0,"player_choice":"Succumb - +25HP/Cursed Relic","duelist":true,"damage_taken":0,"max_hp_gain":0,"max_hp_loss":0,"event_name":"Tomb of the Nameless","floor":38,"gold_loss":0},{"damage_healed":0,"gold_gain":0,"player_choice":"Purchased Cybernetic Revolution for 72 Gold.","duelist":true,"damage_taken":0,"max_hp_gain":0,"max_hp_loss":0,"event_name":"Card Trader","floor":48,"gold_loss":0},{"damage_healed":0,"gold_gain":0,"player_choice":"Got Potions","damage_taken":0,"max_hp_gain":0,"max_hp_loss":0,"event_name":"Lab","floor":58,"gold_loss":0},{"damage_healed":0,"gold_gain":0,"player_choice":"Fight","duelist":true,"damage_taken":0,"max_hp_gain":0,"max_hp_loss":0,"event_name":"Battle City","floor":61,"gold_loss":0},{"damage_healed":0,"gold_gain":0,"player_choice":"Duplicated Relic - Blutphiole","duelist":true,"damage_taken":0,"max_hp_gain":0,"max_hp_loss":0,"event_name":"Relic Duplicator","floor":63,"gold_loss":0},{"cards_removed":["theDuelist:PotForbidden"],"damage_healed":0,"gold_gain":0,"player_choice":"Took Card","damage_taken":0,"max_hp_gain":0,"max_hp_loss":0,"event_name":"NoteForYourself","floor":74,"gold_loss":0,"cards_obtained":["Defend_R"]},{"cards_removed":["theDuelist:ThousandEyesRestrict"],"damage_healed":25,"gold_gain":0,"player_choice":"Offered Rare","damage_taken":0,"max_hp_gain":10,"max_hp_loss":0,"event_name":"Bonfire Elementals","floor":76,"gold_loss":0}],"is_beta":false,"boss_relics":[{"not_picked":["Runic Cube","Cursed Key"],"picked":"Replay:Grab Bag"},{"not_picked":["Replay:Bronze Core","Coffee Dripper"],"picked":"downfall:Hecktoplasm"},{"not_picked":["conspire:RoyalGoblet","Replay:Fungal Core"],"picked":"Honey Jar"},{"not_picked":["infinitespire:Burning Sword","hubris:BlackHole"],"picked":"SacredBark"},{"not_picked":["hubris:VirtuousBlindfold","Tiny House"],"picked":"ReplayTheSpireMod:DimensionalGlitch"},{"not_picked":["Empty Cage","Replay:Ancient Bell"],"picked":"ReplayTheSpireMod:SealedPack"},{"not_picked":["Inserter","Empty Cage"],"picked":"hubris:Spice"},{"not_picked":["hubris:Spice","hubris:Spice"],"picked":"hubris:Spice"}],"items_purged_floors":[12],"is_endless":true,"potions_floor_spawned":[2,3,5,13,15,16,21,28,29,32,33,36,49,52,55,56,59,64,65,73,75,77,84,85],"ascension_level":1}}