{"host":"gg","time":1609829887,"event":{"mods":["BaseMod","Colored Map","Googly Eyes","Minty Spire (QoL Compilation)","Permanent Neow","Relic Stats","The IronCluck"],"gold_per_floor":[118,193,213,213,223,223,256,8,8,33,33,33,33,53,53,53,53,68,86,86,100,118,118,17,17,43,55,55,81,81,101,101,178,178,190,206,216,216,263,12,46,46,73,73,124,138,138,169,169,169,169,169],"floor_reached":51,"playtime":4095,"items_purged":["Defend_P"],"score":1562,"play_id":"2d48ccf5-3a73-406d-a5d6-644d455016b7","local_time":"20210104225807","is_ascension_mode":true,"campfire_choices":[{"data":"Brilliance","floor":6.0,"key":"SMITH"},{"floor":12.0,"key":"REST"},{"data":"Eruption","floor":15.0,"key":"SMITH"},{"data":"1","floor":23.0,"key":"LIFT"},{"data":"2","floor":25.0,"key":"LIFT"},{"floor":30.0,"key":"REST"},{"data":"3","floor":32.0,"key":"LIFT"},{"floor":42.0,"key":"REST"},{"data":"Strike_P+1","floor":44.0,"key":"PURGE"},{"floor":47.0,"key":"RECALL"},{"floor":49,"key":"REST"}],"circlet_count":0,"master_deck":["AscendersBane","Strike_P+1","Defend_P","Defend_P+1","Eruption+1","Vigilance+1","SandsOfTime+1","Brilliance+1","Prostrate+1","LessonLearned","SashWhip+1","Pray+1","CurseOfTheBell","Sanctity","EmptyFist+1","Tantrum","CrushJoints+1","Judgement","Wallop+1","ThirdEye","Ragnarok","Wireheading+1","Worship","Weave","DeceiveReality","TalkToTheHand"],"relics":["Sozu","Yang","Bronze Scales","Pocketwatch","Odd Mushroom","Calling Bell","Girya","Ornamental Fan","Regal Pillow","Bag of Marbles","Tiny Chest","Fusion Hammer","Gambling Chip","OrangePellets","Peace Pipe","Toy Ornithopter","Bottled Lightning"],"acts_visited":["Exordium","TheCity","TheBeyond"],"potions_floor_usage":[],"damage_taken":[{"damage":12.0,"enemies":"2 Louse","floor":1.0,"turns":3.0},{"damage":0.0,"enemies":"Cultist","floor":3.0,"turns":3.0},{"damage":8.0,"enemies":"Jaw Worm","floor":5.0,"turns":4.0},{"damage":0.0,"enemies":"Lagavulin","floor":7.0,"turns":4.0},{"damage":20.0,"enemies":"3 Sentries","floor":10.0,"turns":5.0},{"damage":14.0,"enemies":"The Mushroom Lair","floor":14.0,"turns":4.0},{"damage":8.0,"enemies":"Slime Boss","floor":16.0,"turns":7.0},{"damage":6.0,"enemies":"Spheric Guardian","floor":18.0,"turns":3.0},{"damage":12.0,"enemies":"Shell Parasite","floor":19.0,"turns":3.0},{"damage":5.0,"enemies":"Centurion and Healer","floor":21.0,"turns":4.0},{"damage":8.0,"enemies":"3 Cultists","floor":22.0,"turns":3.0},{"damage":7.0,"enemies":"Snake Plant","floor":27.0,"turns":2.0},{"damage":8.0,"enemies":"Book of Stabbing","floor":29.0,"turns":4.0},{"damage":21.0,"enemies":"Shelled Parasite and Fungi","floor":31.0,"turns":3.0},{"damage":0.0,"enemies":"Champ","floor":33.0,"turns":7.0},{"damage":0.0,"enemies":"3 Shapes","floor":35.0,"turns":3.0},{"damage":0.0,"enemies":"3 Darklings","floor":36.0,"turns":3.0},{"damage":0.0,"enemies":"Sphere and 2 Shapes","floor":37.0,"turns":2.0},{"damage":38.0,"enemies":"2 Orb Walkers","floor":39.0,"turns":3.0},{"damage":6.0,"enemies":"Reptomancer","floor":41.0,"turns":6.0},{"damage":0.0,"enemies":"Spire Growth","floor":46.0,"turns":1.0},{"damage":28,"enemies":"Nemesis","floor":48,"turns":3},{"damage":7,"enemies":"Time Eater","floor":50,"turns":5},{"damage":50,"enemies":"Awakened One","floor":51,"turns":7}],"seed_played":"1219553641804054921","potions_obtained":[],"is_trial":false,"path_per_floor":["M","?","M","?","M","R","E","$","T","E","?","R","$","?","R","B",null,"M","M","?","M","M","R","$","R","T","M","?","E","R","M","R","B",null,"M","M","M","?","?","$","E","R","T","R","T","M","R","E","R","B","B"],"character_chosen":"WATCHER","items_purchased":["LessonLearned","Tantrum","CrushJoints","OrangePellets","Weave"],"campfire_rested":4,"item_purchase_floors":[8,24,24,40,40],"current_hp_per_floor":[49,38,38,38,30,30,30,30,30,10,10,30,30,16,16,8,53,47,35,35,30,22,22,22,22,22,15,15,7,42,21,21,21,56,56,56,56,56,18,18,12,47,47,47,47,47,47,19,54,47,0,0],"gold":169,"neow_bonus":"BOSS_RELIC","is_daily":false,"chose_seed":false,"campfire_upgraded":2,"win_rate":0.0,"timestamp":1609829887,"path_taken":["M","?","M","?","M","R","E","?","T","E","?","R","?","?","R","BOSS","M","M","?","M","?","R","?","R","T","M","?","E","R","M","R","BOSS","M","?","M","?","?","$","E","R","T","R","?","M","R","E","R","BOSS","BOSS"],"items_purchased_type":["Card","Card","Card","Relic","Card"],"build_version":"2020-12-18","purchased_purges":1,"victory":false,"max_hp_per_floor":[68,68,68,68,68,68,68,68,68,68,68,68,68,68,68,68,68,68,68,68,68,68,68,68,68,68,68,68,68,68,68,68,68,68,68,68,68,68,68,68,68,68,68,68,68,68,68,68,68,68,68,68],"relic_stats":{"Regal Pillow":45,"counters":[24,92],"Yang":[160],"Sozu":7,"Peace Pipe":1,"OrangePellets":[3],"Ornamental Fan":[92],"Bronze Scales":[163],"Gambling Chip":[14],"Tiny Chest":1,"obtain_stats":[{"Girya":17,"Regal Pillow":17,"Yang":7,"Odd Mushroom":14,"Sozu":0,"Calling Bell":17,"Peace Pipe":41,"OrangePellets":40,"Ornamental Fan":17,"Bronze Scales":9,"Gambling Chip":39,"Tiny Chest":29,"Fusion Hammer":34,"Bag of Marbles":26,"Bottled Lightning":48,"PureWater":0,"Toy Ornithopter":45,"Pocketwatch":10},{"Girya":7,"Regal Pillow":7,"Yang":4,"Odd Mushroom":6,"Sozu":0,"Calling Bell":7,"Peace Pipe":20,"OrangePellets":19,"Ornamental Fan":7,"Bronze Scales":4,"Gambling Chip":19,"Tiny Chest":13,"Fusion Hammer":15,"Bag of Marbles":11,"Bottled Lightning":22,"PureWater":0,"Toy Ornithopter":20,"Pocketwatch":5},{"Girya":30,"Regal Pillow":30,"Yang":14,"Odd Mushroom":23,"Sozu":0,"Calling Bell":30,"Peace Pipe":76,"OrangePellets":70,"Ornamental Fan":30,"Bronze Scales":14,"Gambling Chip":70,"Tiny Chest":49,"Fusion Hammer":59,"Bag of Marbles":43,"Bottled Lightning":80,"PureWater":0,"Toy Ornithopter":76,"Pocketwatch":19}],"Toy Ornithopter":0,"Pocketwatch":[81]},"card_choices":[{"not_picked":["Prostrate","Crescendo","ThirdEye"],"picked":"SKIP","floor":1.0},{"not_picked":["Crescendo","SashWhip"],"picked":"SandsOfTime","floor":3.0},{"not_picked":["Evaluate","BowlingBash"],"picked":"Brilliance","floor":5.0},{"not_picked":["SandsOfTime","ForeignInfluence"],"picked":"Prostrate","floor":7.0},{"not_picked":["MentalFortress","Vengeance"],"picked":"SashWhip","floor":10.0},{"not_picked":["Protect","Swivel","FlyingSleeves"],"picked":"SKIP","floor":18.0},{"not_picked":["InnerPeace","Consecrate"],"picked":"Sanctity","floor":19.0},{"not_picked":["Prostrate","MentalFortress"],"picked":"EmptyFist","floor":21.0},{"not_picked":["Evaluate","Protect","PathToVictory"],"picked":"SKIP","floor":22.0},{"not_picked":["Protect","SashWhip+1"],"picked":"Judgement","floor":27.0},{"not_picked":["FlyingSleeves","PathToVictory"],"picked":"Wallop","floor":29.0},{"not_picked":["ClearTheMind","LikeWater"],"picked":"ThirdEye","floor":31.0},{"not_picked":["SpiritShield","LessonLearned"],"picked":"Ragnarok","floor":33.0},{"not_picked":["ThirdEye","Indignation","Halt"],"picked":"SKIP","floor":35.0},{"not_picked":["DeceiveReality","Sanctity"],"picked":"Wireheading+1","floor":36.0},{"not_picked":["JustLucky","Crescendo+1"],"picked":"Worship","floor":37.0},{"not_picked":["CrushJoints","Swivel"],"picked":"DeceiveReality","floor":41.0},{"not_picked":["FollowUp","Evaluate","BowlingBash"],"picked":"SKIP","floor":46.0},{"not_picked":["Brilliance","Nirvana+1"],"picked":"TalkToTheHand","floor":48}],"player_experience":1056882,"relics_obtained":[{"floor":7.0,"key":"Yang"},{"floor":9.0,"key":"Bronze Scales"},{"floor":10.0,"key":"Pocketwatch"},{"floor":14.0,"key":"Odd Mushroom"},{"floor":17.0,"key":"Girya"},{"floor":17.0,"key":"Ornamental Fan"},{"floor":17.0,"key":"Regal Pillow"},{"floor":26.0,"key":"Bag of Marbles"},{"floor":29.0,"key":"Tiny Chest"},{"floor":39.0,"key":"Gambling Chip"},{"floor":41.0,"key":"Peace Pipe"},{"floor":45.0,"key":"Toy Ornithopter"},{"floor":48,"key":"Bottled Lightning"}],"event_choices":[{"damage_healed":0.0,"max_hp_gain":0.0,"max_hp_loss":0.0,"gold_gain":75.0,"event_name":"World of Goop","player_choice":"Gather Gold","floor":2.0,"gold_loss":0.0,"damage_taken":11.0},{"damage_healed":0.0,"max_hp_gain":0.0,"max_hp_loss":0.0,"gold_gain":0.0,"event_name":"Upgrade Shrine","player_choice":"Upgraded","floor":4.0,"gold_loss":0.0,"damage_taken":0.0,"cards_upgraded":["SandsOfTime"]},{"damage_healed":0.0,"max_hp_gain":0.0,"max_hp_loss":0.0,"gold_gain":0.0,"cards_transformed":["Defend_P"],"event_name":"Living Wall","player_choice":"Change","floor":11.0,"gold_loss":0.0,"damage_taken":0.0,"cards_obtained":["Pray"]},{"damage_healed":0.0,"max_hp_gain":0.0,"max_hp_loss":0.0,"gold_gain":0.0,"event_name":"Mushrooms","player_choice":"Fought Mushrooms","floor":14.0,"gold_loss":0.0,"damage_taken":0.0},{"damage_healed":0.0,"max_hp_gain":0.0,"max_hp_loss":0.0,"gold_gain":0.0,"event_name":"Upgrade Shrine","player_choice":"Upgraded","floor":20.0,"gold_loss":0.0,"damage_taken":0.0,"cards_upgraded":["Pray"]},{"cards_removed":["Strike_P"],"damage_healed":0.0,"max_hp_gain":0.0,"max_hp_loss":0.0,"gold_gain":0.0,"event_name":"Purifier","player_choice":"Purged","floor":28.0,"gold_loss":0.0,"damage_taken":0.0},{"cards_removed":["Strike_P"],"damage_healed":0.0,"max_hp_gain":0.0,"max_hp_loss":0.0,"gold_gain":0.0,"event_name":"Falling","player_choice":"Removed Attack","floor":38.0,"gold_loss":0.0,"damage_taken":0.0},{"damage_healed":0.0,"max_hp_gain":0.0,"max_hp_loss":0.0,"gold_gain":0.0,"event_name":"Mysterious Sphere","player_choice":"Fight","floor":39.0,"gold_loss":0.0,"damage_taken":0.0}],"is_beta":true,"boss_relics":[{"not_picked":["SacredBark","Runic Dome"],"picked":"Calling Bell"},{"not_picked":["Tiny House","SlaversCollar"],"picked":"Fusion Hammer"}],"items_purged_floors":[8],"is_endless":false,"potions_floor_spawned":[10,14,21,27,29,39,46],"killed_by":"Awakened One","ascension_level":20}}