{"host":"jielpdldxluclcd7","time":1609875619,"event":{"mods":["AchievementEnabler","BaseMod","CapriCore","Colored Map","DeckTracker","Highlight Path","KOR Keyword Fix","Lobotomy","Minty Spire (QoL Compilation)","Permanent Neow","StSLib"],"gold_per_floor":[116,132,18,28,28,28,28,60,87,87,103,103,121,146,146,243,293,304,304,29,42,42,42,42,42,67,67,67,77,96,130,130,226,226,240,115,139,139,154,154,154,154,180,180,213,225,263,294,306,414,426,458,320,145,165,176,211,226,226,279,306,306,337,362,49,49,169,169,193,209,9,9,9,9,43,43,86,86,126,126,166,202,202,325,325,350,572,572,596,640,640,640,367,408,408,162,225,246,282,282,411,411,424,424,145,95,45,45,86,36,72,90,90,105,179,179,179,298,298,323,273,101,101,11,52,52,52,95,95,95,134,172,191,191,310,310,328,691,749,505,332,332,332,351,382,382,413,413,413,454,463,591,591,615,565,565,515,349,384,384,384,428,447,447,447,447,447,447,573,573,594,594,594,609,634,670,425,124,167,190,211,236,257,257,257,381,381,395,332,341,341,341,341,341],"floor_reached":193,"playtime":5987,"items_purged":["Tough","ShedSkin","BigBird","PunishingBird","TT2Protocol","Wingbeat","Regret_ego","Soda","Noise","SummonCall","Twilight+1","InformationCode","LongBird","Ecstasy+1","Ecstasy+1","RecordCode","Ecstasy+1","Mimicry+1"],"score":5823,"play_id":"07e015ee-b7d5-4a4b-9cce-f83c8e8268a6","local_time":"20210106044019","daily_mods":["Draft","Vintage","Heirloom","Time Dilation","Flight"],"is_ascension_mode":false,"campfire_choices":[{"data":"Ecstasy","floor":41.0,"key":"SMITH"},{"data":"Ecstasy","floor":42.0,"key":"SMITH"},{"data":"Ecstasy","floor":44.0,"key":"SMITH"},{"data":"Master of Strategy","floor":46.0,"key":"SMITH"},{"data":"Lamp+24","floor":49.0,"key":"SMITH"},{"data":"Twilight","floor":59.0,"key":"SMITH"},{"data":"Lamp+35","floor":66.0,"key":"SMITH"},{"data":"Lamp+40","floor":74.0,"key":"SMITH"},{"data":"Lamp+56","floor":83.0,"key":"SMITH"},{"floor":91.0,"key":"DIG"},{"floor":95.0,"key":"DIG"},{"floor":100.0,"key":"DIG"},{"floor":108.0,"key":"DIG"},{"floor":117.0,"key":"DIG"},{"floor":126.0,"key":"DIG"},{"floor":129.0,"key":"DIG"},{"data":"ControlCode","floor":134.0,"key":"PURGE"},{"floor":142.0,"key":"DIG"},{"floor":146.0,"key":"DIG"},{"floor":160.0,"key":"DIG"},{"data":"Master of Strategy+1","floor":161.0,"key":"PURGE"},{"data":"TrainingCode","floor":166.0,"key":"PURGE"},{"floor":185,"key":"DIG"},{"data":"Lamp+136","floor":193,"key":"SMITH"}],"circlet_count":7,"master_deck":["SecurityCode","Lamp+137"],"relics":["CogitoBucket","Lizard Tail","Bag of Marbles","StrikeDummy","InkBottle","Torii","Dream Catcher","Nunchaku","Bottled Flame","Blood Vial","Tiny House","Omamori","Vajra","Twilight","Ancient Tea Set","Matryoshka","Sundial","Pantograph","SlaversCollar","Bronze Scales","Happy Flower","Pen Nib","Bag of Preparation","MealTicket","Strawberry","MawBank","Darkstone Periapt","Anchor","Coffee Dripper","Lantern","Toxic Egg 2","Regal Pillow","Boot","Art of War","Golden Idol","StoneCalendar","Unceasing Top","Cursed Key","Oddly Smooth Stone","War Paint","Akabeko","Red Mask","Tiny Chest","Shovel","Smiling Mask","Membership Card","PreservedInsect","Meat on the Bone","Frozen Eye","Mango","Centennial Puzzle","Empty Cage","Pear","Potion Belt","HandDrill","Juzu Bracelet","Frozen Egg 2","CeramicFish","Gambling Chip","SacredBark","Letter Opener","Singing Bowl","TungstenRod","Molten Egg 2","Kunai","Circlet","Peace Pipe","Philosopher\u0027s Stone","Gremlin Horn","Old Coin","Pocketwatch","Shuriken","TheAbacus","Mummified Hand","HornCleat","CaptainsWheel","White Beast Statue","Busted Crown","The Courier","Orichalcum","Ginger","Question Card","Ornamental Fan","Blue Candle","MutagenicStrength","Eternal Feather","Ice Cream","Thread and Needle","Turnip","FossilizedHelix","Sling","Calipers","Black Star","ClockworkSouvenir"],"acts_visited":["Exordium","TheCity","TheBeyond","Exordium","TheCity","TheBeyond","Exordium","TheCity","TheBeyond","Exordium","TheCity","TheBeyond"],"potions_floor_usage":[],"damage_taken":[{"damage":10.0,"enemies":"Cultist","floor":1.0,"turns":8.0},{"damage":5.0,"enemies":"Small Slimes","floor":2.0,"turns":8.0},{"damage":8.0,"enemies":"2 Louse","floor":4.0,"turns":3.0},{"damage":17.0,"enemies":"Lagavulin","floor":8.0,"turns":6.0},{"damage":8.0,"enemies":"Large Slime","floor":11.0,"turns":2.0},{"damage":0.0,"enemies":"Blue Slaver","floor":13.0,"turns":2.0},{"damage":0.0,"enemies":"Gremlin Nob","floor":14.0,"turns":1.0},{"damage":0.0,"enemies":"Slime Boss","floor":16.0,"turns":1.0},{"damage":0.0,"enemies":"Shell Parasite","floor":18.0,"turns":1.0},{"damage":3.0,"enemies":"2 Thieves","floor":21.0,"turns":4.0},{"damage":70.0,"enemies":"Book of Stabbing","floor":23.0,"turns":8.0},{"damage":16.0,"enemies":"Sentry and Sphere","floor":29.0,"turns":5.0},{"damage":1.0,"enemies":"Centurion and Healer","floor":30.0,"turns":5.0},{"damage":0.0,"enemies":"Book of Stabbing","floor":31.0,"turns":1.0},{"damage":0.0,"enemies":"Collector","floor":33.0,"turns":1.0},{"damage":32.0,"enemies":"3 Darklings","floor":35.0,"turns":7.0},{"damage":78.0,"enemies":"3 Shapes","floor":39.0,"turns":5.0},{"damage":0.0,"enemies":"Nemesis","floor":45.0,"turns":1.0},{"damage":15.0,"enemies":"Giant Head","floor":47.0,"turns":4.0},{"damage":0.0,"enemies":"Spire Growth","floor":48.0,"turns":1.0},{"damage":37.0,"enemies":"Awakened One","floor":50.0,"turns":8.0},{"damage":0.0,"enemies":"Jaw Worm","floor":52.0,"turns":1.0},{"damage":0.0,"enemies":"Cultist","floor":55.0,"turns":1.0},{"damage":0.0,"enemies":"Small Slimes","floor":56.0,"turns":2.0},{"damage":0.0,"enemies":"Lagavulin","floor":57.0,"turns":1.0},{"damage":0.0,"enemies":"Exordium Wildlife","floor":58.0,"turns":3.0},{"damage":10.0,"enemies":"3 Sentries","floor":61.0,"turns":3.0},{"damage":0.0,"enemies":"Lagavulin","floor":63.0,"turns":1.0},{"damage":0.0,"enemies":"3 Louse","floor":64.0,"turns":2.0},{"damage":0.0,"enemies":"Slime Boss","floor":67.0,"turns":1.0},{"damage":0.0,"enemies":"Shell Parasite","floor":69.0,"turns":1.0},{"damage":8.0,"enemies":"3 Byrds","floor":70.0,"turns":4.0},{"damage":60.0,"enemies":"Gremlin Leader","floor":75.0,"turns":14.0},{"damage":24.0,"enemies":"Slavers","floor":77.0,"turns":4.0},{"damage":0.0,"enemies":"Gremlin Leader","floor":79.0,"turns":1.0},{"damage":0.0,"enemies":"Masked Bandits","floor":81.0,"turns":2.0},{"damage":0.0,"enemies":"Book of Stabbing","floor":82.0,"turns":1.0},{"damage":0.0,"enemies":"Champ","floor":84.0,"turns":1.0},{"damage":10.0,"enemies":"3 Shapes","floor":86.0,"turns":6.0},{"damage":0.0,"enemies":"3 Darklings","floor":89.0,"turns":2.0},{"damage":0.0,"enemies":"Giant Head","floor":90.0,"turns":1.0},{"damage":0.0,"enemies":"Reptomancer","floor":94.0,"turns":1.0},{"damage":0.0,"enemies":"Mind Bloom Boss Battle","floor":97.0,"turns":1.0},{"damage":0.0,"enemies":"Writhing Mass","floor":98.0,"turns":1.0},{"damage":0.0,"enemies":"Reptomancer","floor":99.0,"turns":1.0},{"damage":0.0,"enemies":"Time Eater","floor":101.0,"turns":1.0},{"damage":1.0,"enemies":"2 Louse","floor":103.0,"turns":2.0},{"damage":0.0,"enemies":"Gremlin Nob","floor":109.0,"turns":1.0},{"damage":24.0,"enemies":"3 Sentries","floor":111.0,"turns":4.0},{"damage":0.0,"enemies":"Cultist","floor":112.0,"turns":1.0},{"damage":0.0,"enemies":"Jaw Worm","floor":114.0,"turns":1.0},{"damage":1.0,"enemies":"3 Sentries","floor":115.0,"turns":4.0},{"damage":0.0,"enemies":"The Guardian","floor":118.0,"turns":1.0},{"damage":0.0,"enemies":"Shell Parasite","floor":120.0,"turns":1.0},{"damage":15.0,"enemies":"Slavers","floor":125.0,"turns":2.0},{"damage":0.0,"enemies":"Gremlin Leader","floor":128.0,"turns":1.0},{"damage":0.0,"enemies":"Slavers","floor":131.0,"turns":1.0},{"damage":0.0,"enemies":"Masked Bandits","floor":132.0,"turns":1.0},{"damage":0.0,"enemies":"Chosen","floor":133.0,"turns":1.0},{"damage":0.0,"enemies":"Automaton","floor":135.0,"turns":1.0},{"damage":0.0,"enemies":"Orb Walker","floor":137.0,"turns":1.0},{"damage":0.0,"enemies":"Mind Bloom Boss Battle","floor":138.0,"turns":1.0},{"damage":0.0,"enemies":"2 Orb Walkers","floor":139.0,"turns":1.0},{"damage":0.0,"enemies":"3 Darklings","floor":144.0,"turns":1.0},{"damage":0.0,"enemies":"Giant Head","floor":145.0,"turns":1.0},{"damage":0.0,"enemies":"Reptomancer","floor":147.0,"turns":1.0},{"damage":0.0,"enemies":"Giant Head","floor":150.0,"turns":1.0},{"damage":0.0,"enemies":"Awakened One","floor":152.0,"turns":2.0},{"damage":0.0,"enemies":"Small Slimes","floor":154.0,"turns":1.0},{"damage":0.0,"enemies":"3 Sentries","floor":159.0,"turns":1.0},{"damage":0.0,"enemies":"Lagavulin","floor":162.0,"turns":1.0},{"damage":0.0,"enemies":"Cultist","floor":163.0,"turns":1.0},{"damage":0,"enemies":"The Guardian","floor":169,"turns":1},{"damage":0,"enemies":"Spheric Guardian","floor":171,"turns":1},{"damage":0,"enemies":"3 Byrds","floor":174,"turns":1},{"damage":0,"enemies":"Centurion and Healer","floor":175,"turns":1},{"damage":0,"enemies":"Book of Stabbing","floor":176,"turns":1},{"damage":0,"enemies":"Slavers","floor":179,"turns":1},{"damage":0,"enemies":"Snake Plant","floor":180,"turns":1},{"damage":0,"enemies":"3 Cultists","floor":181,"turns":1},{"damage":0,"enemies":"Centurion and Healer","floor":182,"turns":1},{"damage":0,"enemies":"Snecko","floor":183,"turns":1},{"damage":0,"enemies":"Champ","floor":186,"turns":1},{"damage":0,"enemies":"Orb Walker","floor":188,"turns":1},{"damage":0,"enemies":"Mind Bloom Boss Battle","floor":192,"turns":1}],"seed_played":"-6779690854298368597","potions_obtained":[{"floor":16.0,"key":"FairyPotion"},{"floor":17.0,"key":"Energy Potion"},{"floor":23.0,"key":"SkillPotion"},{"floor":33.0,"key":"CultistPotion"},{"floor":50.0,"key":"GamblersBrew"},{"floor":57.0,"key":"Strength Potion"},{"floor":79.0,"key":"ColorlessPotion"},{"floor":82.0,"key":"Block Potion"},{"floor":84.0,"key":"GamblersBrew"},{"floor":99.0,"key":"Energy Potion"},{"floor":111.0,"key":"SpeedPotion"},{"floor":128.0,"key":"Dexterity Potion"},{"floor":159.0,"key":"Energy Potion"},{"floor":176,"key":"PowerPotion"}],"is_trial":true,"path_per_floor":["M","M","$","M","?","R","R","E","T","R","M","R","M","E","R","B",null,"M","?","$","M","?","E","R","R","T","R","R","M","M","E","R","B",null,"M","$","T","$","M","R","R","R","T","R","E","R","E","M","R","B",null,"M","$","$","M","M","E","M","R","T","E","?","E","M","$","R","B",null,"M","M","$","?","?","R","E","?","E","?","E","$","?","E","R","B",null,"M","?","?","M","E","R","?","$","E","R","$","?","M","E","R","B",null,"M","?","$","?","$","R","E","$","E","M","?","M","?","?","R","B",null,"M","$","$","?","?","E","R","?","E","R","?","E","?","M","R","B",null,"M","?","?","$","$","R","?","M","E","R","E","?","?","E","R","B",null,"M","$","?","$","$","E","R","R","E","M","?","?","R","?","R","B",null,"M","?","?","M","M","E","$","$","E","M","M","M","M","?","R","B",null,"M","$","?","?","?","R"],"character_chosen":"Angela","items_purchased":["Ecstasy","Master of Strategy","Unceasing Top","Membership Card","PreservedInsect","Meat on the Bone","Frozen Eye","Potion Belt","HandDrill","Juzu Bracelet","Singing Bowl","Shuriken","TheAbacus","Mummified Hand","Ginger","Thread and Needle","Turnip","FossilizedHelix","Sling","Calipers","ClockworkSouvenir"],"campfire_rested":0,"item_purchase_floors":[3,20,65,93,93,96,96,105,105,105,122,140,140,141,158,177,177,178,178,178,189],"current_hp_per_floor":[69,70,70,70,70,70,70,63,63,63,66,66,74,74,74,74,79,79,79,79,83,67,43,49,55,61,67,73,88,88,88,88,88,88,86,88,88,88,40,46,52,58,71,77,95,95,95,95,95,95,95,95,95,95,95,95,95,95,95,95,95,72,95,95,95,95,95,95,95,95,95,95,95,95,79,88,91,95,95,95,95,95,95,95,95,95,95,95,95,95,95,95,95,95,95,95,109,109,109,109,109,109,119,112,119,119,119,119,119,119,117,119,95,119,119,124,124,124,124,124,124,124,124,124,126,126,126,128,128,128,130,132,132,132,134,134,134,136,138,138,138,138,138,138,140,140,142,142,139,150,150,152,152,152,152,138,150,152,152,152,152,152,152,152,152,152,152,152,152,152,152,152,152,152,152,152,152,152,152,152,152,304,304,304,304,304,304,304,304,304,304,304,304,304],"gold":341,"neow_bonus":"","is_daily":false,"chose_seed":false,"campfire_upgraded":10,"win_rate":0.0,"timestamp":1609875619,"path_taken":["M","?","$","?","?","R","R","E","T","R","M","R","M","E","R","BOSS","M","?","$","M","?","E","R","R","T","R","R","M","M","E","R","BOSS","M","$","?","$","M","R","R","R","T","R","E","R","E","M","R","BOSS","M","$","$","M","M","E","M","R","T","E","?","E","M","$","R","BOSS","M","M","$","?","?","R","E","?","E","?","E","?","?","E","R","BOSS","M","?","?","?","?","R","?","$","E","R","$","?","?","E","R","BOSS","M","?","$","?","$","R","E","$","E","M","?","M","?","?","R","BOSS","M","$","$","?","?","E","R","?","E","R","?","E","?","M","R","BOSS","M","?","?","$","$","R","?","M","E","R","E","?","?","E","R","BOSS","M","$","?","$","$","E","R","R","E","M","?","?","R","?","R","BOSS","M","?","?","M","M","E","?","$","E","M","M","M","M","?","R","BOSS","M","$","?","?","?","R"],"items_purchased_type":["Card","Card","Relic","Relic","Relic","Relic","Relic","Relic","Relic","Relic","Relic","Relic","Relic","Relic","Relic","Relic","Relic","Relic","Relic","Relic","Relic"],"build_version":"2020-12-22","purchased_purges":18,"victory":false,"max_hp_per_floor":[70,70,70,70,70,70,70,70,70,70,70,70,74,74,74,74,79,79,79,79,83,88,88,88,88,88,88,88,88,88,88,88,88,88,88,88,88,88,88,88,88,88,95,95,95,95,95,95,95,95,95,95,95,95,95,95,95,95,95,95,95,95,95,95,95,95,95,95,95,95,95,95,95,95,95,95,95,95,95,95,95,95,95,95,95,95,95,95,95,95,95,95,95,95,95,95,109,109,109,109,109,109,119,119,119,119,119,119,119,119,119,119,119,119,119,124,124,124,124,124,124,124,124,124,126,126,126,128,128,128,130,132,132,132,134,134,134,136,138,138,138,138,138,138,140,140,142,142,148,150,150,152,152,152,152,152,152,152,152,152,152,152,152,152,152,152,152,152,152,152,152,152,152,152,152,152,152,152,152,152,152,304,304,304,304,304,304,304,304,304,304,304,304,304],"card_choices":[{"not_picked":["MagicBullet","TodaysExpression"],"picked":"Wingbeat","floor":0.0},{"not_picked":["SomewhereSpear","Hypocrisy"],"picked":"Reverberation","floor":0.0},{"not_picked":["FourthMatchFlame","WristCuter"],"picked":"Noise","floor":0.0},{"not_picked":["Regret_ego","Pleasure"],"picked":"Ecstasy","floor":0.0},{"not_picked":["Christmas","Loneliness"],"picked":"Wingbeat","floor":0.0},{"not_picked":["CherryBlossom","ScreamingWedge"],"picked":"Lamp","floor":0.0},{"not_picked":["Heaven","Lantern"],"picked":"Gaze","floor":0.0},{"not_picked":["SomewhereSpear","CrimsonScar"],"picked":"Tough","floor":0.0},{"not_picked":["Noise","CUTE"],"picked":"Wingbeat","floor":0.0},{"not_picked":["FourthMatchFlame","TodaysExpression"],"picked":"Noise","floor":0.0},{"not_picked":["Horn","Penitence"],"picked":"RedEyes","floor":0.0},{"not_picked":["Galaxy","Noise"],"picked":"ShedSkin","floor":0.0},{"not_picked":["FourthMatchFlame","Noise"],"picked":"RedEyes","floor":0.0},{"not_picked":["Noise","RapturousDream"],"picked":"Regret_ego","floor":0.0},{"not_picked":["Moonlight","BlueScar"],"picked":"Soda","floor":0.0},{"not_picked":["Freischutz","OldLady"],"picked":"PunishingBird","floor":2.0},{"not_picked":["GrinderMk4","FrostShard"],"picked":"SKIP","floor":8.0},{"not_picked":["ShyLook","Scorched"],"picked":"BigBird","floor":13.0},{"not_picked":["CUTE","Harvest"],"picked":"SKIP","floor":14.0},{"not_picked":["CherryBlossoms","WallGazer"],"picked":"LongBird","floor":21.0},{"not_picked":["CherryBlossom","Soda"],"picked":"SKIP","floor":31.0},{"not_picked":["Wingbeat","Pleasure"],"picked":"SKIP","floor":45.0},{"not_picked":["Tough","ParadiseLost"],"picked":"SKIP","floor":47.0},{"not_picked":["DaCapo"],"picked":"Twilight","floor":50.0},{"not_picked":["RapturousDream+1","CENSORED_ego+1"],"picked":"SKIP","floor":57.0},{"not_picked":["Horn","Harmony"],"picked":"SKIP","floor":61.0},{"not_picked":["Soda","BearPaw+1"],"picked":"SKIP","floor":63.0},{"not_picked":["Diffraction+1","Hypocrisy+1"],"picked":"SKIP","floor":75.0},{"not_picked":["Pleasure+1","Penitence+1"],"picked":"SKIP","floor":77.0},{"not_picked":["Galaxy+1","DaCapo+1"],"picked":"SKIP","floor":79.0},{"not_picked":["RapturousDream+1","Wingbeat+1"],"picked":"SKIP","floor":82.0},{"not_picked":["Harmony+1","Penitence+1"],"picked":"SKIP","floor":90.0},{"not_picked":["Moonlight","Loneliness+1"],"picked":"SKIP","floor":94.0},{"not_picked":["BlueScar+1","FourthMatchFlame"],"picked":"SKIP","floor":98.0},{"not_picked":["InTheNameOfLoveAndHate+1","Regret_ego"],"picked":"SKIP","floor":99.0},{"not_picked":["TheSmile+1"],"picked":"Mimicry","floor":101.0},{"not_picked":["InTheNameOfLoveAndHate+1","Horn"],"picked":"SKIP","floor":109.0},{"not_picked":["Lantern","Noise+1"],"picked":"SKIP","floor":111.0},{"not_picked":["Horn","Justitia"],"picked":"Singing Bowl","floor":125.0},{"not_picked":["Ecstasy+1","ShedSkin+1"],"picked":"Singing Bowl","floor":128.0},{"not_picked":["Wingbeat+1","Hypocrisy+1"],"picked":"Singing Bowl","floor":131.0},{"not_picked":["SolemnVow+1","Amita+1"],"picked":"Singing Bowl","floor":132.0},{"not_picked":["SoundOfStar+1","Pinks+1"],"picked":"Singing Bowl","floor":135.0},{"not_picked":["Regret_ego+1","CUTE+1"],"picked":"Singing Bowl","floor":138.0},{"not_picked":["Diffraction+1","Mimicry+1"],"picked":"Singing Bowl","floor":139.0},{"not_picked":["Noise+1","Discord+1"],"picked":"Singing Bowl","floor":145.0},{"not_picked":["Justitia+1","Soda+1"],"picked":"Singing Bowl","floor":147.0},{"not_picked":["Forethought+1","Swift Strike+1"],"picked":"Singing Bowl","floor":149.0},{"not_picked":["Dramatic Entrance+1","Good Instincts+1"],"picked":"Singing Bowl","floor":149.0},{"not_picked":["Secret Weapon+1","Chrysalis+1"],"picked":"Singing Bowl","floor":149.0},{"not_picked":["SomewhereSpear+1","Pleasure+1"],"picked":"Singing Bowl","floor":150.0},{"not_picked":["Pinks+1","GoldRush+1"],"picked":"Singing Bowl","floor":152.0},{"not_picked":["Laetitia_ego+1"],"picked":"Singing Bowl","floor":162.0},{"not_picked":["Mimicry+1"],"picked":"Singing Bowl","floor":169},{"not_picked":["Heaven+1"],"picked":"Singing Bowl","floor":176},{"not_picked":["Laetitia_ego+1"],"picked":"SKIP","floor":179},{"not_picked":["TheSmile+1"],"picked":"Singing Bowl","floor":186},{"not_picked":["Gaze+1"],"picked":"Singing Bowl","floor":192},{"not_picked":["Pinks+1"],"picked":"Singing Bowl","floor":192}],"player_experience":223614,"relics_obtained":[{"floor":1.0,"key":"Bag of Marbles"},{"floor":2.0,"key":"StrikeDummy"},{"floor":4.0,"key":"InkBottle"},{"floor":8.0,"key":"Torii"},{"floor":9.0,"key":"Dream Catcher"},{"floor":11.0,"key":"Nunchaku"},{"floor":13.0,"key":"Bottled Flame"},{"floor":14.0,"key":"Blood Vial"},{"floor":18.0,"key":"Omamori"},{"floor":21.0,"key":"Vajra"},{"floor":23.0,"key":"Twilight"},{"floor":26.0,"key":"Ancient Tea Set"},{"floor":29.0,"key":"Matryoshka"},{"floor":30.0,"key":"Sundial"},{"floor":31.0,"key":"Pantograph"},{"floor":35.0,"key":"Bronze Scales"},{"floor":37.0,"key":"Happy Flower"},{"floor":37.0,"key":"Pen Nib"},{"floor":39.0,"key":"Bag of Preparation"},{"floor":43.0,"key":"MealTicket"},{"floor":43.0,"key":"Strawberry"},{"floor":45.0,"key":"MawBank"},{"floor":47.0,"key":"Darkstone Periapt"},{"floor":48.0,"key":"Anchor"},{"floor":52.0,"key":"Lantern"},{"floor":55.0,"key":"Toxic Egg 2"},{"floor":56.0,"key":"Regal Pillow"},{"floor":58.0,"key":"Boot"},{"floor":60.0,"key":"Art of War"},{"floor":64.0,"key":"StoneCalendar"},{"floor":69.0,"key":"Oddly Smooth Stone"},{"floor":70.0,"key":"War Paint"},{"floor":81.0,"key":"Red Mask"},{"floor":86.0,"key":"Tiny Chest"},{"floor":89.0,"key":"Shovel"},{"floor":91.0,"key":"Smiling Mask"},{"floor":97.0,"key":"Mango"},{"floor":100.0,"key":"Centennial Puzzle"},{"floor":103.0,"key":"Pear"},{"floor":112.0,"key":"Frozen Egg 2"},{"floor":114.0,"key":"CeramicFish"},{"floor":117.0,"key":"Gambling Chip"},{"floor":120.0,"key":"Letter Opener"},{"floor":126.0,"key":"Molten Egg 2"},{"floor":129.0,"key":"Kunai"},{"floor":132.0,"key":"Circlet"},{"floor":133.0,"key":"Peace Pipe"},{"floor":137.0,"key":"Gremlin Horn"},{"floor":138.0,"key":"Old Coin"},{"floor":139.0,"key":"Pocketwatch"},{"floor":142.0,"key":"HornCleat"},{"floor":144.0,"key":"CaptainsWheel"},{"floor":146.0,"key":"White Beast Statue"},{"floor":154.0,"key":"The Courier"},{"floor":160.0,"key":"Question Card"},{"floor":163.0,"key":"Ornamental Fan"},{"floor":171,"key":"Blue Candle"},{"floor":174,"key":"Eternal Feather"},{"floor":175,"key":"Ice Cream"},{"floor":180,"key":"Circlet"},{"floor":181,"key":"Circlet"},{"floor":182,"key":"Circlet"},{"floor":183,"key":"Circlet"},{"floor":185,"key":"Circlet"},{"floor":188,"key":"Circlet"}],"event_choices":[{"cards_removed":["Reverberation"],"damage_healed":0.0,"max_hp_gain":0.0,"max_hp_loss":0.0,"gold_gain":0.0,"event_name":"Living Wall","player_choice":"Forget","floor":5.0,"gold_loss":0.0,"damage_taken":0.0},{"damage_healed":0.0,"max_hp_gain":0.0,"max_hp_loss":0.0,"gold_gain":0.0,"event_name":"The Library","player_choice":"Read","floor":19.0,"gold_loss":0.0,"damage_taken":0.0,"cards_obtained":["Ecstasy"]},{"damage_healed":0.0,"max_hp_gain":5.0,"max_hp_loss":0.0,"gold_gain":0.0,"event_name":"Forgotten Altar","player_choice":"Shed Blood","floor":22.0,"gold_loss":0.0,"damage_taken":21.0},{"damage_healed":0.0,"max_hp_gain":0.0,"max_hp_loss":0.0,"gold_gain":0.0,"event_name":"Golden Idol","player_choice":"Take Damage","floor":62.0,"gold_loss":0.0,"damage_taken":23.0,"relics_obtained":["Golden Idol"]},{"damage_healed":0.0,"max_hp_gain":0.0,"max_hp_loss":0.0,"gold_gain":0.0,"event_name":"The Mausoleum","player_choice":"Opened","floor":72.0,"gold_loss":0.0,"damage_taken":0.0,"relics_obtained":["Akabeko"]},{"damage_healed":31.0,"max_hp_gain":0.0,"max_hp_loss":0.0,"gold_gain":0.0,"event_name":"The Library","player_choice":"Heal","floor":73.0,"gold_loss":0.0,"damage_taken":0.0},{"cards_removed":["SpecialBullet"],"damage_healed":0.0,"max_hp_gain":0.0,"max_hp_loss":0.0,"gold_gain":0.0,"event_name":"Back to Basics","player_choice":"Elegance","floor":76.0,"gold_loss":0.0,"damage_taken":0.0},{"damage_healed":0.0,"max_hp_gain":0.0,"max_hp_loss":0.0,"gold_gain":0.0,"event_name":"Cursed Tome","player_choice":"Ignored","floor":78.0,"gold_loss":0.0,"damage_taken":0.0},{"damage_healed":0.0,"max_hp_gain":0.0,"max_hp_loss":0.0,"gold_gain":0.0,"event_name":"Masked Bandits","player_choice":"Fought Bandits","floor":81.0,"gold_loss":0.0,"damage_taken":0.0},{"damage_healed":0.0,"max_hp_gain":0.0,"max_hp_loss":0.0,"gold_gain":222.0,"event_name":"Tomb of Lord Red Mask","player_choice":"Wore Mask","floor":87.0,"gold_loss":0.0,"damage_taken":0.0},{"cards_removed":["RedEyes"],"damage_healed":0.0,"max_hp_gain":0.0,"max_hp_loss":0.0,"gold_gain":0.0,"event_name":"NoteForYourself","player_choice":"Took Card","floor":88.0,"gold_loss":0.0,"damage_taken":0.0,"cards_obtained":["Iron Wave"]},{"cards_removed":["Iron Wave"],"damage_healed":0.0,"max_hp_gain":0.0,"max_hp_loss":0.0,"gold_gain":0.0,"event_name":"Falling","player_choice":"Removed Attack","floor":92.0,"gold_loss":0.0,"damage_taken":0.0},{"damage_healed":0.0,"max_hp_gain":0.0,"max_hp_loss":0.0,"gold_gain":0.0,"event_name":"MindBloom","player_choice":"Fight","floor":97.0,"gold_loss":0.0,"damage_taken":0.0},{"cards_removed":["RedEyes"],"damage_healed":0.0,"max_hp_gain":0.0,"max_hp_loss":0.0,"gold_gain":0.0,"event_name":"Golden Wing","player_choice":"Card Removal","floor":104.0,"gold_loss":0.0,"damage_taken":7.0},{"cards_removed":["Noise"],"damage_healed":0.0,"max_hp_gain":0.0,"max_hp_loss":0.0,"gold_gain":0.0,"event_name":"The Cleric","player_choice":"Card Removal","floor":106.0,"gold_loss":50.0,"damage_taken":0.0},{"damage_healed":0.0,"max_hp_gain":0.0,"max_hp_loss":0.0,"gold_gain":0.0,"event_name":"Shining Light","player_choice":"Entered Light","floor":113.0,"gold_loss":0.0,"damage_taken":24.0,"cards_upgraded":["Mimicry","Lamp"]},{"damage_healed":0.0,"max_hp_gain":0.0,"max_hp_loss":0.0,"gold_gain":0.0,"event_name":"Dead Adventurer","player_choice":"Searched \u00271\u0027 times","floor":115.0,"gold_loss":0.0,"damage_taken":0.0},{"damage_healed":0.0,"max_hp_gain":5.0,"max_hp_loss":0.0,"gold_gain":0.0,"event_name":"Big Fish","player_choice":"Donut","floor":116.0,"gold_loss":0.0,"damage_taken":0.0},{"damage_healed":0.0,"max_hp_gain":0.0,"max_hp_loss":0.0,"gold_gain":0.0,"event_name":"The Mausoleum","player_choice":"Opened","floor":123.0,"gold_loss":0.0,"damage_taken":0.0,"relics_obtained":["TungstenRod"],"cards_obtained":["Writhe"]},{"cards_removed":["Wingbeat"],"damage_healed":0.0,"max_hp_gain":0.0,"max_hp_loss":0.0,"gold_gain":0.0,"event_name":"Designer","player_choice":"Upgrade and Remove","floor":124.0,"gold_loss":90.0,"damage_taken":0.0,"cards_upgraded":["Lamp"]},{"damage_healed":0.0,"max_hp_gain":0.0,"max_hp_loss":0.0,"gold_gain":0.0,"event_name":"Cursed Tome","player_choice":"Ignored","floor":127.0,"gold_loss":0.0,"damage_taken":0.0},{"damage_healed":0.0,"max_hp_gain":0.0,"max_hp_loss":0.0,"gold_gain":0.0,"event_name":"Match and Keep!","player_choice":"0 cards matched","floor":130.0,"gold_loss":0.0,"damage_taken":0.0,"cards_obtained":[]},{"damage_healed":0.0,"max_hp_gain":0.0,"max_hp_loss":0.0,"gold_gain":0.0,"event_name":"Masked Bandits","player_choice":"Fought Bandits","floor":132.0,"gold_loss":0.0,"damage_taken":0.0},{"damage_healed":0.0,"max_hp_gain":0.0,"max_hp_loss":0.0,"gold_gain":0.0,"event_name":"MindBloom","player_choice":"Fight","floor":138.0,"gold_loss":0.0,"damage_taken":0.0},{"damage_healed":0.0,"max_hp_gain":0.0,"max_hp_loss":0.0,"gold_gain":0.0,"event_name":"Mysterious Sphere","player_choice":"Fight","floor":139.0,"gold_loss":0.0,"damage_taken":0.0},{"damage_healed":35.0,"max_hp_gain":0.0,"max_hp_loss":0.0,"gold_gain":0.0,"event_name":"Winding Halls","player_choice":"Writhe","floor":143.0,"gold_loss":0.0,"damage_taken":0.0,"cards_obtained":["Writhe"]},{"damage_healed":0.0,"max_hp_gain":0.0,"max_hp_loss":0.0,"gold_gain":0.0,"event_name":"Transmorgrifier","player_choice":"Ignored","floor":148.0,"gold_loss":0.0,"damage_taken":0.0},{"damage_healed":0.0,"max_hp_gain":0.0,"max_hp_loss":0.0,"gold_gain":0.0,"event_name":"SensoryStone","player_choice":"Memory 3","floor":149.0,"gold_loss":0.0,"damage_taken":10.0},{"damage_healed":0.0,"max_hp_gain":0.0,"max_hp_loss":0.0,"gold_gain":0.0,"event_name":"Scrap Ooze","player_choice":"Success","floor":156.0,"gold_loss":0.0,"damage_taken":18.0,"relics_obtained":["Orichalcum"]},{"damage_healed":0.0,"max_hp_gain":5.0,"max_hp_loss":0.0,"gold_gain":0.0,"event_name":"Big Fish","player_choice":"Donut","floor":164.0,"gold_loss":0.0,"damage_taken":0.0},{"damage_healed":0.0,"max_hp_gain":0.0,"max_hp_loss":0.0,"gold_gain":0.0,"event_name":"Accursed Blacksmith","player_choice":"Forge","floor":165.0,"gold_loss":0.0,"damage_taken":0.0,"cards_upgraded":["Lamp"]},{"damage_healed":0,"gold_gain":0,"player_choice":"Leave","damage_taken":0,"max_hp_gain":0,"max_hp_loss":0,"event_name":"The Cleric","floor":167,"gold_loss":0},{"damage_healed":0,"gold_gain":0,"player_choice":"Ignored","damage_taken":0,"max_hp_gain":0,"max_hp_loss":0,"event_name":"Vampires","floor":172,"gold_loss":0},{"damage_healed":0,"gold_gain":0,"player_choice":"Inject Mutagens","damage_taken":0,"relics_obtained":["MutagenicStrength"],"max_hp_gain":0,"max_hp_loss":0,"event_name":"Drug Dealer","floor":173,"gold_loss":0},{"damage_healed":100,"gold_gain":0,"player_choice":"Heal","damage_taken":0,"max_hp_gain":0,"max_hp_loss":0,"event_name":"The Library","floor":184,"gold_loss":0},{"damage_healed":76,"gold_gain":0,"player_choice":"Writhe","damage_taken":0,"max_hp_gain":0,"max_hp_loss":0,"event_name":"Winding Halls","floor":190,"gold_loss":0,"cards_obtained":["Writhe"]},{"cards_removed":["ApocalypseBird"],"damage_healed":0,"gold_gain":0,"player_choice":"Removed Skill","damage_taken":0,"max_hp_gain":0,"max_hp_loss":0,"event_name":"Falling","floor":191,"gold_loss":0},{"damage_healed":0,"gold_gain":0,"player_choice":"Fight","damage_taken":0,"max_hp_gain":0,"max_hp_loss":0,"event_name":"MindBloom","floor":192,"gold_loss":0}],"is_beta":false,"boss_relics":[{"not_picked":["Runic Pyramid","Runic Dome"],"picked":"Tiny House"},{"not_picked":["Calling Bell","SacredBark"],"picked":"SlaversCollar"},{"not_picked":["Cursed Key","Velvet Choker"],"picked":"Coffee Dripper"},{"not_picked":["Velvet Choker","Astrolabe"],"picked":"Cursed Key"},{"not_picked":["Sozu","Fusion Hammer","Snecko Eye"]},{"not_picked":["SacredBark","Black Star"],"picked":"Empty Cage"},{"not_picked":["Sozu","Velvet Choker"],"picked":"SacredBark"},{"not_picked":["Fusion Hammer","Black Star"],"picked":"Philosopher\u0027s Stone"},{"not_picked":["Calling Bell","Runic Dome"],"picked":"Busted Crown"},{"not_picked":["Astrolabe","Snecko Eye","Sozu"]},{"not_picked":["Fusion Hammer","Calling Bell"],"picked":"Black Star"}],"items_purged_floors":[3,20,36,53,54,71,93,96,105,107,110,121,122,140,141,155,157,158],"is_endless":true,"potions_floor_spawned":[16,23,33,50,57,61,79,82,84,90,94,99,111,118,128,131,135,147,150,152,159,162,169,176,179,186],"ascension_level":0}}