{"host":"sz8c8ni79nvzjmmg","time":1609865170,"event":{"mods":["AchievementEnabler","BaseMod","DeckTracker","Keyboard Shortcuts","Minty Spire (QoL Compilation)","SuperFastMode"],"gold_per_floor":[119,119,44,64,64,64,76,76,102,102,59,87,106,141,141,215,215,232,248,248,248,258,293,293,327,327,327,341,108,108,143,143,219,219,236,246,261,3,15,28,62,79,79,2,27,40,40,68,68,68,68,68,68,68,97,97],"floor_reached":57,"playtime":2548,"items_purged":["Strike_R"],"score":2910,"play_id":"6e93b016-5ef8-466f-9f36-4a5a0d2c8d28","local_time":"20210106014610","is_ascension_mode":true,"campfire_choices":[{"data":"Shockwave","floor":6,"key":"SMITH"},{"data":"Power Through","floor":8,"key":"SMITH"},{"data":"Evolve","floor":15,"key":"SMITH"},{"data":"Fire Breathing","floor":24,"key":"SMITH"},{"data":"Bash","floor":32,"key":"PURGE"},{"floor":49,"key":"RECALL"},{"data":"Iron Wave+1","floor":53,"key":"PURGE"}],"circlet_count":0,"master_deck":["AscendersBane","Defend_R","Defend_R+1","Defend_R","Power Through+1","Shockwave+1","Dropkick+1","Fire Breathing+1","Evolve+1","Burning Pact","Burning Pact","Shrug It Off","Offering","Seeing Red","Reinforced Body","Alpha","Sentinel","Second Wind","Flash of Steel+1","Bloodletting","Footwork+1","Feel No Pain"],"relics":["Burning Blood","Centennial Puzzle","Mummified Hand","Ginger","MealTicket","Astrolabe","Turnip","Calipers","Gambling Chip","Peace Pipe","PrismaticShard","Darkstone Periapt","Fusion Hammer","TheAbacus","PreservedInsect","Magic Flower","Juzu Bracelet","Nunchaku"],"acts_visited":["Exordium","TheCity","TheBeyond","TheEnding"],"potions_floor_usage":[48,55,56,56],"damage_taken":[{"damage":1,"enemies":"Cultist","floor":1,"turns":3},{"damage":2,"enemies":"Small Slimes","floor":4,"turns":5},{"damage":4,"enemies":"2 Louse","floor":7,"turns":3},{"damage":10,"enemies":"3 Sentries","floor":12,"turns":4},{"damage":6,"enemies":"Looter","floor":13,"turns":3},{"damage":22,"enemies":"Gremlin Nob","floor":14,"turns":5},{"damage":26,"enemies":"The Guardian","floor":16,"turns":10},{"damage":11,"enemies":"2 Thieves","floor":18,"turns":3},{"damage":35,"enemies":"Chosen","floor":19,"turns":5},{"damage":14,"enemies":"Snake Plant","floor":22,"turns":4},{"damage":6,"enemies":"Book of Stabbing","floor":23,"turns":7},{"damage":3,"enemies":"Gremlin Leader","floor":25,"turns":5},{"damage":6,"enemies":"Centurion and Healer","floor":28,"turns":3},{"damage":6,"enemies":"Slavers","floor":31,"turns":3},{"damage":22,"enemies":"Collector","floor":33,"turns":9},{"damage":6,"enemies":"3 Shapes","floor":35,"turns":4},{"damage":26,"enemies":"3 Darklings","floor":36,"turns":4},{"damage":6,"enemies":"4 Shapes","floor":37,"turns":3},{"damage":12,"enemies":"Jaw Worm Horde","floor":39,"turns":4},{"damage":6,"enemies":"Spire Growth","floor":40,"turns":4},{"damage":6,"enemies":"Giant Head","floor":41,"turns":4},{"damage":10,"enemies":"Transient","floor":42,"turns":6},{"damage":6,"enemies":"Mind Bloom Boss Battle","floor":45,"turns":5},{"damage":9,"enemies":"Sphere and 2 Shapes","floor":46,"turns":4},{"damage":12,"enemies":"Reptomancer","floor":48,"turns":5},{"damage":21,"enemies":"Awakened One","floor":50,"turns":11},{"damage":25,"enemies":"Donu and Deca","floor":51,"turns":8},{"damage":62,"enemies":"Shield and Spear","floor":55,"turns":5},{"damage":14,"enemies":"The Heart","floor":56,"turns":12}],"seed_played":"1799234208405401051","potions_obtained":[{"floor":1,"key":"Fire Potion"},{"floor":4,"key":"EntropicBrew"}],"is_trial":false,"path_per_floor":["M","?","?","M","?","R","M","R","T","T","$","E","M","E","R","B",null,"M","M","?","?","M","E","R","E","T","T","M","$","?","E","R","B",null,"M","M","M","$","M","M","E","M","T","$","?","M","?","E","R","B","B",null,"R","$","E","B",null],"character_chosen":"IRONCLAD","items_purchased":["Fire Breathing","PrismaticShard","Second Wind","TheAbacus","Feel No Pain"],"campfire_rested":0,"item_purchase_floors":[11,29,38,38,44],"current_hp_per_floor":[80,80,80,82,57,57,59,59,59,59,59,55,55,39,39,19,66,61,32,8,97,89,89,89,92,92,92,92,97,97,97,97,81,93,93,73,73,88,82,82,82,78,78,93,93,93,92,89,89,77,61,84,84,92,39,58],"gold":97,"neow_bonus":"TEN_PERCENT_HP_BONUS","is_daily":false,"chose_seed":false,"campfire_upgraded":4,"win_rate":0.0,"timestamp":1609865170,"path_taken":["M","?","?","M","?","R","M","R","T","?","$","E","M","E","R","BOSS","M","M","?","?","?","E","R","E","T","?","M","$","?","E","R","BOSS","M","M","M","?","M","M","E","M","T","$","?","M","?","E","R","BOSS","BOSS","R","$","E","BOSS"],"items_purchased_type":["Card","Relic","Card","Relic","Card"],"build_version":"2020-12-22","purchased_purges":1,"victory":true,"max_hp_per_floor":[82,82,82,82,82,82,82,82,82,82,82,82,82,82,82,82,82,82,82,87,97,97,97,97,97,97,97,97,97,97,97,97,97,97,97,97,97,97,97,97,97,97,97,97,97,97,92,92,92,92,92,92,92,92,92,92],"card_choices":[{"not_picked":["Rupture","Shockwave"],"picked":"Power Through","floor":1},{"not_picked":["Iron Wave","Cleave"],"picked":"Dropkick","floor":4},{"not_picked":["Wild Strike","Clash","Sword Boomerang"],"picked":"SKIP","floor":7},{"not_picked":["Cleave","Shockwave"],"picked":"Evolve","floor":12},{"not_picked":["Flex","Limit Break","Rage"],"picked":"SKIP","floor":13},{"not_picked":["Cleave","Sword Boomerang"],"picked":"Burning Pact","floor":14},{"not_picked":["Clash","Infernal Blade"],"picked":"Burning Pact","floor":18},{"not_picked":["Blood for Blood","Whirlwind","Pummel"],"picked":"SKIP","floor":19},{"not_picked":["Shockwave","Rupture"],"picked":"Shrug It Off","floor":22},{"not_picked":["Evolve+1","Clothesline","Double Tap"],"picked":"SKIP","floor":23},{"not_picked":["Cleave","Headbutt"],"picked":"Offering","floor":25},{"not_picked":["Heavy Blade","Combust+1"],"picked":"Seeing Red","floor":28},{"not_picked":["Deflect","LikeWater"],"picked":"Reinforced Body","floor":31},{"not_picked":["Creative AI","Reboot"],"picked":"Alpha","floor":33},{"not_picked":["CutThroughFate","Underhanded Strike+1"],"picked":"Sentinel","floor":35},{"not_picked":["Fasting2","Halt","Havoc"],"picked":"SKIP","floor":36},{"not_picked":["Scrape","Disarm","Heel Hook"],"picked":"SKIP","floor":37},{"not_picked":["Predator","FearNoEvil+1","Armaments"],"picked":"SKIP","floor":39},{"not_picked":["Conserve Battery","Auto Shields"],"picked":"Flash of Steel+1","floor":40},{"not_picked":["Backflip","Armaments+1"],"picked":"Bloodletting","floor":41},{"not_picked":["Tempest","Steam"],"picked":"Footwork+1","floor":42},{"not_picked":["Calculated Gamble+1","Infinite Blades","Headbutt"],"picked":"SKIP","floor":46},{"not_picked":["Bane","Sucker Punch","Second Wind"],"picked":"SKIP","floor":48},{"not_picked":["Rebound+1","Compile Driver","BattleHymn"],"picked":"SKIP","floor":55}],"player_experience":1224603,"relics_obtained":[{"floor":9,"key":"Centennial Puzzle"},{"floor":10,"key":"Mummified Hand"},{"floor":12,"key":"Ginger"},{"floor":14,"key":"MealTicket"},{"floor":23,"key":"Turnip"},{"floor":25,"key":"Calipers"},{"floor":26,"key":"Gambling Chip"},{"floor":27,"key":"Peace Pipe"},{"floor":31,"key":"Darkstone Periapt"},{"floor":41,"key":"PreservedInsect"},{"floor":45,"key":"Magic Flower"},{"floor":48,"key":"Juzu Bracelet"},{"floor":55,"key":"Nunchaku"}],"event_choices":[{"damage_healed":0,"gold_gain":0,"cards_transformed":["Strike_R"],"player_choice":"Change","damage_taken":0,"max_hp_gain":0,"max_hp_loss":0,"event_name":"Living Wall","floor":2,"gold_loss":0,"cards_obtained":["Shockwave"]},{"cards_removed":["Defend_R"],"damage_healed":0,"gold_gain":0,"player_choice":"Card Removal","damage_taken":0,"max_hp_gain":0,"max_hp_loss":0,"event_name":"The Cleric","floor":3,"gold_loss":75},{"damage_healed":0,"gold_gain":0,"player_choice":"Entered Light","damage_taken":25,"max_hp_gain":0,"max_hp_loss":0,"event_name":"Shining Light","floor":5,"gold_loss":0,"cards_upgraded":["Dropkick","Defend_R"]},{"damage_healed":0,"gold_gain":0,"player_choice":"Shed Blood","damage_taken":29,"max_hp_gain":5,"max_hp_loss":0,"event_name":"Forgotten Altar","floor":20,"gold_loss":0},{"cards_removed":["Immolate"],"damage_healed":79,"gold_gain":0,"player_choice":"Offered Rare","damage_taken":0,"max_hp_gain":10,"max_hp_loss":0,"event_name":"Bonfire Elementals","floor":21,"gold_loss":0},{"cards_removed":["Spot Weakness"],"damage_healed":0,"gold_gain":0,"player_choice":"Purged","damage_taken":0,"max_hp_gain":0,"max_hp_loss":0,"event_name":"Purifier","floor":30,"gold_loss":0},{"damage_healed":0,"gold_gain":0,"player_choice":"Fight","damage_taken":0,"max_hp_gain":0,"max_hp_loss":0,"event_name":"MindBloom","floor":45,"gold_loss":0},{"damage_healed":0,"gold_gain":0,"player_choice":"Max HP","damage_taken":0,"max_hp_gain":0,"max_hp_loss":5,"event_name":"Winding Halls","floor":47,"gold_loss":0}],"is_beta":false,"boss_relics":[{"not_picked":["Busted Crown","Philosopher\u0027s Stone"],"picked":"Astrolabe"},{"not_picked":["Calling Bell","Snecko Eye"],"picked":"Fusion Hammer"}],"items_purged_floors":[29],"is_endless":false,"potions_floor_spawned":[1,4,16,18,28,31,33,36,41,42,46,55],"ascension_level":20}}