{"host":"tr12w2fixbnujl15","time":1609857294,"event":{"mods":["2.2 Compatiblity","BaseMod","Better Skull","BetterRewards","Colored Powertips","Evolution","Hubris","Infinite Spire","Minty Spire (QoL Compilation)","Quick Restart","Replay The Spire","Shop Mod","StSLib","SuperFastMode","The Necromancer","The Sage","The Senshi","The Servant 0.9.4","The Spell Scribe","TheFirefly","WarShipGirlsR/????R mod"],"gold_per_floor":[188,202,213,213,213,213,231,231,255,29,29,42,42,59,59,59,59],"floor_reached":16,"playtime":489,"items_purged":["Regret"],"score":92,"play_id":"b7157b0b-aef0-4dc7-8421-a0bcc6c3e44a","local_time":"20210105093454","is_ascension_mode":false,"campfire_choices":[{"floor":11,"key":"REST"},{"data":"sagemod:Taste_This_One","floor":15,"key":"SMITH"}],"circlet_count":0,"master_deck":["sagemod:Strike+1","sagemod:Strike+1","sagemod:Strike","sagemod:Strike","sagemod:Defend","sagemod:Defend","sagemod:Defend","sagemod:Defend","sagemod:Fly","sagemod:Upwards","sagemod:Armor_Brew","sagemod:How_To_Warm_Elephants","sagemod:Study","Doubt","sagemod:Energetic_Brew","Shame","hubris:Wrath","infinitespire:Fortify","sagemod:Taste_This_One+1","sagemod:How_To_Murder_Ants","sagemod:Armor_Brew","sagemod:Armor_Brew"],"relics":["sagemod:Flying_Carpet","EVO:Axolotl","NeowsBlessing","infinitespire:Satchel","Ring of Fangs","MealTicket"],"acts_visited":["Exordium"],"potions_floor_usage":[7,7,7,12,12,12,14,14,16,16,16,16,16],"damage_taken":[{"damage":0,"enemies":"Jaw Worm","floor":1,"turns":1},{"damage":0,"enemies":"2 Louse","floor":2,"turns":1},{"damage":0,"enemies":"Small Slimes","floor":3,"turns":1},{"damage":37,"enemies":"Exordium Thugs","floor":7,"turns":10},{"damage":5,"enemies":"Looter","floor":12,"turns":5},{"damage":3,"enemies":"2 Fungi Beasts","floor":14,"turns":4},{"damage":42,"enemies":"Hexaghost","floor":16,"turns":9}],"seed_played":"4666534515211244519","potions_obtained":[{"floor":2,"key":"Languid Potion"},{"floor":3,"key":"Ancient Potion"}],"is_trial":false,"path_per_floor":["M","M","M","?","?","?","M","?","T","$","R","M","$","M","R","B"],"character_chosen":"THE_SAGE","items_purchased":["sagemod:Taste_This_One","sagemod:How_To_Murder_Ants"],"campfire_rested":1,"item_purchase_floors":[10,10],"current_hp_per_floor":[50,50,50,50,40,40,3,3,3,18,33,28,43,40,40,0,0],"gold":59,"neow_bonus":"THREE_ENEMY_KILL","is_daily":false,"chose_seed":false,"campfire_upgraded":1,"win_rate":0.0,"timestamp":1609857294,"path_taken":["M","M","M","?","?","?","M","?","T","$","R","M","?","?","R","BOSS"],"items_purchased_type":["Card","Card"],"build_version":"2020-12-22","purchased_purges":1,"victory":false,"max_hp_per_floor":[50,50,50,50,50,50,50,50,50,50,50,50,50,50,50,50,50],"card_choices":[{"not_picked":["sagemod:Perpetuum_Mobile","sagemod:How_To_Amuse_Sneckos"],"picked":"sagemod:Armor_Brew","floor":1},{"not_picked":["sagemod:Salty_Strike","sagemod:Fire_Brew"],"picked":"sagemod:How_To_Warm_Elephants","floor":2},{"not_picked":["sagemod:Let_It_Go","sagemod:How_To_Poke_At_Slimes"],"picked":"sagemod:Study","floor":3},{"not_picked":["sagemod:Pincer_Repair","sagemod:Grounded_Strike"],"picked":"sagemod:Energetic_Brew","floor":7},{"not_picked":["infinitespire:NeuralNetwork","infinitespire:SealOfDarkness+"],"picked":"infinitespire:Fortify","floor":8},{"not_picked":["sagemod:Cane_Strike","sagemod:Step_Back"],"picked":"sagemod:Armor_Brew","floor":12},{"not_picked":["sagemod:About_Clark","sagemod:How_To_Charm_A_Sentry"],"picked":"sagemod:Armor_Brew","floor":14}],"player_experience":28863,"relics_obtained":[{"floor":6,"key":"Ring of Fangs"},{"floor":9,"key":"MealTicket"}],"event_choices":[{"damage_healed":0,"gold_gain":0,"player_choice":"Box","damage_taken":0,"relics_obtained":["infinitespire:Satchel"],"max_hp_gain":0,"max_hp_loss":0,"event_name":"Big Fish","floor":4,"gold_loss":0,"cards_obtained":["Regret"]},{"damage_healed":0,"gold_gain":0,"player_choice":"Entered Light","damage_taken":10,"max_hp_gain":0,"max_hp_loss":0,"event_name":"Shining Light","floor":5,"gold_loss":0,"cards_upgraded":["sagemod:Strike","sagemod:Strike"]}],"is_beta":false,"boss_relics":[],"items_purged_floors":[10],"is_endless":false,"potions_floor_spawned":[2,3],"killed_by":"Hexaghost","ascension_level":0}}