{"host":"h5acbxt0wmjo1kpm","time":1609847233,"event":{"mods":["2.2 Compatiblity","Act Like it!","AlwaysNeverKeys","Aspiration","Bard","Bartender","BaseMod","Better Third Choice","Colored Map","Elementarium","Gensokyo","GifTheSpireLib","Hallownest","Marisa????????","Menagerie","Minty Spire (QoL Compilation)","Permanent Neow","Potionbrewer","Relic Filter","Remilia??????","Replay The Spire","Robot Space Explorer","RumiaBox-????????","Shade Mod","Spicy Shops","StSLib","Strawberry Spire","The Blackbeard","The Dragon Tamer","The Gatherer","The Hayseed","The Problem Sleuth","The Servant 0.9.4","Wandering Minibosses","vexMod"],"gold_per_floor":[113,125,125,125,86,86,120,139,166,166,196,211,226,251,251,322,322,322,322],"floor_reached":18,"playtime":1129,"items_purged":[],"score":349,"play_id":"577f30b5-1f28-49b7-aaa9-92c46b09f09b","local_time":"20210105034713","is_ascension_mode":true,"campfire_choices":[{"data":"TheSimpletonMod:ReapAndSow","floor":6.0,"key":"SMITH"},{"data":"TheSimpletonMod:Polyculture","floor":10.0,"key":"SMITH"},{"data":"TheSimpletonMod:SoilSample","floor":15.0,"key":"SMITH"}],"circlet_count":0,"master_deck":["AscendersBane","TheSimpletonMod:Strike_TheSimpleton","TheSimpletonMod:Strike_TheSimpleton","TheSimpletonMod:Strike_TheSimpleton","TheSimpletonMod:Strike_TheSimpleton","TheSimpletonMod:Defend_TheSimpleton","TheSimpletonMod:Defend_TheSimpleton","TheSimpletonMod:Defend_TheSimpleton","TheSimpletonMod:Defend_TheSimpleton","TheSimpletonMod:Haymaker","TheSimpletonMod:ReapAndSow+1","TheSimpletonMod:Polyculture+1","TheSimpletonMod:CloseScrape","Injury","TheSimpletonMod:Strawberries+1","TheSimpletonMod:Potatoes+1","TheSimpletonMod:Photosynthesis+1","TheSimpletonMod:Mulch","TheSimpletonMod:SoilSample+1","TheSimpletonMod:Fecundity+1"],"relics":["TheSimpletonMod:SpudOfTheInnocent","TheSimpletonMod:NightSoil","TheSimpletonMod:TheHarvester","NeowsBlessing","Frozen Egg 2","vexMod:InvisibilityCloak","Blue Doll","Protect_Vest","Lantern"],"acts_visited":["Exordium","Elementarium:Elementarium"],"potions_floor_usage":[18],"damage_taken":[{"damage":0.0,"enemies":"Jaw Worm","floor":1.0,"turns":1.0},{"damage":0.0,"enemies":"Small Slimes","floor":2.0,"turns":2.0},{"damage":0.0,"enemies":"3 Sentries","floor":7.0,"turns":3.0},{"damage":6.0,"enemies":"2 Louse","floor":8.0,"turns":4.0},{"damage":23.0,"enemies":"Lagavulin","floor":11.0,"turns":6.0},{"damage":3.0,"enemies":"Red Slaver","floor":12.0,"turns":2.0},{"damage":0.0,"enemies":"2 Fungi Beasts","floor":13.0,"turns":2.0},{"damage":20.0,"enemies":"Gremlin Nob","floor":14.0,"turns":4.0},{"damage":32.0,"enemies":"The Guardian","floor":16.0,"turns":14.0},{"damage":33,"enemies":"Elementarium:Cyclone","floor":18,"turns":6}],"seed_played":"6527832420008171185","potions_obtained":[{"floor":1.0,"key":"potionbrewer:ToxicPotion"},{"floor":11.0,"key":"Weak Potion"},{"floor":12.0,"key":"Explosive Potion"},{"floor":14.0,"key":"Doom Potion"},{"floor":16.0,"key":"TheSimpletonMod:MoonshinePotion"}],"is_trial":false,"path_per_floor":["M","M","?","?","$","R","E","M","T","R","E","M","M","E","R","B",null,"M"],"character_chosen":"THE_SIMPLETON","items_purchased":["TheSimpletonMod:Potatoes+1"],"campfire_rested":0,"item_purchase_floors":[5],"current_hp_per_floor":[64,64,64,64,64,64,66,62,62,62,45,42,42,32,32,6,55,26,26],"gold":322,"neow_bonus":"THREE_ENEMY_KILL","is_daily":false,"chose_seed":false,"campfire_upgraded":3,"win_rate":0.0,"timestamp":1609847233,"path_taken":["M","M","?","?","$","R","E","M","T","R","E","M","M","E","R","BOSS","M"],"items_purchased_type":["Card"],"build_version":"2020-12-22","purchased_purges":0,"victory":false,"max_hp_per_floor":[71,71,71,71,71,71,71,71,71,71,71,71,71,71,71,71,71,71,71],"card_choices":[{"not_picked":["TheSimpletonMod:PestManagement","TheSimpletonMod:OnionBloom"],"picked":"TheSimpletonMod:Polyculture","floor":1.0},{"not_picked":["TheSimpletonMod:Pruning","TheSimpletonMod:ToughenUp"],"picked":"TheSimpletonMod:CloseScrape","floor":2.0},{"not_picked":["TheSimpletonMod:CullingStrike","TheSimpletonMod:DigIn","TheSimpletonMod:Rototilling"],"picked":"SKIP","floor":7.0},{"not_picked":["TheSimpletonMod:BumperCrop","TheSimpletonMod:Fertilaser"],"picked":"TheSimpletonMod:Photosynthesis+1","floor":8.0},{"not_picked":["TheSimpletonMod:DoubleBarrel","TheSimpletonMod:ToughenUp","TheSimpletonMod:VineRipen"],"picked":"SKIP","floor":11.0},{"not_picked":["TheSimpletonMod:CropRotation","TheSimpletonMod:SpiceUp"],"picked":"TheSimpletonMod:Mulch","floor":12.0},{"not_picked":["TheSimpletonMod:Rake","TheSimpletonMod:Fertilaser","TheSimpletonMod:SaladShooter"],"picked":"SKIP","floor":13.0},{"not_picked":["TheSimpletonMod:GoToMarket","TheSimpletonMod:Barnstorm"],"picked":"TheSimpletonMod:SoilSample","floor":14.0},{"not_picked":["TheSimpletonMod:BuzzBomb","TheSimpletonMod:Barnstorm"],"picked":"TheSimpletonMod:Fecundity+1","floor":16.0}],"player_experience":2152241,"relics_obtained":[{"floor":7.0,"key":"vexMod:InvisibilityCloak"},{"floor":9.0,"key":"Blue Doll"},{"floor":11.0,"key":"Protect_Vest"},{"floor":14.0,"key":"Lantern"}],"event_choices":[],"is_beta":false,"boss_relics":[{"not_picked":["vexMod:DeviousBotling","vexMod:NewClearReactor","strawberrySpire:RottenAvocado"]}],"items_purged_floors":[],"is_endless":false,"potions_floor_spawned":[1,11,12,14,16],"killed_by":"Elementarium:Cyclone","ascension_level":14}}