{"host":"0jugj35n0ams2iav","time":1609848256,"event":{"mods":["BaseMod","Downfall","Hubris","Minty Spire (QoL Compilation)","Replay The Spire","StSLib","The Cursed","The Marked"],"gold_per_floor":[118,135,146,105,105,105,138,155,202,202,215,240,61,77,77,178,178,198,212,56,68,68,68,32,46,46,46,46,62,80,90,90,189,189,202,212,231,245,48,48,48,66,66,66,94,112,131,141,141,141],"floor_reached":51,"playtime":8538,"items_purged":["theMarked:Strike","theMarked:Strike"],"score":747,"play_id":"85441948-470d-484b-8e84-0eacd9a33294","local_time":"20210105120416","is_ascension_mode":false,"campfire_choices":[{"data":"theMarked:SoldierOfQuellstein","floor":6,"key":"SMITH"},{"floor":10,"key":"REST"},{"data":"theMarked:GodGivenPower","floor":15,"key":"SMITH"},{"data":"theMarked:ReduceFriction","floor":23,"key":"SMITH"},{"data":"theMarked:ReduceFriction","floor":27,"key":"SMITH"},{"data":"theMarked:Polarize","floor":32,"key":"SMITH"},{"data":"theMarked:TurnInvisible","floor":41,"key":"SMITH"},{"floor":49,"key":"REST"}],"circlet_count":0,"master_deck":["theMarked:Strike","theMarked:Strike","theMarked:Strike","theMarked:Defend","theMarked:Defend","theMarked:Defend","theMarked:Defend","theMarked:SoldierOfQuellstein+1","theMarked:ElectricStrings","theMarked:PowerFlow","theMarked:SwordAndMagic","theMarked:GodGivenPower+1","theMarked:PowerFlow","theMarked:Static","theMarked:Polarize+1","theMarked:EnhanceMovement+1","Thinking Ahead","Blind","theMarked:ReduceFriction+1","theMarked:SummonStrength","theMarked:Static","theMarked:ReduceFriction+1","theMarked:Static","theMarked:Static","theMarked:PowerFlow+1","theMarked:Generate","theMarked:Static","theMarked:GodGivenPower","theMarked:TurnInvisible","theMarked:AttractMetal+1","theMarked:TurnInvisible+1","expansioncontent:PrepareCrush","theMarked:Polarize+1","theMarked:WastefulDefense+1","theMarked:PowerFlow"],"relics":["theMarked:ArtifactOfAir","Pantograph","ReplayFunnel","Centennial Puzzle","ReplayTheSpireMod:ShopPack","Painkiller Herb","Matryoshka","Pet Ghost","hubris:SlimyHat","Bottled Flame","Toy Ornithopter"],"acts_visited":["Exordium","TheCity","TheBeyond"],"potions_floor_usage":[8,11,29,33,46,46,48,50],"damage_taken":[{"damage":2,"enemies":"Jaw Worm","floor":1,"turns":4},{"damage":1,"enemies":"Cultist","floor":2,"turns":4},{"damage":1,"enemies":"2 Louse","floor":3,"turns":4},{"damage":21,"enemies":"Gremlin Nob","floor":7,"turns":4},{"damage":3,"enemies":"Red Slaver","floor":8,"turns":2},{"damage":9,"enemies":"Large Slime","floor":11,"turns":5},{"damage":11,"enemies":"Lagavulin","floor":12,"turns":5},{"damage":5,"enemies":"Exordium Thugs","floor":14,"turns":4},{"damage":21,"enemies":"The Guardian","floor":16,"turns":6},{"damage":5,"enemies":"Spheric Guardian","floor":18,"turns":3},{"damage":0,"enemies":"Chosen","floor":19,"turns":3},{"damage":8,"enemies":"Snecko","floor":21,"turns":3},{"damage":5,"enemies":"Chosen and Byrds","floor":25,"turns":4},{"damage":0,"enemies":"Snake Plant","floor":29,"turns":2},{"damage":0,"enemies":"Snecko","floor":30,"turns":3},{"damage":9,"enemies":"Shelled Parasite and Fungi","floor":31,"turns":3},{"damage":28,"enemies":"hubris:MusketHawk","floor":33,"turns":5},{"damage":23,"enemies":"3 Darklings","floor":35,"turns":3},{"damage":3,"enemies":"Orb Walker","floor":36,"turns":3},{"damage":0,"enemies":"Spire Growth","floor":37,"turns":3},{"damage":0,"enemies":"Maw","floor":38,"turns":4},{"damage":7,"enemies":"Transient","floor":42,"turns":5},{"damage":8,"enemies":"Giant Head","floor":45,"turns":4},{"damage":13,"enemies":"4 Shapes","floor":46,"turns":2},{"damage":11,"enemies":"Spire Growth","floor":47,"turns":4},{"damage":3,"enemies":"Transient","floor":48,"turns":5},{"damage":18,"enemies":"Donu and Deca","floor":50,"turns":5}],"seed_played":"-7138362167194061574","potions_obtained":[{"floor":2,"key":"DistilledChaos"},{"floor":5,"key":"Weak Potion"},{"floor":5,"key":"Adrenaline Potion"},{"floor":5,"key":"Flashbang"},{"floor":8,"key":"Fire Potion"},{"floor":11,"key":"Fruit Juice"},{"floor":29,"key":"Explosive Potion"},{"floor":33,"key":"Ancient Potion"},{"floor":35,"key":"DuplicationPotion"},{"floor":46,"key":"hexamod:EctoCoolerPotion"}],"is_trial":false,"path_per_floor":["M","M","M","?","?","R","E","M","T","R","M","E","$","M","R","B",null,"?","?","T","?","?","T","T","?","T","T","?","?","?","?","T","B",null,"?","?","?","?","T","?","T","?","T","T","E","?","?","?","T","B",null],"character_chosen":"THE_DEFAULT","items_purchased":["ReplayTheSpireMod:ShopPack","theMarked:EnhanceMovement+1","theMarked:ReduceFriction","theMarked:Static","expansioncontent:PrepareCrush"],"campfire_rested":2,"item_purchase_floors":[13,13,20,24,39],"current_hp_per_floor":[75,74,73,73,73,73,52,49,49,72,63,52,52,47,47,51,77,72,72,72,64,64,64,64,59,59,59,59,59,59,50,50,52,82,59,56,56,56,56,56,56,49,49,49,41,38,27,29,53,65],"gold":141,"neow_bonus":"TEN_PERCENT_HP_BONUS","is_daily":false,"chose_seed":false,"campfire_upgraded":6,"win_rate":0.0,"timestamp":1609848256,"path_taken":["M","M","M","?","?","R","E","?","T","R","M","E","$","M","R","BOSS","?","?","T","?","?","T","T","?","T","T","?","?","?","?","T","BOSS","?","?","?","?","T","?","T","?","T","?","E","?","?","?","T","BOSS"],"items_purchased_type":["Relic","Card","Card","Card","Card"],"build_version":"2020-12-22","purchased_purges":2,"victory":true,"max_hp_per_floor":[77,77,77,77,77,77,77,77,77,77,77,77,77,77,77,77,77,77,77,77,77,77,77,77,77,77,77,77,77,77,77,77,82,82,82,82,82,82,82,82,82,82,82,82,82,82,82,82,82,82],"card_choices":[{"not_picked":["theMarked:HeightenedSenses","theMarked:Frustration"],"picked":"theMarked:ElectricStrings","floor":1},{"not_picked":["theMarked:ElectricStrings","theMarked:Convert"],"picked":"theMarked:PowerFlow","floor":2},{"not_picked":["theMarked:ChainLightning","theMarked:HeightenedSenses"],"picked":"theMarked:SwordAndMagic","floor":3},{"not_picked":["theMarked:EmpowerWeapon","theMarked:Aftermath"],"picked":"theMarked:GodGivenPower","floor":7},{"not_picked":["theMarked:MysticalArsenal","theMarked:LightningStrikesTwice"],"picked":"theMarked:PowerFlow","floor":8},{"not_picked":["theMarked:WastefulAttack","theMarked:DeterminationOfTheMarked"],"picked":"theMarked:Static","floor":11},{"not_picked":["theMarked:EmpowerWeapon","theMarked:Snap"],"picked":"theMarked:Polarize","floor":12},{"not_picked":["Specialist","Replay:Sssssssssstrike"],"picked":"Thinking Ahead","floor":13},{"not_picked":["expansioncontent:GoopSpray","Jack Of All Trades"],"picked":"Blind","floor":13},{"not_picked":["theMarked:HeritageOfTheMarked","theMarked:Aftermath"],"picked":"theMarked:ReduceFriction","floor":14},{"not_picked":["theMarked:DispelDoubt","theMarked:ChannelForce"],"picked":"theMarked:SummonStrength","floor":16},{"not_picked":["theMarked:HeightenedSenses","theMarked:Indomitable"],"picked":"theMarked:Static","floor":18},{"not_picked":["theMarked:ElementalBlade","theMarked:WastefulDefense+1","theMarked:Parry"],"picked":"SKIP","floor":19},{"not_picked":["theMarked:RepellingDischarge","theMarked:Opportunist+1","theMarked:MysticalArsenal"],"picked":"SKIP","floor":21},{"not_picked":["theMarked:Electrocute","theMarked:Improvise"],"picked":"theMarked:PowerFlow+1","floor":25},{"not_picked":["theMarked:Electrocute","theMarked:ChainLightning"],"picked":"theMarked:Generate","floor":29},{"not_picked":["theMarked:Aftermath","theMarked:FavorableWinds"],"picked":"theMarked:Static","floor":30},{"not_picked":["theMarked:MysticalArsenal","theMarked:ChainLightning"],"picked":"theMarked:GodGivenPower","floor":31},{"not_picked":["theMarked:ChannelForce","theMarked:SuspiciousRaven"],"picked":"theMarked:TurnInvisible","floor":33},{"not_picked":["theMarked:SwordAndMagic","theMarked:Improvise","theMarked:ChainLightning+1"],"picked":"SKIP","floor":35},{"not_picked":["theMarked:WastefulAttack","theMarked:ContemptForTheProud","theMarked:KeepCalmAndFightOn"],"picked":"SKIP","floor":36},{"not_picked":["theMarked:Improvise","theMarked:TunnelVision"],"picked":"theMarked:AttractMetal+1","floor":37},{"not_picked":["theMarked:TwofoldDefense","theMarked:LightningStrikesTwice"],"picked":"theMarked:TurnInvisible","floor":38},{"not_picked":["theMarked:SelfDefenseTraining+1","theMarked:Reabsorb"],"picked":"theMarked:WastefulDefense+1","floor":42},{"not_picked":["theMarked:WastefulAttack","theMarked:HeightenedSenses","theMarked:ElectricStrings+1"],"picked":"SKIP","floor":45},{"not_picked":["theMarked:Frustration+1","theMarked:StartUp+1"],"picked":"theMarked:PowerFlow","floor":46},{"not_picked":["theMarked:ChainLightning","theMarked:WastefulAttack+1","theMarked:Static+1"],"picked":"SKIP","floor":47},{"not_picked":["theMarked:KeepCalmAndFightOn","theMarked:Parkour+1","theMarked:Overcharge"],"picked":"SKIP","floor":48}],"player_experience":92456,"relics_obtained":[{"floor":7,"key":"Pantograph"},{"floor":9,"key":"ReplayFunnel"},{"floor":12,"key":"Centennial Puzzle"},{"floor":26,"key":"Matryoshka"},{"floor":28,"key":"Pet Ghost"},{"floor":43,"key":"hubris:SlimyHat"},{"floor":43,"key":"Bottled Flame"},{"floor":45,"key":"Toy Ornithopter"}],"event_choices":[{"damage_healed":0,"gold_gain":0,"player_choice":"Left Gold","damage_taken":0,"max_hp_gain":0,"max_hp_loss":0,"event_name":"World of Goop","floor":4,"gold_loss":41},{"damage_healed":0,"gold_gain":0,"player_choice":"Got Potions","damage_taken":0,"max_hp_gain":0,"max_hp_loss":0,"event_name":"Lab","floor":5,"gold_loss":0},{"damage_healed":0,"gold_gain":0,"player_choice":"Relic","damage_taken":0,"max_hp_gain":0,"max_hp_loss":0,"event_name":"Wheel of Change","floor":28,"gold_loss":0},{"damage_healed":0,"gold_gain":0,"player_choice":"Copied","damage_taken":0,"max_hp_gain":0,"max_hp_loss":0,"event_name":"Duplicator","floor":40,"gold_loss":0,"cards_obtained":["theMarked:Polarize"]}],"is_beta":false,"boss_relics":[{"not_picked":["ReplayTheSpireMod:DimensionalGlitch","Astrolabe"],"picked":"Painkiller Herb"},{"not_picked":["hubris:CrackedHourglass","Coffee Dripper","hubris:RunicObelisk"]}],"items_purged_floors":[20,39],"is_endless":false,"potions_floor_spawned":[2,8,11,14,16,19,25,29,33,35,45,46],"ascension_level":0}}