{"host":"94aus4jnk6thj94q","time":1609857052,"event":{"mods":["BaseMod","Minty Spire (QoL Compilation)","Quick Restart","StSLib"],"gold_per_floor":[116,90,110,110,124,29,29,50,75,75,90,90,108,129,129,259,259,282,332,353,95,95,95,22,22,46,46,46,46,46,61,61,180,180,198,223,28,128,128,128],"floor_reached":39,"playtime":11404,"items_purged":[],"score":369,"play_id":"853732ac-916d-424e-ab81-a50ec3978911","local_time":"20210105163052","is_ascension_mode":false,"campfire_choices":[{"data":"Sunder","floor":7,"key":"SMITH"},{"floor":10,"key":"REST"},{"data":"Consume","floor":12,"key":"SMITH"},{"floor":15,"key":"REST"},{"floor":23,"key":"REST"},{"floor":25,"key":"RECALL"},{"data":"Static Discharge","floor":27,"key":"SMITH"},{"data":"Lockon","floor":30,"key":"SMITH"},{"floor":32,"key":"REST"}],"circlet_count":0,"master_deck":["Strike_B","Strike_B","Strike_B","Strike_B","Defend_B","Defend_B","Defend_B","Defend_B","Zap","Dualcast","Chaos","Glacier","Injury","Ball Lightning","Redo","Sunder+1","Consume+1","Capacitor","Loop+1","Electrodynamics","Leap","Lockon+1","Static Discharge+1","Core Surge","Conserve Battery"],"relics":["Cracked Core","Golden Idol","Inserter","White Beast Statue","MealTicket","Nuclear Battery","Bronze Scales"],"acts_visited":["Exordium","TheCity","TheBeyond"],"potions_floor_usage":[13,16,18,20,33,39],"damage_taken":[{"damage":1,"enemies":"Jaw Worm","floor":1,"turns":3},{"damage":1,"enemies":"Cultist","floor":3,"turns":3},{"damage":4,"enemies":"2 Louse","floor":5,"turns":3},{"damage":9,"enemies":"Exordium Thugs","floor":8,"turns":5},{"damage":5,"enemies":"Looter","floor":11,"turns":3},{"damage":4,"enemies":"Red Slaver","floor":13,"turns":3},{"damage":2,"enemies":"Exordium Thugs","floor":14,"turns":4},{"damage":27,"enemies":"The Guardian","floor":16,"turns":12},{"damage":10,"enemies":"Spheric Guardian","floor":18,"turns":4},{"damage":8,"enemies":"Shell Parasite","floor":20,"turns":8},{"damage":26,"enemies":"Sentry and Sphere","floor":31,"turns":4},{"damage":36,"enemies":"Collector","floor":33,"turns":5},{"damage":32,"enemies":"3 Darklings","floor":35,"turns":5},{"damage":16,"enemies":"Orb Walker","floor":36,"turns":4},{"damage":34,"enemies":"Spire Growth","floor":39,"turns":5}],"seed_played":"-8135531466176750691","potions_obtained":[{"floor":1,"key":"Fire Potion"},{"floor":3,"key":"BlessingOfTheForge"},{"floor":11,"key":"Block Potion"},{"floor":18,"key":"Energy Potion"},{"floor":31,"key":"Weak Potion"},{"floor":33,"key":"Energy Potion"},{"floor":35,"key":"SneckoOil"},{"floor":36,"key":"Strength Potion"}],"is_trial":false,"path_per_floor":["M","?","M","?","M","$","R","M","T","R","M","R","M","M","R","B",null,"M","?","M","$","?","R","$","R","T","R","$","?","R","M","R","B",null,"M","M","$","?","M"],"character_chosen":"DEFECT","items_purchased":["Redo","Sunder","White Beast Statue","Static Discharge","Conserve Battery","Bronze Scales"],"campfire_rested":4,"item_purchase_floors":[6,6,21,24,37,37],"current_hp_per_floor":[74,74,73,73,69,69,69,60,60,75,70,70,66,64,75,48,75,65,65,57,57,57,75,75,75,75,75,75,75,75,49,71,35,75,43,27,42,42,8,8],"gold":128,"neow_bonus":"THREE_CARDS","is_daily":false,"chose_seed":false,"campfire_upgraded":4,"win_rate":0.0,"timestamp":1609857052,"path_taken":["M","?","M","?","M","$","R","M","T","R","M","R","M","M","R","BOSS","M","?","?","$","?","R","?","R","T","R","$","?","R","M","R","BOSS","M","M","$","?","?"],"items_purchased_type":["Card","Card","Relic","Card","Card","Relic"],"build_version":"2020-12-22","purchased_purges":0,"victory":false,"max_hp_per_floor":[75,75,75,75,75,75,75,75,75,75,75,75,75,75,75,75,75,75,75,75,75,75,75,75,75,75,75,75,75,75,75,75,75,75,75,75,75,75,75,75],"card_choices":[{"not_picked":["Darkness","Sweeping Beam"],"picked":"Chaos","floor":0},{"not_picked":["Aggregate","Turbo","Heatsinks"],"picked":"SKIP","floor":1},{"not_picked":["Turbo","Go for the Eyes"],"picked":"Glacier","floor":3},{"not_picked":["Coolheaded","Chaos"],"picked":"Ball Lightning","floor":5},{"not_picked":["Rebound","Redo"],"picked":"Consume","floor":8},{"not_picked":["Steam","Hologram"],"picked":"Capacitor","floor":11},{"not_picked":["Genetic Algorithm","Beam Cell"],"picked":"Loop","floor":13},{"not_picked":["Stack","Sweeping Beam","Recycle"],"picked":"SKIP","floor":14},{"not_picked":["Meteor Strike","Creative AI"],"picked":"Electrodynamics","floor":16},{"not_picked":["Beam Cell","Sweeping Beam"],"picked":"Leap","floor":18},{"not_picked":["Beam Cell+1","Reinforced Body"],"picked":"Lockon","floor":20},{"not_picked":["Barrage","Sweeping Beam","Skim"],"picked":"SKIP","floor":31},{"not_picked":["Hyperbeam","Fission"],"picked":"Core Surge","floor":33},{"not_picked":["Go for the Eyes","Sweeping Beam","Streamline"],"picked":"SKIP","floor":35},{"not_picked":["Force Field+1","Steam","Streamline"],"picked":"SKIP","floor":36}],"player_experience":5689990,"relics_obtained":[{"floor":26,"key":"MealTicket"}],"event_choices":[{"damage_healed":0,"gold_gain":0,"player_choice":"Left Gold","damage_taken":0,"max_hp_gain":0,"max_hp_loss":0,"event_name":"World of Goop","floor":2,"gold_loss":26},{"damage_healed":0,"gold_gain":0,"player_choice":"Take Wound","damage_taken":0,"relics_obtained":["Golden Idol"],"max_hp_gain":0,"max_hp_loss":0,"event_name":"Golden Idol","floor":4,"gold_loss":0,"cards_obtained":["Injury"]},{"damage_healed":0,"gold_gain":100,"player_choice":"Bet on Murderer","damage_taken":0,"max_hp_gain":0,"max_hp_loss":0,"event_name":"The Joust","floor":19,"gold_loss":50},{"damage_healed":0,"gold_gain":0,"player_choice":"Upgraded","damage_taken":0,"max_hp_gain":0,"max_hp_loss":0,"event_name":"Upgrade Shrine","floor":22,"gold_loss":0,"cards_upgraded":["Loop"]},{"damage_healed":0,"gold_gain":0,"player_choice":"Ignored","damage_taken":0,"max_hp_gain":0,"max_hp_loss":0,"event_name":"Vampires","floor":29,"gold_loss":0},{"damage_healed":0,"gold_gain":100,"player_choice":"Pray","damage_taken":0,"max_hp_gain":0,"max_hp_loss":0,"event_name":"Golden Shrine","floor":38,"gold_loss":0}],"is_beta":false,"boss_relics":[{"not_picked":["Runic Pyramid","Ectoplasm"],"picked":"Inserter"},{"not_picked":["Empty Cage","Snecko Eye"],"picked":"Nuclear Battery"}],"items_purged_floors":[],"is_endless":false,"potions_floor_spawned":[1,3,11,18,31,33,35,36],"killed_by":"Spire Growth","ascension_level":0}}