{"host":"wha9hktbkslqvblg","time":1609827759,"event":{"mods":["BaseMod","Colored Map","Minty Spire (QoL Compilation)","Relic Stats","SuperFastMode","everything is the same but u backflip on backflip"],"gold_per_floor":[111,36,36,111,111,143,143,175,202,216,216,236,254,264,264,264,264],"floor_reached":16,"playtime":262,"items_purged":["Strike_R"],"score":320,"play_id":"dc2773c1-d6b7-482c-b315-66467ed9ed44","local_time":"20210105152239","is_ascension_mode":true,"campfire_choices":[{"data":"Body Slam","floor":11.0,"key":"SMITH"},{"data":"Pommel Strike","floor":15,"key":"SMITH"}],"circlet_count":0,"master_deck":["AscendersBane","Strike_R","Strike_R","Strike_R","Strike_R","Defend_R","Defend_R","Defend_R","Defend_R","Bash","Body Slam+1","Battle Trance","Pommel Strike+1"],"relics":["Burning Blood","NeowsBlessing","Eternal Feather","Sundial","Centennial Puzzle","CaptainsWheel","Blood Vial"],"acts_visited":["Exordium"],"potions_floor_usage":[16],"damage_taken":[{"damage":0.0,"enemies":"Jaw Worm","floor":1.0,"turns":1.0},{"damage":0.0,"enemies":"3 Sentries","floor":6.0,"turns":2.0},{"damage":0.0,"enemies":"Gremlin Nob","floor":8.0,"turns":1.0},{"damage":3.0,"enemies":"Small Slimes","floor":10.0,"turns":3.0},{"damage":10.0,"enemies":"2 Louse","floor":12.0,"turns":2.0},{"damage":1.0,"enemies":"2 Fungi Beasts","floor":13.0,"turns":4.0},{"damage":14,"enemies":"Lots of Slimes","floor":14,"turns":5},{"damage":46,"enemies":"Slime Boss","floor":16,"turns":8}],"seed_played":"5729730478979137301","potions_obtained":[{"floor":8.0,"key":"Explosive Potion"},{"floor":12.0,"key":"FearPotion"},{"floor":13,"key":"DistilledChaos"}],"is_trial":false,"path_per_floor":["M","$","?","?","?","E","?","E","T","M","R","M","M","M","R","B"],"character_chosen":"IRONCLAD","items_purchased":[],"campfire_rested":0,"item_purchase_floors":[],"current_hp_per_floor":[74,74,39,28,28,34,34,40,40,45,51,49,56,50,56,12,12],"gold":264,"neow_bonus":"THREE_ENEMY_KILL","is_daily":false,"chose_seed":false,"campfire_upgraded":2,"win_rate":0.0,"timestamp":1609827759,"path_taken":["M","$","?","?","?","E","?","E","T","M","R","M","?","M","R","BOSS"],"items_purchased_type":[],"build_version":"2020-12-22","purchased_purges":1,"victory":false,"max_hp_per_floor":[75,75,75,75,75,75,75,75,75,75,75,75,75,75,75,75,75],"relic_stats":{"Blood Vial":10,"Centennial Puzzle":[15],"counters":[8,26],"Sundial":[8],"Eternal Feather":12,"obtain_stats":[{"Blood Vial":9,"Centennial Puzzle":7,"CaptainsWheel":8,"NeowsBlessing":0,"Sundial":6,"Eternal Feather":3,"Burning Blood":0},{"Blood Vial":3,"Centennial Puzzle":2,"CaptainsWheel":3,"NeowsBlessing":0,"Sundial":2,"Eternal Feather":1,"Burning Blood":0},{"Blood Vial":4,"Centennial Puzzle":3,"CaptainsWheel":4,"NeowsBlessing":0,"Sundial":3,"Eternal Feather":1,"Burning Blood":0}],"Burning Blood":42},"card_choices":[{"not_picked":["Metallicize","Reckless Charge"],"picked":"Body Slam","floor":1.0},{"not_picked":["Blood for Blood","Perfected Strike"],"picked":"Battle Trance","floor":6.0},{"not_picked":["Feel No Pain","Body Slam"],"picked":"Pommel Strike","floor":8.0},{"not_picked":["Thunderclap","Infernal Blade","Rage"],"picked":"SKIP","floor":10.0},{"not_picked":["Flex","Spot Weakness","Battle Trance"],"picked":"SKIP","floor":12.0},{"not_picked":["Spot Weakness","Searing Blow","Ghostly Armor"],"picked":"SKIP","floor":13},{"not_picked":["True Grit","Rage","Twin Strike"],"picked":"SKIP","floor":14}],"player_experience":937587,"relics_obtained":[{"floor":6.0,"key":"Sundial"},{"floor":7.0,"key":"Centennial Puzzle"},{"floor":8.0,"key":"CaptainsWheel"},{"floor":9.0,"key":"Blood Vial"}],"event_choices":[{"damage_healed":0.0,"max_hp_gain":0.0,"max_hp_loss":0.0,"gold_gain":0.0,"event_name":"Scrap Ooze","player_choice":"Success","floor":3.0,"gold_loss":0.0,"damage_taken":35.0,"relics_obtained":["Eternal Feather"]},{"damage_healed":0.0,"max_hp_gain":0.0,"max_hp_loss":0.0,"gold_gain":75.0,"event_name":"World of Goop","player_choice":"Gather Gold","floor":4.0,"gold_loss":0.0,"damage_taken":11.0},{"damage_healed":0.0,"max_hp_gain":0.0,"max_hp_loss":0.0,"gold_gain":0.0,"event_name":"Liars Game","player_choice":"Ignored","floor":5.0,"gold_loss":0.0,"damage_taken":0.0},{"damage_healed":0.0,"max_hp_gain":0.0,"max_hp_loss":0.0,"gold_gain":0.0,"event_name":"Wheel of Change","player_choice":"Relic","floor":7.0,"gold_loss":0.0,"damage_taken":0.0}],"is_beta":false,"boss_relics":[],"items_purged_floors":[2],"is_endless":false,"potions_floor_spawned":[8,12,13],"killed_by":"Slime Boss","ascension_level":20}}