{"host":"6bsan6hkua32tfq7","time":1609811195,"event":{"mods":["BaseMod","Better Third Choice","Colored Map","Highlight Path","Minty Spire (QoL Compilation)","StSLib"],"gold_per_floor":[111,111,36,36,52,52,63,81,81,112,112,129,129,162,162,239,239,253,253,153,153,171,202,202,202,202],"floor_reached":25,"playtime":853,"items_purged":["Defend_G","Defend_G"],"score":458,"play_id":"a42da581-8d8a-40e7-994f-ed0f4994be9a","local_time":"20210105024635","is_ascension_mode":true,"campfire_choices":[{"data":"Dash","floor":6.0,"key":"SMITH"},{"data":"Malaise","floor":13.0,"key":"SMITH"},{"data":"Strike_G","floor":15.0,"key":"PURGE"},{"data":"Strike_G","floor":24.0,"key":"PURGE"}],"circlet_count":0,"master_deck":["AscendersBane","Strike_G","Strike_G","Strike_G","Defend_G","Defend_G","Defend_G","Survivor","Neutralize","Dash+1","Dagger Throw","Slice","Malaise+1","Deflect","Bane","Malaise","After Image","Crippling Poison","Ghostly","Ghostly","Ghostly","Writhe","PiercingWail","Deflect+1"],"relics":["Sozu","TungstenRod","Mango","Akabeko","Eternal Feather","Peace Pipe","Fusion Hammer","Ice Cream","Centennial Puzzle"],"acts_visited":["Exordium","TheCity"],"potions_floor_usage":[],"damage_taken":[{"damage":3.0,"enemies":"Small Slimes","floor":1.0,"turns":5.0},{"damage":0.0,"enemies":"Cultist","floor":5.0,"turns":4.0},{"damage":3.0,"enemies":"Jaw Worm","floor":7.0,"turns":3.0},{"damage":4.0,"enemies":"Exordium Wildlife","floor":8.0,"turns":2.0},{"damage":2.0,"enemies":"Lagavulin","floor":10.0,"turns":9.0},{"damage":0.0,"enemies":"Large Slime","floor":12.0,"turns":5.0},{"damage":24.0,"enemies":"3 Sentries","floor":14.0,"turns":10.0},{"damage":16.0,"enemies":"The Guardian","floor":16.0,"turns":16.0},{"damage":0.0,"enemies":"3 Byrds","floor":18.0,"turns":8.0},{"damage":0.0,"enemies":"Shell Parasite","floor":22.0,"turns":9.0},{"damage":12.0,"enemies":"Book of Stabbing","floor":23.0,"turns":10.0},{"damage":46,"enemies":"Gremlin Leader","floor":25,"turns":14}],"seed_played":"-3961248386724148866","potions_obtained":[],"is_trial":false,"path_per_floor":["M","?","$","T","M","R","M","M","T","E","T","M","R","E","R","B",null,"M","?","$","?","M","E","R","E"],"character_chosen":"THE_SILENT","items_purchased":[],"campfire_rested":0,"item_purchase_floors":[],"current_hp_per_floor":[56,56,56,56,56,56,53,49,63,61,61,61,70,46,55,39,70,70,40,40,40,40,28,40,0,0],"gold":202,"neow_bonus":"BOSS_RELIC","is_daily":false,"chose_seed":false,"campfire_upgraded":2,"win_rate":0.0,"timestamp":1609811195,"path_taken":["M","?","$","?","M","R","M","?","T","E","?","M","R","E","R","BOSS","M","?","$","?","M","E","R","E"],"items_purchased_type":[],"build_version":"2020-12-22","purchased_purges":2,"victory":false,"max_hp_per_floor":[66,66,66,66,66,66,66,66,80,80,80,80,80,80,80,80,80,80,40,40,40,40,40,40,40,40],"card_choices":[{"not_picked":["Dagger Throw","Acrobatics"],"picked":"Dash","floor":1.0},{"not_picked":["PiercingWail","Blade Dance"],"picked":"Dagger Throw","floor":5.0},{"not_picked":["Acrobatics","PiercingWail"],"picked":"Slice","floor":7.0},{"not_picked":["Flechettes","Noxious Fumes"],"picked":"Malaise","floor":8.0},{"not_picked":["Underhanded Strike","Blade Dance"],"picked":"Deflect","floor":10.0},{"not_picked":["Dodge and Roll","Cloak And Dagger"],"picked":"Bane","floor":12.0},{"not_picked":["Expertise","Grand Finale"],"picked":"Malaise","floor":14.0},{"not_picked":["Glass Knife","Corpse Explosion"],"picked":"After Image","floor":16.0},{"not_picked":["Concentrate","Riddle With Holes"],"picked":"Crippling Poison","floor":18.0},{"not_picked":["Dagger Spray+1","Prepared"],"picked":"PiercingWail","floor":22.0},{"not_picked":["Choke","Blade Dance+1"],"picked":"Deflect+1","floor":23.0}],"player_experience":5257379,"relics_obtained":[{"floor":4.0,"key":"TungstenRod"},{"floor":9.0,"key":"Mango"},{"floor":10.0,"key":"Akabeko"},{"floor":11.0,"key":"Eternal Feather"},{"floor":14.0,"key":"Peace Pipe"},{"floor":23.0,"key":"Centennial Puzzle"}],"event_choices":[{"damage_healed":0.0,"max_hp_gain":0.0,"max_hp_loss":0.0,"gold_gain":0.0,"event_name":"Lab","player_choice":"Got Potions","floor":2.0,"gold_loss":0.0,"damage_taken":0.0},{"damage_healed":0.0,"max_hp_gain":0.0,"max_hp_loss":40.0,"gold_gain":0.0,"event_name":"Ghosts","player_choice":"Became a Ghost","floor":19.0,"gold_loss":0.0,"damage_taken":0.0,"cards_obtained":["Ghostly","Ghostly","Ghostly"]},{"damage_healed":0.0,"max_hp_gain":0.0,"max_hp_loss":0.0,"gold_gain":0.0,"event_name":"The Mausoleum","player_choice":"Opened","floor":21.0,"gold_loss":0.0,"damage_taken":0.0,"relics_obtained":["Ice Cream"],"cards_obtained":["Writhe"]}],"is_beta":false,"boss_relics":[{"not_picked":["Ectoplasm","Coffee Dripper"],"picked":"Fusion Hammer"}],"items_purged_floors":[3,20],"is_endless":false,"potions_floor_spawned":[1,7,8,22],"killed_by":"Gremlin Leader","ascension_level":20}}