{"host":"j4g6ia6asvpyu2b0","time":1609875608,"event":{"mods":["BaseMod","Colored Map","Minty Spire (QoL Compilation)","Permanent Neow","Quick Restart","Relic Stats","StSLib","Unceasing Turn Reminder"],"gold_per_floor":[116,116,66,77,93,127,127,156,236,411,426,454,454,227,227,330,330,342,361,376,391,391,391,418,418,495,527,442,442,453,353,353,453,453,470,487,127,127,127,160,160,192,237,264,264,276,276,301,301,301,301,301,32,61,61,61],"floor_reached":55,"playtime":1719,"items_purged":["Doubt","Strike_B"],"score":1296,"play_id":"7d662b0d-6743-4ef6-8991-141edc422fc5","local_time":"20210105124008","is_ascension_mode":true,"campfire_choices":[{"data":"Zap","floor":7.0,"key":"SMITH"},{"data":"Dualcast","floor":13.0,"key":"SMITH"},{"data":"Hologram","floor":15.0,"key":"SMITH"},{"data":"Reprogram","floor":23.0,"key":"SMITH"},{"data":"Beam Cell","floor":25.0,"key":"SMITH"},{"data":"Scrape","floor":29.0,"key":"SMITH"},{"data":"Gash","floor":32.0,"key":"SMITH"},{"data":"Defragment","floor":41.0,"key":"SMITH"},{"data":"Gash","floor":45.0,"key":"SMITH"},{"floor":47.0,"key":"RECALL"},{"data":"FTL","floor":49,"key":"SMITH"},{"data":"Sweeping Beam","floor":52,"key":"SMITH"}],"circlet_count":0,"master_deck":["Strike_B","Defend_B","Defend_B","Defend_B+1","Defend_B","Zap+1","Dualcast+1","Gash+1","Rip and Tear","Steam+1","BootSequence","All For One","Cold Snap","Sweeping Beam+1","Echo Form","Self Repair","Gash+1","Hologram+1","Core Surge","Skim+1","Reprogram+1","Beam Cell+1","Gash+1","Scrape+1","Gash+1","FTL+1","Fission+1","Steam Power+1","Streamline+1","Defragment+1","Undo+1","White Noise+1","Coolheaded+1","Seek+1","Hologram+1","Capacitor+1","Scrape"],"relics":["Cracked Core","Akabeko","Unceasing Top","Vajra","Turnip","Runic Dome","Potion Belt","Toxic Egg 2","Tiny Chest","Sundial","Coffee Dripper","Lantern","Anchor","Frozen Egg 2","WingedGreaves","Orichalcum","War Paint","The Courier","Bag of Marbles","Mummified Hand","Calipers"],"acts_visited":["Exordium","TheCity","TheBeyond","TheEnding"],"potions_floor_usage":[54,55,55,55,55,55,55],"damage_taken":[{"damage":2.0,"enemies":"Jaw Worm","floor":1.0,"turns":3.0},{"damage":0.0,"enemies":"Small Slimes","floor":4.0,"turns":1.0},{"damage":0.0,"enemies":"2 Louse","floor":5.0,"turns":3.0},{"damage":15.0,"enemies":"3 Sentries","floor":6.0,"turns":6.0},{"damage":0.0,"enemies":"Gremlin Nob","floor":8.0,"turns":3.0},{"damage":0.0,"enemies":"Blue Slaver","floor":11.0,"turns":2.0},{"damage":5.0,"enemies":"3 Sentries","floor":12.0,"turns":5.0},{"damage":0.0,"enemies":"Slime Boss","floor":16.0,"turns":6.0},{"damage":0.0,"enemies":"Spheric Guardian","floor":18.0,"turns":3.0},{"damage":0.0,"enemies":"Chosen","floor":19.0,"turns":3.0},{"damage":7.0,"enemies":"Sentry and Sphere","floor":20.0,"turns":4.0},{"damage":9.0,"enemies":"3 Cultists","floor":21.0,"turns":5.0},{"damage":8.0,"enemies":"Gremlin Leader","floor":24.0,"turns":2.0},{"damage":14.0,"enemies":"Book of Stabbing","floor":27.0,"turns":3.0},{"damage":12.0,"enemies":"Shelled Parasite and Fungi","floor":30.0,"turns":3.0},{"damage":6.0,"enemies":"Champ","floor":33.0,"turns":5.0},{"damage":10.0,"enemies":"3 Shapes","floor":35.0,"turns":3.0},{"damage":0.0,"enemies":"Orb Walker","floor":36.0,"turns":2.0},{"damage":25.0,"enemies":"Reptomancer","floor":40.0,"turns":3.0},{"damage":7.0,"enemies":"Nemesis","floor":42.0,"turns":3.0},{"damage":0.0,"enemies":"Giant Head","floor":44.0,"turns":4.0},{"damage":19.0,"enemies":"Writhing Mass","floor":46.0,"turns":3.0},{"damage":0,"enemies":"Nemesis","floor":48,"turns":1},{"damage":14,"enemies":"Awakened One","floor":50,"turns":7},{"damage":55,"enemies":"Shield and Spear","floor":54,"turns":5},{"damage":45,"enemies":"The Heart","floor":55,"turns":2}],"seed_played":"-9221006913117132674","potions_obtained":[{"floor":4.0,"key":"Explosive Potion"},{"floor":6.0,"key":"Swift Potion"},{"floor":8.0,"key":"LiquidMemories"},{"floor":12.0,"key":"DuplicationPotion"},{"floor":18.0,"key":"DistilledChaos"},{"floor":21.0,"key":"FearPotion"},{"floor":27.0,"key":"Explosive Potion"},{"floor":30.0,"key":"Energy Potion"},{"floor":42.0,"key":"EntropicBrew"}],"is_trial":false,"path_per_floor":["M","?","?","M","M","E","R","E","T","?","M","E","R","$","R","B",null,"M","M","M","M","?","R","E","R","T","E","?","R","M","$","R","B",null,"M","M","$","?","T","E","R","E","T","E","R","M","R","E","R","B",null,"R","$","E","B"],"character_chosen":"DEFECT","items_purchased":["Self Repair","Gash","Hologram","Defragment","Lantern","Anchor","Mummified Hand","Capacitor+1"],"campfire_rested":0,"item_purchase_floors":[14,14,14,37,37,37,53,53],"current_hp_per_floor":[66,66,66,66,66,51,51,51,51,51,51,46,46,46,46,53,70,75,75,75,73,73,73,65,65,65,58,58,58,46,46,46,47,68,58,58,58,58,58,47,47,40,40,47,47,35,35,35,35,28,63,63,63,15,0,0],"gold":61,"neow_bonus":"RANDOM_COMMON_RELIC","is_daily":false,"chose_seed":false,"campfire_upgraded":11,"win_rate":0.0,"timestamp":1609875608,"path_taken":["M","?","?","M","M","E","R","E","T","?","M","E","R","$","R","BOSS","M","M","M","M","?","R","E","R","T","E","?","R","M","?","R","BOSS","M","M","$","?","?","E","R","E","T","E","R","?","R","E","R","BOSS","R","$","E","BOSS"],"items_purchased_type":["Card","Card","Card","Card","Relic","Relic","Relic","Card"],"build_version":"2020-12-22","purchased_purges":2,"victory":false,"max_hp_per_floor":[75,75,75,75,75,75,75,75,75,75,75,75,75,75,75,75,75,75,75,75,75,75,75,75,75,75,75,75,75,75,75,75,75,75,75,75,75,75,75,75,75,75,75,75,75,75,75,75,75,75,75,75,75,75,75,75],"relic_stats":{"counters":[26,90],"Sundial":[2],"Mummified Hand":[10],"Tiny Chest":1,"Turnip":[14],"Orichalcum":[6],"War Paint":["Defend_B","Steam"],"obtain_stats":[{"Potion Belt":24,"Lantern":37,"Calipers":54,"Vajra":8,"The Courier":44,"Frozen Egg 2":39,"Orichalcum":42,"War Paint":43,"Akabeko":0,"Runic Dome":17,"Anchor":37,"Sundial":28,"Mummified Hand":53,"Tiny Chest":27,"Turnip":12,"WingedGreaves":40,"Coffee Dripper":34,"Bag of Marbles":48,"Toxic Egg 2":26,"Cracked Core":0,"Unceasing Top":6},{"Potion Belt":13,"Lantern":18,"Calipers":25,"Vajra":5,"The Courier":21,"Frozen Egg 2":18,"Orichalcum":20,"War Paint":20,"Akabeko":0,"Runic Dome":8,"Anchor":18,"Sundial":14,"Mummified Hand":24,"Tiny Chest":14,"Turnip":7,"WingedGreaves":19,"Coffee Dripper":16,"Bag of Marbles":23,"Toxic Egg 2":13,"Cracked Core":0,"Unceasing Top":4},{"Potion Belt":46,"Lantern":62,"Calipers":88,"Vajra":16,"The Courier":72,"Frozen Egg 2":62,"Orichalcum":68,"War Paint":68,"Akabeko":0,"Runic Dome":29,"Anchor":62,"Sundial":49,"Mummified Hand":83,"Tiny Chest":49,"Turnip":23,"WingedGreaves":65,"Coffee Dripper":57,"Bag of Marbles":76,"Toxic Egg 2":46,"Cracked Core":0,"Unceasing Top":13}],"Unceasing Top":[51]},"card_choices":[{"not_picked":["Steam","Conserve Battery"],"picked":"Gash","floor":1.0},{"not_picked":["Blizzard","Barrage"],"picked":"Steam","floor":4.0},{"not_picked":["Conserve Battery","Sweeping Beam"],"picked":"BootSequence","floor":5.0},{"not_picked":["Double Energy","Gash"],"picked":"All For One","floor":6.0},{"not_picked":["Go for the Eyes","Fusion"],"picked":"Cold Snap","floor":8.0},{"not_picked":["Compile Driver","Barrage"],"picked":"Sweeping Beam","floor":11.0},{"not_picked":["Gash","Streamline"],"picked":"Echo Form","floor":12.0},{"not_picked":["Thunder Strike","Buffer"],"picked":"Core Surge","floor":16.0},{"not_picked":["Barrage+1","Cold Snap"],"picked":"Skim+1","floor":18.0},{"not_picked":["Consume+1","Turbo"],"picked":"Reprogram","floor":19.0},{"not_picked":["Conserve Battery","Stack+1"],"picked":"Beam Cell","floor":20.0},{"not_picked":["Coolheaded","Barrage"],"picked":"Gash+1","floor":21.0},{"not_picked":["Defragment","Undo"],"picked":"Scrape","floor":24.0},{"not_picked":["Consume+1","Glacier+1"],"picked":"Gash+1","floor":27.0},{"not_picked":["Sunder","Ball Lightning+1"],"picked":"FTL","floor":30.0},{"not_picked":["Hyperbeam","Creative AI"],"picked":"Fission+1","floor":33.0},{"not_picked":["Rebound","Steam+1"],"picked":"Steam Power+1","floor":35.0},{"not_picked":["Heatsinks","Sweeping Beam"],"picked":"Streamline+1","floor":36.0},{"not_picked":["Darkness+1","Cold Snap+1"],"picked":"Undo+1","floor":40.0},{"not_picked":["Steam+1","Go for the Eyes"],"picked":"White Noise+1","floor":42.0},{"not_picked":["Force Field+1","Genetic Algorithm+1"],"picked":"Coolheaded+1","floor":44.0},{"not_picked":["Conserve Battery+1","Ball Lightning+1"],"picked":"Seek+1","floor":46.0},{"not_picked":["Chaos+1","Stack+1"],"picked":"Hologram+1","floor":48},{"not_picked":["Turbo+1","Fusion+1"],"picked":"Scrape","floor":54}],"player_experience":719660,"relics_obtained":[{"floor":6.0,"key":"Unceasing Top"},{"floor":8.0,"key":"Vajra"},{"floor":12.0,"key":"Turnip"},{"floor":24.0,"key":"Potion Belt"},{"floor":26.0,"key":"Toxic Egg 2"},{"floor":27.0,"key":"Tiny Chest"},{"floor":39.0,"key":"Frozen Egg 2"},{"floor":40.0,"key":"WingedGreaves"},{"floor":42.0,"key":"Orichalcum"},{"floor":43.0,"key":"War Paint"},{"floor":44.0,"key":"The Courier"},{"floor":48,"key":"Bag of Marbles"},{"floor":54,"key":"Calipers"}],"event_choices":[{"damage_healed":0.0,"max_hp_gain":0.0,"max_hp_loss":0.0,"gold_gain":0.0,"cards_transformed":["Strike_B"],"event_name":"Living Wall","player_choice":"Change","floor":2.0,"gold_loss":0.0,"damage_taken":0.0,"cards_obtained":["Rip and Tear"]},{"cards_removed":["Strike_B"],"damage_healed":0.0,"max_hp_gain":0.0,"max_hp_loss":0.0,"gold_gain":0.0,"event_name":"The Cleric","player_choice":"Card Removal","floor":3.0,"gold_loss":50.0,"damage_taken":0.0},{"damage_healed":0.0,"max_hp_gain":0.0,"max_hp_loss":0.0,"gold_gain":175.0,"event_name":"Liars Game","player_choice":"AGREE","floor":10.0,"gold_loss":0.0,"damage_taken":0.0,"cards_obtained":["Doubt"]},{"damage_healed":0.0,"max_hp_gain":0.0,"max_hp_loss":0.0,"gold_gain":0.0,"event_name":"Ghosts","player_choice":"Ignored","floor":22.0,"gold_loss":0.0,"damage_taken":0.0},{"damage_healed":0.0,"max_hp_gain":0.0,"max_hp_loss":0.0,"gold_gain":0.0,"event_name":"Addict","player_choice":"Obtained Relic","floor":28.0,"gold_loss":85.0,"damage_taken":0.0,"relics_obtained":["Sundial"]},{"damage_healed":0.0,"max_hp_gain":0.0,"max_hp_loss":0.0,"gold_gain":0.0,"event_name":"Tomb of Lord Red Mask","player_choice":"Ignored","floor":38.0,"gold_loss":0.0,"damage_taken":0.0}],"is_beta":false,"boss_relics":[{"not_picked":["Cursed Key","Sozu"],"picked":"Runic Dome"},{"not_picked":["Busted Crown","Nuclear Battery"],"picked":"Coffee Dripper"}],"items_purged_floors":[14,31],"is_endless":false,"potions_floor_spawned":[4,6,8,12,18,21,27,30,40,42,44,48],"killed_by":"The Heart","ascension_level":6}}