{"host":"sxnl403xm2xmiyj1","time":1609858676,"event":{"mods":["BaseMod","Colored Map","Keyboard Shortcuts","Lobotomy","Minty Spire (QoL Compilation)","Quick Restart","StSLib","SuperFastMode"],"gold_per_floor":[275,275,450,450,166,166,194,194,194,210,228,228,242,277,277,375,375,387,404,418,428,438,438,438,438,514,514,526,85,110,122,122,220,270,290,290,303,3,53,79,95,95,121,121,121,132,132,0,0,0],"floor_reached":51,"playtime":2381,"items_purged":["Doubt","SpecialBullet","NothingThere"],"score":855,"play_id":"64b8f32e-f0e3-43fd-91cf-6d17529476a2","local_time":"20210105235756","is_ascension_mode":false,"campfire_choices":[],"circlet_count":0,"master_deck":["SpecialBullet","SpecialBullet","SpecialBullet","SpecialBullet","SpecialBullet","InformationCode","SecurityCode","ExtractionCode","Twilight+1","OSAHOGD","FourthMatchFlame","Sadistic Nature","MagicBullet","DisciplinaryCode","RecordCode","QueenOfHatred","Soda","UniverseFragment","DreamingCurrent","Regret_ego","BigBird","GoldRush+1","Bloodbath","GoldRush","Logging","SpiderBud","Soda","TheSmile","OldLady","WristCuter","PunishingBird","Regret_ego","TrainingCode","GrinderMk4+1","Porccubus","WristCuter","Regret_ego","SoundOfStar","Soda","Variant","FourthMatchFlame","CENSORED_ego","RedShoes","CENSORED_ego","Logging+1","Madness","Madness","Regret_ego","BlackSwan_ego","Regret_ego","SolemnVow+1","FourthMatchFlame+1","BlueStar","Pinks","FourthMatchFlame","FourthMatchFlame+1","Diffraction+1","LongBird","Diffraction+1","Soda+1"],"relics":["CogitoBucket","Potion Belt","Gremlin Horn","Bottled Lightning","Coffee Dripper","TreeSap","Kunai","BackwardClock","Blood Vial","TheAbacus","Bag of Preparation","Tiny House","ChangeAnything","Akabeko","CaptainsWheel","Prayer Wheel","Red Mask"],"acts_visited":["Exordium","TheCity","TheBeyond"],"potions_floor_usage":[37,50,50],"damage_taken":[{"damage":18.0,"enemies":"Jaw Worm","floor":1.0,"turns":4.0},{"damage":36.0,"enemies":"Lagavulin","floor":7.0,"turns":5.0},{"damage":0.0,"enemies":"2 Louse","floor":10.0,"turns":1.0},{"damage":0.0,"enemies":"Cultist","floor":11.0,"turns":3.0},{"damage":6.0,"enemies":"Exordium Thugs","floor":13.0,"turns":3.0},{"damage":28.0,"enemies":"Gremlin Nob","floor":14.0,"turns":7.0},{"damage":66.0,"enemies":"Hexaghost","floor":16.0,"turns":15.0},{"damage":50.0,"enemies":"Shell Parasite","floor":18.0,"turns":5.0},{"damage":22.0,"enemies":"2 Thieves","floor":19.0,"turns":3.0},{"damage":22.0,"enemies":"Snecko","floor":20.0,"turns":4.0},{"damage":53.0,"enemies":"Snake Plant","floor":21.0,"turns":5.0},{"damage":12.0,"enemies":"Shelled Parasite and Fungi","floor":22.0,"turns":3.0},{"damage":147.0,"enemies":"Cultist and Chosen","floor":28.0,"turns":9.0},{"damage":39.0,"enemies":"Gremlin Leader","floor":30.0,"turns":6.0},{"damage":17.0,"enemies":"Snake Plant","floor":31.0,"turns":3.0},{"damage":23.0,"enemies":"Automaton","floor":33.0,"turns":9.0},{"damage":0.0,"enemies":"3 Darklings","floor":35.0,"turns":1.0},{"damage":101,"enemies":"3 Shapes","floor":37,"turns":8},{"damage":0,"enemies":"Mind Bloom Boss Battle","floor":39,"turns":2},{"damage":2,"enemies":"Reptomancer","floor":40,"turns":4},{"damage":0,"enemies":"Jaw Worm Horde","floor":41,"turns":1},{"damage":3,"enemies":"Transient","floor":46,"turns":5},{"damage":160,"enemies":"FixerMidnight","floor":50,"turns":19},{"damage":65,"enemies":"Malkuth","floor":51,"turns":12},{"damage":37,"enemies":"Hod","floor":51,"turns":10},{"damage":178,"enemies":"Geburah","floor":51,"turns":20},{"damage":235,"enemies":"Binah","floor":51,"turns":25}],"seed_played":"5750241030098008163","potions_obtained":[{"floor":10.0,"key":"SmokeBomb"},{"floor":13.0,"key":"SkillPotion"},{"floor":16.0,"key":"Regen Potion"},{"floor":31.0,"key":"PowerPotion"},{"floor":34.0,"key":"Fire Potion"}],"is_trial":false,"path_per_floor":["M","?","?","?","$","R","E","R","T","M","M","?","M","E","R","B",null,"M","M","M","M","M","R","?","R","T","R","M","$","E","M","R","B",null,"M","?","M","$","?","E","M","R","T","?","?","M","R","?","R","B",null],"character_chosen":"Angela","items_purchased":["Sadistic Nature","MagicBullet","Regret_ego","Blood Vial","TheAbacus","Regret_ego","Akabeko"],"campfire_rested":0,"item_purchase_floors":[5,5,29,29,29,38,38],"current_hp_per_floor":[60,60,60,65,65,65,37,37,37,45,60,60,68,67,67,58,79,80,80,87,74,91,91,91,91,91,91,58,58,85,99,99,103,108,108,94,94,94,110,116,116,116,116,116,116,120,120,120,120,120],"gold":0,"neow_bonus":"ONE_RANDOM_RARE_CARD","is_daily":false,"chose_seed":false,"campfire_upgraded":0,"win_rate":0.0,"timestamp":1609858676,"path_taken":["M","?","?","?","$","R","E","R","T","M","M","?","M","E","R","BOSS","M","M","M","M","M","R","?","R","T","R","M","$","E","?","R","BOSS","M","?","M","$","?","E","M","R","T","?","?","M","R","?","R","BOSS"],"items_purchased_type":["Card","Card","Card","Relic","Relic","Card","Relic"],"build_version":"2020-12-22","purchased_purges":3,"victory":true,"max_hp_per_floor":[70,70,70,75,75,75,75,75,75,75,75,75,75,75,75,79,79,83,83,87,87,91,91,91,91,91,91,95,95,95,99,99,103,108,108,108,112,112,112,116,116,116,116,116,116,120,120,120,120,120],"card_choices":[{"not_picked":["SpiderBud","BeautyBeast"],"picked":"OSAHOGD","floor":1.0},{"not_picked":["Reverberation"],"picked":"FourthMatchFlame","floor":1.0},{"not_picked":["Wingbeat","BlueScar"],"picked":"SKIP","floor":1.0},{"not_picked":["Spore","Horn"],"picked":"SKIP","floor":7.0},{"not_picked":["Heaven","Horn"],"picked":"SKIP","floor":7.0},{"not_picked":["MHz","GreedKing"],"picked":"QueenOfHatred","floor":10.0},{"not_picked":["CrimsonScar"],"picked":"Soda","floor":10.0},{"not_picked":["LittlePrince","FairyFestival"],"picked":"UniverseFragment","floor":11.0},{"not_picked":["RapturousDream","TodaysExpression"],"picked":"SKIP","floor":11.0},{"not_picked":["WallGazer","Mercenary"],"picked":"DreamingCurrent","floor":13.0},{"not_picked":["DaCapo"],"picked":"Regret_ego","floor":13.0},{"not_picked":["ShyLook","BeautyBeast"],"picked":"BigBird","floor":14.0},{"not_picked":["Christmas"],"picked":"GoldRush","floor":14.0},{"not_picked":["LifeForTheDareDevil","Hornet"],"picked":"SKIP","floor":14.0},{"not_picked":["LittlePrince","Funeral"],"picked":"Bloodbath","floor":16.0},{"not_picked":["SoundOfStar"],"picked":"GoldRush","floor":16.0},{"not_picked":["Penitence"],"picked":"Logging","floor":18.0},{"not_picked":["HappyTeddy","Porccubus"],"picked":"SpiderBud","floor":18.0},{"not_picked":["Wingbeat","RapturousDream+1"],"picked":"SKIP","floor":18.0},{"not_picked":["Tough"],"picked":"Soda","floor":19.0},{"not_picked":["Tough"],"picked":"TheSmile","floor":20.0},{"not_picked":["HeroicMonk","VoidDream"],"picked":"OldLady","floor":20.0},{"not_picked":["Wingbeat+1","FeatherOfHonor"],"picked":"SKIP","floor":20.0},{"not_picked":["RedEyes"],"picked":"WristCuter","floor":21.0},{"not_picked":["ShyLook","WhitesApple"],"picked":"PunishingBird","floor":22.0},{"not_picked":["FeatherOfHonor"],"picked":"Regret_ego","floor":22.0},{"not_picked":["Wingbeat","CUTE"],"picked":"GrinderMk4+1","floor":28.0},{"not_picked":["Rudolta","Yin"],"picked":"Porccubus","floor":28.0},{"not_picked":["Lantern+1","Tough"],"picked":"WristCuter","floor":28.0},{"not_picked":["ParadiseLost","Penitence"],"picked":"SoundOfStar","floor":30.0},{"not_picked":["SomewhereSpear","Horn"],"picked":"Soda","floor":30.0},{"not_picked":["NothingThere","RedShoes"],"picked":"Variant","floor":31.0},{"not_picked":["Christmas","CherryBlossom"],"picked":"FourthMatchFlame","floor":31.0},{"not_picked":["Pinks","DaCapo"],"picked":"CENSORED_ego","floor":33.0},{"not_picked":["SnowQueen","Murderer"],"picked":"RedShoes","floor":33.0},{"not_picked":["SoundOfStar","ParadiseLost"],"picked":"CENSORED_ego","floor":33.0},{"not_picked":["Penitence","Heaven"],"picked":"Logging+1","floor":34.0},{"not_picked":["Lamp","Noise+1","Beak+1"],"picked":"SKIP","floor":35.0},{"not_picked":["Loneliness+1","Moonlight+1"],"picked":"Regret_ego","floor":37},{"not_picked":["MeatLantern","BigBadWolf"],"picked":"NothingThere","floor":37},{"not_picked":["BlackSwan_ego","Lamp","Hornet"],"picked":"SKIP","floor":37},{"not_picked":["Lamp","Hornet"],"picked":"BlackSwan_ego","floor":37},{"not_picked":["Beak","Logging"],"picked":"SolemnVow+1","floor":39},{"not_picked":["InTheNameOfLoveAndHate+1","SomewhereSpear"],"picked":"FourthMatchFlame+1","floor":39},{"not_picked":["Woodsman","HeroicMonk","CENSORED"],"picked":"Singing Bowl","floor":40},{"not_picked":["Rudolta","Alriune"],"picked":"BlueStar","floor":40},{"not_picked":["Harvest+1","Reverberation+1"],"picked":"Pinks","floor":40},{"not_picked":["Scarecrow","BlackArmy","MeltingLove"],"picked":"Singing Bowl","floor":41},{"not_picked":["FrostShard+1","ParadiseLost"],"picked":"FourthMatchFlame","floor":41},{"not_picked":["WristCuter","Logging+1"],"picked":"FourthMatchFlame+1","floor":41},{"not_picked":["CUTE+1","Gaze","Wingbeat"],"picked":"SKIP","floor":41},{"not_picked":["Beak+1","Noise+1"],"picked":"Diffraction+1","floor":46},{"not_picked":["LittleHelper","BodiesMountain","Laetitia"],"picked":"Singing Bowl","floor":46},{"not_picked":["Yin","DespairKnight"],"picked":"LongBird","floor":46},{"not_picked":["SoundOfStar+1","Spore+1"],"picked":"Diffraction+1","floor":46},{"not_picked":["RapturousDream+1","Penitence+1"],"picked":"Soda+1","floor":46}],"player_experience":196959,"relics_obtained":[{"floor":7.0,"key":"Potion Belt"},{"floor":9.0,"key":"Gremlin Horn"},{"floor":14.0,"key":"Bottled Lightning"},{"floor":26.0,"key":"Kunai"},{"floor":30.0,"key":"Bag of Preparation"},{"floor":39,"key":"CaptainsWheel"},{"floor":40,"key":"Prayer Wheel"}],"event_choices":[{"damage_healed":0.0,"max_hp_gain":0.0,"max_hp_loss":0.0,"gold_gain":0.0,"event_name":"Living Wall","player_choice":"Grow","floor":2.0,"gold_loss":0.0,"damage_taken":0.0,"cards_upgraded":["Twilight"]},{"damage_healed":0.0,"max_hp_gain":0.0,"max_hp_loss":0.0,"gold_gain":175.0,"event_name":"Liars Game","player_choice":"AGREE","floor":3.0,"gold_loss":0.0,"damage_taken":0.0,"cards_obtained":["Doubt"]},{"damage_healed":0.0,"max_hp_gain":5.0,"max_hp_loss":0.0,"gold_gain":0.0,"event_name":"Big Fish","player_choice":"Donut","floor":4.0,"gold_loss":0.0,"damage_taken":0.0},{"cards_removed":["SpecialBullet"],"damage_healed":0.0,"max_hp_gain":0.0,"max_hp_loss":0.0,"gold_gain":0.0,"event_name":"Purifier","player_choice":"Purged","floor":12.0,"gold_loss":0.0,"damage_taken":0.0},{"damage_healed":0.0,"max_hp_gain":0.0,"max_hp_loss":0.0,"gold_gain":0.0,"event_name":"Match and Keep!","player_choice":"0 cards matched","floor":24.0,"gold_loss":0.0,"damage_taken":0.0,"cards_obtained":[]},{"damage_healed":0.0,"max_hp_gain":0.0,"max_hp_loss":0.0,"gold_gain":0.0,"event_name":"Winding Halls","player_choice":"Embrace Madness","floor":36.0,"gold_loss":0.0,"damage_taken":14.0,"cards_obtained":["Madness","Madness"]},{"damage_healed":0,"gold_gain":0,"player_choice":"Fight","damage_taken":0,"max_hp_gain":0,"max_hp_loss":0,"event_name":"MindBloom","floor":39,"gold_loss":0},{"damage_healed":0,"gold_gain":0,"player_choice":"Memory 1","damage_taken":0,"max_hp_gain":0,"max_hp_loss":0,"event_name":"SensoryStone","floor":44,"gold_loss":0},{"cards_removed":["SpecialBullet"],"damage_healed":0,"gold_gain":0,"player_choice":"Removed Attack","damage_taken":0,"max_hp_gain":0,"max_hp_loss":0,"event_name":"Falling","floor":45,"gold_loss":0},{"damage_healed":0,"gold_gain":0,"player_choice":"Paid","damage_taken":0,"relics_obtained":["Red Mask"],"max_hp_gain":0,"max_hp_loss":0,"event_name":"Tomb of Lord Red Mask","floor":48,"gold_loss":132}],"is_beta":false,"boss_relics":[{"not_picked":["Runic Dome","Black Star"],"picked":"Coffee Dripper"},{"not_picked":["Empty Cage","Snecko Eye"],"picked":"Tiny House"}],"items_purged_floors":[5,29,38],"is_endless":false,"potions_floor_spawned":[10,13,16,31],"ascension_level":0}}