{"host":"ig7tc0uedzltt2sr","time":1609822562,"event":{"mods":["BaseMod","Better Twitch Integration","Block Reminder","Colored Map","Colored Powertips","Communication Mod","Current Relic Mod","GifTheSpireLib","HexUI Lib","Minty Spire (QoL Compilation)","Quick Restart","Random Character Button","Rare Cards Sparkle","Relic Sorter","Relic Stats","Slay the Relics Exporter","StSLib","SuperFastMode","Synergy Search","Twitch Decklist","Twitch Utils","everything is the same but u backflip on backflip","slay the spire mod where everything is the same but ironclad has a cowboy hat"],"gold_per_floor":[110,124,144,159,172,172,172,172,196,169,188,188,263,263,263],"floor_reached":14,"playtime":74,"items_purged":[],"score":84,"play_id":"cd08f345-a1a0-468a-a01f-281efaee6156","local_time":"20210104205602","is_ascension_mode":false,"campfire_choices":[{"data":"Strike_R","floor":6,"key":"SMITH"},{"data":"Reckless Charge","floor":8,"key":"SMITH"}],"circlet_count":0,"master_deck":["Strike_R+1","Strike_R","Strike_R","Strike_R","Strike_R","Defend_R","Defend_R","Defend_R","Defend_R","Bash","Reckless Charge+1","Sword Boomerang","Disarm","Body Slam","Entrench","Rage","Dropkick"],"relics":["Burning Blood","NeowsBlessing"],"acts_visited":["Exordium"],"potions_floor_usage":[],"damage_taken":[{"damage":0,"enemies":"Jaw Worm","floor":1,"turns":1},{"damage":0,"enemies":"2 Louse","floor":2,"turns":1},{"damage":0,"enemies":"Cultist","floor":3,"turns":1},{"damage":36,"enemies":"Exordium Wildlife","floor":4,"turns":10},{"damage":12,"enemies":"Looter","floor":5,"turns":4},{"damage":18,"enemies":"Exordium Thugs","floor":10,"turns":5},{"damage":12,"enemies":"2 Fungi Beasts","floor":11,"turns":3},{"damage":34,"enemies":"3 Sentries","floor":14,"turns":4}],"seed_played":"8192212590205410441","potions_obtained":[{"floor":1,"key":"Weak Potion"},{"floor":3,"key":"SkillPotion"},{"floor":10,"key":"SteroidPotion"}],"is_trial":false,"path_per_floor":["M","M","M","M","M","R","$","R","T","M","M","?","?","E"],"character_chosen":"IRONCLAD","items_purchased":[],"campfire_rested":0,"item_purchase_floors":[],"current_hp_per_floor":[80,80,80,50,44,44,44,44,44,32,26,26,26,0,0],"gold":263,"neow_bonus":"THREE_ENEMY_KILL","is_daily":false,"chose_seed":false,"campfire_upgraded":2,"win_rate":0.0,"timestamp":1609822562,"path_taken":["M","M","M","M","M","R","$","R","T","M","M","?","?","E"],"items_purchased_type":[],"build_version":"2020-12-22","purchased_purges":0,"victory":false,"max_hp_per_floor":[80,80,80,80,80,80,80,80,80,80,80,80,80,80,80],"relic_stats":{"counters":[8,29],"obtain_stats":[{"NeowsBlessing":0,"Burning Blood":0},{"NeowsBlessing":0,"Burning Blood":0},{"NeowsBlessing":0,"Burning Blood":0}],"Burning Blood":24},"card_choices":[{"not_picked":["Burning Pact","Havoc"],"picked":"Reckless Charge","floor":1},{"not_picked":["Thunderclap","Inflame"],"picked":"Sword Boomerang","floor":2},{"not_picked":["Searing Blow","Heavy Blade"],"picked":"Disarm","floor":3},{"not_picked":["Thunderclap","Havoc"],"picked":"Body Slam","floor":4},{"not_picked":["Perfected Strike","Twin Strike"],"picked":"Entrench","floor":5},{"not_picked":["Perfected Strike","Dark Embrace"],"picked":"Rage","floor":10},{"not_picked":["Clothesline","Rampage"],"picked":"Dropkick","floor":11}],"player_experience":1423544,"relics_obtained":[],"event_choices":[{"damage_healed":0,"gold_gain":0,"player_choice":"Ignored","damage_taken":0,"max_hp_gain":0,"max_hp_loss":0,"event_name":"Shining Light","floor":12,"gold_loss":0},{"damage_healed":0,"gold_gain":75,"player_choice":"Gained Gold","damage_taken":0,"max_hp_gain":0,"max_hp_loss":0,"event_name":"Golden Wing","floor":13,"gold_loss":0}],"is_beta":false,"boss_relics":[],"items_purged_floors":[],"is_endless":false,"potions_floor_spawned":[1,3,10],"killed_by":"3 Sentries","ascension_level":0}}