{"host":"wj90f2q0h2omert0","time":1609875412,"event":{"mods":["BaseMod","Beaked The Cultist","Better Third Choice","ChefMod","Clawfect","Colored Map","DeckTracker","Downfall","Gremlin Mod","Hubris","JesterMod","Minty Spire (QoL Compilation)","READ ME - Guardian Mod","Relic Stats","Robot Space Explorer","Shade Mod","StSLib","The Animator","The Blackbeard","The Bug Knight","The Caster","The Construct","The Dragon Tamer","The Druid","The Servant 0.9.4","TheLocksmith","TheSwordswoman"],"gold_per_floor":[113,128,128,147,147,147,164,179,179,179,194,194,119,137,137,237,237,251,264,264,284,284,284],"floor_reached":22,"playtime":1982,"items_purged":["Regret"],"score":180,"play_id":"de75b85a-b7b6-4fa6-956a-b76a3ad1c04a","local_time":"20210105143652","is_ascension_mode":false,"campfire_choices":[{"data":"chefmod:Sorbet","floor":6,"key":"SMITH"},{"data":"chefmod:QuickThaw","floor":10,"key":"SMITH"},{"data":"chefmod:FreshProduce","floor":15,"key":"SMITH"}],"circlet_count":0,"master_deck":["chefmod:Strike","chefmod:Strike","chefmod:Strike","chefmod:Strike","chefmod:Strike","chefmod:Defend","chefmod:Defend","chefmod:Defend","chefmod:QuickThaw+1","chefmod:TodaysSpecial+1","chefmod:FireUp","chefmod:Sorbet+1","chefmod:FireUp","chefmod:PotatoGratin","chefmod:FarmersMarket","chefmod:FreshProduce+1","chefmod:BananaSplit","chefmod:CandyBowl","chefmod:FreezeSolid","chefmod:OldCookbook"],"relics":["chefmod:TrustyPot","NeowsBlessing","Singing Bowl","hubris:MedicalManual","beaked:SacredDeck"],"acts_visited":["Exordium","TheCity"],"potions_floor_usage":[21,21,21],"damage_taken":[{"damage":0,"enemies":"Small Slimes","floor":1,"turns":1},{"damage":0,"enemies":"Jaw Worm","floor":2,"turns":1},{"damage":0,"enemies":"Cultist","floor":4,"turns":1},{"damage":0,"enemies":"Large Slime","floor":7,"turns":5},{"damage":3,"enemies":"Exordium Wildlife","floor":8,"turns":5},{"damage":8,"enemies":"Lots of Slimes","floor":11,"turns":4},{"damage":8,"enemies":"Exordium Thugs","floor":14,"turns":5},{"damage":20,"enemies":"Slime Boss","floor":16,"turns":12},{"damage":16,"enemies":"3 Byrds","floor":18,"turns":6},{"damage":14,"enemies":"Chosen","floor":19,"turns":6},{"damage":10,"enemies":"Centurion and Healer","floor":21,"turns":7},{"damage":40,"enemies":"Chosen and Byrds","floor":22,"turns":7}],"seed_played":"5310769314098277972","potions_obtained":[{"floor":4,"key":"Strength Potion"},{"floor":7,"key":"Regen Potion"},{"floor":8,"key":"SteroidPotion"},{"floor":16,"key":"Guardian:BlockOnCardUsePotion"},{"floor":18,"key":"PowerPotion"}],"is_trial":false,"path_per_floor":["M","M","?","M","?","R","M","M","T","R","M","?","$","M","R","B",null,"M","M","?","M","M"],"character_chosen":"THE_CHEF","items_purchased":[],"campfire_rested":0,"item_purchase_floors":[],"current_hp_per_floor":[76,76,76,76,76,76,76,73,73,73,65,65,65,57,57,37,76,60,48,48,38,0,0],"gold":284,"neow_bonus":"THREE_ENEMY_KILL","is_daily":false,"chose_seed":false,"campfire_upgraded":3,"win_rate":0.0,"timestamp":1609875412,"path_taken":["M","M","?","M","?","R","?","M","T","R","M","?","$","M","R","BOSS","M","M","?","?","M"],"items_purchased_type":[],"build_version":"2020-12-22","purchased_purges":1,"victory":false,"max_hp_per_floor":[76,76,76,76,76,76,76,76,76,76,76,76,76,76,76,76,76,76,78,78,78,78,78],"relic_stats":{"Singing Bowl":2,"counters":[12,60],"obtain_stats":[{"chefmod:TrustyPot":0,"NeowsBlessing":0,"Singing Bowl":9,"beaked:SacredDeck":17,"hubris:MedicalManual":12},{"chefmod:TrustyPot":0,"NeowsBlessing":0,"Singing Bowl":5,"beaked:SacredDeck":8,"hubris:MedicalManual":6},{"chefmod:TrustyPot":0,"NeowsBlessing":0,"Singing Bowl":13,"beaked:SacredDeck":34,"hubris:MedicalManual":17}]},"card_choices":[{"not_picked":["chefmod:Flambe","chefmod:Gelato"],"picked":"chefmod:FireUp","floor":1},{"not_picked":["chefmod:PotatoGratin","chefmod:BaoBuns"],"picked":"chefmod:Sorbet","floor":2},{"not_picked":["chefmod:Fillet","chefmod:IcePick","chefmod:ColdSteel"],"picked":"SKIP","floor":4},{"not_picked":["chefmod:Granita","chefmod:Julienne","chefmod:SaveForLater"],"picked":"SKIP","floor":7},{"not_picked":["chefmod:Defrost","chefmod:Chop"],"picked":"chefmod:PotatoGratin","floor":8},{"not_picked":["chefmod:AllYouCanEat","chefmod:CapreseSalad"],"picked":"chefmod:FarmersMarket","floor":11},{"not_picked":["chefmod:Chop","chefmod:NoSoupForYou"],"picked":"chefmod:FreshProduce","floor":14},{"not_picked":["chefmod:CapreseSalad","chefmod:DeathByChocolate"],"picked":"chefmod:BananaSplit","floor":16},{"not_picked":["chefmod:PotatoGratin+1","chefmod:ColdSteel"],"picked":"chefmod:FreezeSolid","floor":18},{"not_picked":["chefmod:ZaruSoba","chefmod:Omelette","chefmod:Chop+1"],"picked":"Singing Bowl","floor":19},{"not_picked":["chefmod:Sorbet","chefmod:HotSoup"],"picked":"chefmod:OldCookbook","floor":21}],"player_experience":696657,"relics_obtained":[{"floor":9,"key":"Singing Bowl"}],"event_choices":[{"damage_healed":0,"gold_gain":0,"player_choice":"Upgraded","damage_taken":0,"max_hp_gain":0,"max_hp_loss":0,"event_name":"Upgrade Shrine","floor":5,"gold_loss":0,"cards_upgraded":["chefmod:TodaysSpecial"]},{"damage_healed":0,"gold_gain":0,"player_choice":"Box","damage_taken":0,"relics_obtained":["hubris:MedicalManual"],"max_hp_gain":0,"max_hp_loss":0,"event_name":"Big Fish","floor":12,"gold_loss":0,"cards_obtained":["Regret"]},{"damage_healed":0,"gold_gain":0,"player_choice":"Got Potions","damage_taken":0,"max_hp_gain":0,"max_hp_loss":0,"event_name":"Lab","floor":20,"gold_loss":0}],"is_beta":false,"boss_relics":[{"not_picked":["Astrolabe","Velvet Choker"],"picked":"beaked:SacredDeck"}],"items_purged_floors":[13],"is_endless":false,"potions_floor_spawned":[4,7,8,16,18],"killed_by":"Chosen and Byrds","ascension_level":0}}