{"host":"mvz90ilxx8epviq1","time":1609824024,"event":{"mods":["2.2 Compatiblity","AchievementEnabler","Act Like it!","Bartender","BaseMod","Better Note","Better Third Choice","Better Vampires","Clockwork Mod","Colored Map","Colored Powertips","Downfall","Gensokyo","Hallownest","Hermit","Hubris","Koishi","Marisa????????","Minty Spire (QoL Compilation)","Replay The Spire","SIMod","Shop Mod","Spicy Shops","StSLib","The Alterego","The Blackbeard","The Bug Knight","The Construct","The Cursed","The Mystic","The Senshi","The Servant 0.9.4","The Wild Card","slay the spire mod where everything is the same but ironclad has a cowboy hat"],"gold_per_floor":[215,226,226,226,238,273,273,290,290,290,303,228,228,238,238,336,336,349,349,367,466,485,513,39,39,39,0,15,15,15,70,70,211,211,228,228,228,245,245,245,271,329,329,385,60,60,107,163,163,208,208,208,25,51,51],"floor_reached":56,"playtime":5953,"items_purged":["Injury","hubris:Envy","TheCursedMod:Dregs","Pride","Amnesia"],"score":994,"play_id":"712987d3-09d3-4d48-855b-de9d0032a293","local_time":"20210105002024","is_ascension_mode":false,"campfire_choices":[{"data":"theSenshi:SailorJupiterAssists","floor":15.0,"key":"SMITH"},{"floor":25.0,"key":"REST"},{"data":"theSenshi:YouCanTalk","floor":32.0,"key":"SMITH"},{"data":"theSenshi:JupitersPower","floor":40.0,"key":"SMITH"},{"floor":46.0,"key":"RECALL"},{"data":"theSenshi:SilverMoonCrystalPowerKiss","floor":49.0,"key":"SMITH"},{"data":"theSenshi:SaturnsMystery","floor":52.0,"key":"SMITH"}],"circlet_count":0,"master_deck":["theSenshi:SailorKick+1","theSenshi:SailorKick+1","theSenshi:SailorKick+1","theSenshi:SailorKick+1","theSenshi:SailorBlock","theSenshi:SailorBlock","theSenshi:RoseThrow","theSenshi:MoonPrismPowerMakeUp","theSenshi:SailorChibiMoonAssists","theSenshi:SailorJupiterAssists+1","theSenshi:SailorChibiMoonAssists","theSenshi:SailorJupiterAssists","theSenshi:SailorV","theSenshi:MoonKick","theSenshi:InTheNickOfTime","theSenshi:SilverMoonCrystalPowerKiss+1","Gensokyo:AllTheWorldsEvil","Replay:Sluggish","theSenshi:SailorVenusAssists+1","theSenshi:InTheNameOfTheMoon","theSenshi:MoonPunch","theSenshi:SaturnsMystery+1","theSenshi:YouCanTalk+1","AbeCurse","theSenshi:JupitersPower+1","theSenshi:Sidestep+1","Gensokyo:PrivateSquare","theSenshi:SailorPlutoAssists","theSenshi:SailorPlanetPower+1","theSenshi:LunasBite+1","theSenshi:LateForSchool+1","theSenshi:VenusGlamour+1","theSenshi:MoonsReflection+1","theSenshi:MarsPride+1","expansioncontent:StudyTheSpire","theSenshi:MoonTiaraMagic","theSenshi:MoonTiaraMagic","theSenshi:CrisisMakeUp+1"],"relics":["theSenshi:TransformationBroochRelic","theSenshi:RoseRelic","hubris:Towel","Torii","hubris:Icosahedron","Shuriken","Choco_Feather","Durian","Lizard Tail","MerchantsRug","theSenshi:CosmicHeartCompactRelic","Iron Hammer","ReplayTheSpireMod:Ring of Challenge","alterego_mod:SomeoneToFightFor","hubris:BlackHole","hubris:Spice","Replay:Bottled Eggs","ReplayTheSpireMod:TigerMarble"],"acts_visited":["Gensokyo:Gensokyo","TheCity","Gensokyo:Gensokyoest","TheEnding"],"potions_floor_usage":[55],"damage_taken":[{"damage":0.0,"enemies":"Gensokyo:3_Fairies","floor":1.0,"turns":5.0},{"damage":3.0,"enemies":"Gensokyo:2_Kodama","floor":2.0,"turns":4.0},{"damage":0.0,"enemies":"Gensokyo:Gryphon","floor":5.0,"turns":3.0},{"damage":18.0,"enemies":"Gensokyo:Mamizou","floor":6.0,"turns":9.0},{"damage":0.0,"enemies":"Gensokyo:3_Kodama","floor":8.0,"turns":4.0},{"damage":1.0,"enemies":"Gensokyo:Kitsune","floor":11.0,"turns":3.0},{"damage":2.0,"enemies":"Gensokyo:Gryphon_and_Rabbit","floor":14.0,"turns":4.0},{"damage":2.0,"enemies":"Gensokyo:Reimu","floor":16.0,"turns":11.0},{"damage":25.0,"enemies":"2 Thieves","floor":18.0,"turns":5.0},{"damage":14.0,"enemies":"Shell Parasite","floor":20.0,"turns":4.0},{"damage":13.0,"enemies":"Sentry and Sphere","floor":22.0,"turns":6.0},{"damage":32.0,"enemies":"Gremlin Leader","floor":23.0,"turns":6.0},{"damage":8.0,"enemies":"Snake Plant","floor":28.0,"turns":5.0},{"damage":20.0,"enemies":"Centurion and Healer","floor":31.0,"turns":7.0},{"damage":78.0,"enemies":"Pondfish","floor":33.0,"turns":14.0},{"damage":6.0,"enemies":"Gensokyo:AncientGuardian","floor":35.0,"turns":3.0},{"damage":0.0,"enemies":"Gensokyo:3_Bats","floor":38.0,"turns":4.0},{"damage":20.0,"enemies":"Gensokyo:Sharpion","floor":41.0,"turns":5.0},{"damage":0.0,"enemies":"Gensokyo:Rafflesia","floor":42.0,"turns":6.0},{"damage":45.0,"enemies":"Gensokyo:SeedOfUnknown","floor":44.0,"turns":3.0},{"damage":0.0,"enemies":"Gensokyo:Dusk_and_Dawn","floor":48.0,"turns":2.0},{"damage":68.0,"enemies":"Gensokyo:Shinki","floor":50.0,"turns":11.0},{"damage":37.0,"enemies":"Shield and Spear","floor":54.0,"turns":4.0},{"damage":115,"enemies":"The Heart","floor":55,"turns":7}],"seed_played":"-9204874409948667015","potions_obtained":[{"floor":2.0,"key":"LifebloodPotion"},{"floor":11.0,"key":"sneckomod:MuddlingPotion"},{"floor":18.0,"key":"Languid Potion"},{"floor":22.0,"key":"SkillPotion"},{"floor":31.0,"key":"Dexterity Potion"},{"floor":33.0,"key":"sneckomod:MuddlingPotion"},{"floor":42.0,"key":"Fire Potion"},{"floor":44.0,"key":"ColorlessPotion"},{"floor":48.0,"key":"AttackPotion"}],"is_trial":false,"path_per_floor":["M","M","?","?","M","E","?","M","T","?","M","$","?","M","R","B",null,"M","?","M","?","M","E","$","R","T","?","M","?","?","M","R","B",null,"M","?","?","M","?","R","M","M","T","M","$","R","?","M","R","B",null,"R","$","E","B",null],"character_chosen":"THE_SENSHI","items_purchased":["MerchantsRug","theSenshi:CosmicHeartCompactRelic","theSenshi:YouCanTalk","expansioncontent:StudyTheSpire","theSenshi:MoonTiaraMagic","Strength Potion"],"campfire_rested":1,"item_purchase_floors":[24,24,24,53,53,53],"current_hp_per_floor":[75,72,72,72,72,64,47,47,47,50,49,64,64,62,62,60,88,63,68,54,54,41,9,24,51,51,51,52,52,52,64,64,16,93,87,87,87,93,93,93,93,101,101,56,71,71,71,94,94,40,101,101,101,99,11],"gold":51,"neow_bonus":"HUNDRED_GOLD","is_daily":false,"chose_seed":false,"campfire_upgraded":5,"win_rate":0.0,"timestamp":1609824024,"path_taken":["M","M","?","?","M","E","?","M","T","?","?","?","?","M","R","BOSS","M","?","M","?","M","E","$","R","T","?","M","?","?","M","R","BOSS","M","?","?","M","?","R","M","M","T","M","$","R","?","M","R","BOSS","R","$","E","BOSS"],"items_purchased_type":["Relic","Relic","Card","Card","Card","Potion"],"build_version":"2020-12-22","purchased_purges":5,"victory":true,"max_hp_per_floor":[75,75,75,75,75,85,85,85,85,88,88,88,88,88,88,88,88,88,93,93,93,93,93,93,93,93,93,93,93,93,93,93,93,93,93,93,93,93,93,93,93,101,101,101,101,101,101,101,101,101,101,101,101,101,101],"card_choices":[{"not_picked":["theSenshi:SchoolBag","theSenshi:SailorMarsAssists"],"picked":"theSenshi:SailorChibiMoonAssists","floor":1.0},{"not_picked":["theSenshi:TallSilhouette","theSenshi:SaturnsMystery"],"picked":"theSenshi:SailorJupiterAssists","floor":2.0},{"not_picked":["theSenshi:MoonPower","theSenshi:SailorMercuryAssists"],"picked":"theSenshi:SailorChibiMoonAssists","floor":5.0},{"not_picked":["theSenshi:MoonTiaraMagic","theSenshi:MoonPrincessHalation"],"picked":"theSenshi:SailorJupiterAssists","floor":6.0},{"not_picked":["theSenshi:Sidestep","theSenshi:YouCanTalk"],"picked":"theSenshi:SailorV","floor":8.0},{"not_picked":["theSenshi:SailorMercuryAssists","theSenshi:SailorVenusAssists"],"picked":"theSenshi:MoonKick","floor":11.0},{"not_picked":["theSenshi:SupersonicWaves","theSenshi:MercurysCunning"],"picked":"theSenshi:InTheNickOfTime","floor":14.0},{"not_picked":["theSenshi:WarriorOfTheMoon","theSenshi:SailorCosmosAssists"],"picked":"theSenshi:SilverMoonCrystalPowerKiss","floor":16.0},{"not_picked":["Hallownest:curseDreamersLament","Voices"],"picked":"Gensokyo:AllTheWorldsEvil","floor":17.0},{"not_picked":["Replay:Hysterical Blindness","Pain"],"picked":"Replay:Sluggish","floor":17.0},{"not_picked":["Guardian:Aged","hubris:Greed"],"picked":"hubris:Envy","floor":17.0},{"not_picked":["theSenshi:SailorChibiMoonAssists+1","theSenshi:MoonlightKnight"],"picked":"theSenshi:SailorVenusAssists+1","floor":18.0},{"not_picked":["theSenshi:MoonsReflection","theSenshi:DramaticEntrance"],"picked":"theSenshi:InTheNameOfTheMoon","floor":20.0},{"not_picked":["theSenshi:MoonPrincessHalation","theSenshi:SailorNeptuneAssists"],"picked":"theSenshi:MoonPunch","floor":22.0},{"not_picked":["theSenshi:SailorMercuryAssists","theSenshi:KlutzyLuck"],"picked":"theSenshi:SaturnsMystery","floor":23.0},{"not_picked":["theSenshi:SailorChibiMoonAssists","theSenshi:MoonsReflection","theSenshi:MoonTiaraMagic"],"picked":"SKIP","floor":28.0},{"not_picked":["theSenshi:PlutosSolemnity","theSenshi:MoonPrincessHalation","theSenshi:MoonPunch"],"picked":"SKIP","floor":31.0},{"not_picked":["theSenshi:MoonGorgeousMeditation","theSenshi:StudyParty"],"picked":"theSenshi:JupitersPower","floor":33.0},{"not_picked":["theSenshi:SailorMarsAssists","theSenshi:SailorV"],"picked":"theSenshi:Sidestep+1","floor":35.0},{"not_picked":["theSenshi:MoonPunch","theSenshi:MoonlightKnight+1"],"picked":"theSenshi:SailorPlutoAssists","floor":38.0},{"not_picked":["theSenshi:Overload","theSenshi:CrisisMakeUp"],"picked":"theSenshi:SailorPlanetPower+1","floor":41.0},{"not_picked":["theSenshi:SupersonicWaves+1","theSenshi:MoonPunch"],"picked":"theSenshi:LunasBite+1","floor":42.0},{"not_picked":["theSenshi:SailorMarsAssists","theSenshi:MoonsReflection"],"picked":"theSenshi:LateForSchool+1","floor":44.0},{"not_picked":["theSenshi:SailorPlanetPower","theSenshi:LunasBite"],"picked":"theSenshi:VenusGlamour+1","floor":47.0},{"not_picked":["theSenshi:MoonPower+1","theSenshi:SailorVenusAssists"],"picked":"theSenshi:MoonsReflection+1","floor":47.0},{"not_picked":["theSenshi:SailorMarsAssists","theSenshi:SailorVenusAssists+1"],"picked":"theSenshi:MarsPride+1","floor":48.0},{"not_picked":["theSenshi:MoonTwilightFlash","theSenshi:MoonPower"],"picked":"theSenshi:CrisisMakeUp+1","floor":54.0}],"player_experience":462327,"relics_obtained":[{"floor":6.0,"key":"Pear"},{"floor":9.0,"key":"MealTicket"},{"floor":23.0,"key":"Lizard Tail"},{"floor":26.0,"key":"Iron Hammer"},{"floor":29.0,"key":"ReplayTheSpireMod:Ring of Challenge"},{"floor":42.0,"key":"hubris:Spice"},{"floor":47.0,"key":"Replay:Bottled Eggs"},{"floor":54.0,"key":"ReplayTheSpireMod:TigerMarble"}],"event_choices":[{"damage_healed":0.0,"max_hp_gain":0.0,"max_hp_loss":0.0,"gold_gain":99.0,"event_name":"betterThird:BetterNest","player_choice":"Steal","floor":21.0,"gold_loss":0.0,"damage_taken":0.0},{"damage_healed":0.0,"max_hp_gain":0.0,"max_hp_loss":0.0,"gold_gain":0.0,"event_name":"Masked Bandits","player_choice":"Paid Fearfully","floor":27.0,"gold_loss":39.0,"damage_taken":0.0},{"damage_healed":0.0,"max_hp_gain":0.0,"max_hp_loss":0.0,"gold_gain":0.0,"event_name":"Secret Garden","player_choice":"Choice 2","floor":30.0,"gold_loss":0.0,"damage_taken":0.0,"relics_obtained":["alterego_mod:SomeoneToFightFor"]}],"is_beta":false,"boss_relics":[{"not_picked":["Silver_Glasses","Black Star"],"picked":"Replay:Ancient Bell"},{"not_picked":["Akabeko","Lantern"],"picked":"Juzu Bracelet"},{"not_picked":["theSenshi:TransformationPenRelic","Eternal Feather"],"picked":"Shuriken"},{"not_picked":["Counterbalance","CaptainsWheel"],"picked":"Choco_Feather"},{"not_picked":["construct:WeddingRing","Cursed Key"],"picked":"hubris:BlackHole"}],"items_purged_floors":[12,24,24,45,45],"is_endless":false,"potions_floor_spawned":[2,11,18,22,31,33,42,44,48],"ascension_level":0}}