{"host":"o7j6aatxjwpw1421","time":1609852678,"event":{"mods":["2.2 Compatiblity","AchievementEnabler","BaseMod","Colored Map","DeckTracker","Highlight Path","Keyboard Shortcuts","Minty Spire (QoL Compilation)","Permanent Neow","Quick Restart","StSLib","SuperFastMode","everything is the same but u backflip on backflip"],"gold_per_floor":[116,191,191,204,215,246,246,260,285,285,335,348,365,391,391,467,467,480,121,121,121,121],"floor_reached":21,"playtime":879,"items_purged":["Strike_R"],"score":322,"play_id":"c99b4ad6-56da-4652-86da-b2e37a7c8bea","local_time":"20210105221758","is_ascension_mode":true,"campfire_choices":[{"data":"Limit Break","floor":7.0,"key":"SMITH"},{"floor":10.0,"key":"REST"},{"floor":15.0,"key":"REST"}],"circlet_count":0,"master_deck":["AscendersBane","Strike_R","Strike_R","Strike_R","Defend_R","Defend_R","Defend_R","Defend_R","Bash","Secret Weapon","Shockwave","Dropkick","Inflame","Limit Break+1","Body Slam","Heavy Blade","Feed"],"relics":["Black Blood","Bag of Marbles","PreservedInsect","Oddly Smooth Stone","Odd Mushroom","Matryoshka"],"acts_visited":["Exordium","TheCity"],"potions_floor_usage":[],"damage_taken":[{"damage":12.0,"enemies":"2 Louse","floor":1.0,"turns":4.0},{"damage":7.0,"enemies":"Jaw Worm","floor":4.0,"turns":4.0},{"damage":1.0,"enemies":"Cultist","floor":5.0,"turns":3.0},{"damage":26.0,"enemies":"3 Sentries","floor":6.0,"turns":10.0},{"damage":12.0,"enemies":"Looter","floor":8.0,"turns":3.0},{"damage":3.0,"enemies":"Blue Slaver","floor":12.0,"turns":4.0},{"damage":12.0,"enemies":"Lots of Slimes","floor":13.0,"turns":4.0},{"damage":24.0,"enemies":"The Mushroom Lair","floor":14.0,"turns":4.0},{"damage":34.0,"enemies":"The Guardian","floor":16.0,"turns":13.0},{"damage":40.0,"enemies":"Spheric Guardian","floor":18.0,"turns":5.0},{"damage":6,"enemies":"3 Byrds","floor":21,"turns":2}],"seed_played":"-7094364573765506073","potions_obtained":[{"floor":6.0,"key":"GamblersBrew"},{"floor":8.0,"key":"PowerPotion"},{"floor":12.0,"key":"Weak Potion"},{"floor":13.0,"key":"SkillPotion"}],"is_trial":false,"path_per_floor":["M","?","?","M","M","E","R","M","T","R","?","M","M","?","R","B",null,"M","$","?","M"],"character_chosen":"IRONCLAD","items_purchased":["Matryoshka"],"campfire_rested":2,"item_purchase_floors":[19],"current_hp_per_floor":[62,51,40,39,44,24,24,18,18,38,38,41,35,17,37,9,53,28,28,28,22,22],"gold":121,"neow_bonus":"RANDOM_COLORLESS_2","is_daily":false,"chose_seed":false,"campfire_upgraded":1,"win_rate":0.0,"timestamp":1609852678,"path_taken":["M","?","?","M","M","E","R","M","T","R","?","M","?","?","R","BOSS","M","$","?","?"],"items_purchased_type":["Relic"],"build_version":"2020-12-22","purchased_purges":1,"victory":false,"max_hp_per_floor":[68,68,68,68,68,68,68,68,68,68,68,68,68,68,68,68,68,71,71,71,71,71],"card_choices":[{"not_picked":["Chrysalis","Panache"],"picked":"Secret Weapon","floor":0.0},{"not_picked":["Intimidate","Disarm"],"picked":"Shockwave","floor":1.0},{"not_picked":["Uppercut","Intimidate"],"picked":"Dropkick","floor":4.0},{"not_picked":["Flex","Entrench"],"picked":"Inflame","floor":5.0},{"not_picked":["Fire Breathing","Second Wind"],"picked":"Limit Break","floor":6.0},{"not_picked":["Rage","Perfected Strike"],"picked":"Body Slam","floor":8.0},{"not_picked":["Perfected Strike","Rupture"],"picked":"Heavy Blade","floor":12.0},{"not_picked":["Thunderclap","Rampage","Bloodletting"],"picked":"SKIP","floor":13.0},{"not_picked":["Limit Break","Demon Form"],"picked":"Feed","floor":16.0},{"not_picked":["Rampage","Clash+1","True Grit"],"picked":"SKIP","floor":18.0}],"player_experience":427029,"relics_obtained":[{"floor":6.0,"key":"PreservedInsect"},{"floor":9.0,"key":"Oddly Smooth Stone"},{"floor":14.0,"key":"Odd Mushroom"}],"event_choices":[{"damage_healed":0.0,"max_hp_gain":0.0,"max_hp_loss":0.0,"gold_gain":75.0,"event_name":"World of Goop","player_choice":"Gather Gold","floor":2.0,"gold_loss":0.0,"damage_taken":11.0},{"damage_healed":0.0,"max_hp_gain":0.0,"max_hp_loss":0.0,"gold_gain":0.0,"event_name":"Scrap Ooze","player_choice":"Success","floor":3.0,"gold_loss":0.0,"damage_taken":11.0,"relics_obtained":["Bag of Marbles"]},{"damage_healed":0.0,"max_hp_gain":0.0,"max_hp_loss":0.0,"gold_gain":50.0,"event_name":"Golden Shrine","player_choice":"Pray","floor":11.0,"gold_loss":0.0,"damage_taken":0.0},{"damage_healed":0.0,"max_hp_gain":0.0,"max_hp_loss":0.0,"gold_gain":0.0,"event_name":"Mushrooms","player_choice":"Fought Mushrooms","floor":14.0,"gold_loss":0.0,"damage_taken":0.0},{"cards_removed":["Strike_R"],"damage_healed":0.0,"max_hp_gain":0.0,"max_hp_loss":0.0,"gold_gain":0.0,"event_name":"Purifier","player_choice":"Purged","floor":20.0,"gold_loss":0.0,"damage_taken":0.0}],"is_beta":false,"boss_relics":[{"not_picked":["Runic Cube","Coffee Dripper"],"picked":"Black Blood"}],"items_purged_floors":[19],"is_endless":false,"potions_floor_spawned":[6,8,12,13],"killed_by":"3 Byrds","ascension_level":16}}