{"host":"1a3cjta80tad0aqj","time":1609810831,"event":{"mods":["2.2 Compatiblity","AchievementEnabler","BaseMod","Colored Map","DeckTracker","KOR Keyword Fix","Keyboard Shortcuts","Minty Spire (QoL Compilation)","Permanent Neow","Quick Restart","Random Character Button","StSLib","SuperFastMode","everything is the same but u backflip on backflip"],"gold_per_floor":[114,114,133,152,152,152,152],"floor_reached":6,"playtime":280,"items_purged":[],"score":36,"play_id":"1931b23a-d269-40f6-8369-addc5bb03704","local_time":"20210105104031","daily_mods":["Shiny","Red Cards","Night Terrors"],"is_ascension_mode":false,"campfire_choices":[],"circlet_count":0,"master_deck":["Double Tap","Demon Form","Bludgeon","Feed","Limit Break","Corruption","Barricade","Fiend Fire","Berserk","Impervious","Juggernaut","Brutality","Reaper","Exhume","Offering","Immolate","Judgement","ConjureBlade","MasterReality","Brilliance","Devotion","Blasphemy","Ragnarok","LessonLearned","Scrawl","Vault","Wish","Omniscience","Establishment","SpiritShield","DevaForm","DeusExMachina","Conclude"],"relics":["PureWater","Golden Idol"],"acts_visited":["Exordium"],"potions_floor_usage":[],"damage_taken":[{"damage":6,"enemies":"Small Slimes","floor":1,"turns":1},{"damage":11,"enemies":"Jaw Worm","floor":3,"turns":2},{"damage":6,"enemies":"2 Louse","floor":4,"turns":2},{"damage":36,"enemies":"Gremlin Nob","floor":6,"turns":5}],"seed_played":"-8136925521176778862","potions_obtained":[],"is_trial":false,"path_per_floor":["M","?","M","M","?","E"],"character_chosen":"WATCHER","items_purchased":[],"campfire_rested":0,"item_purchase_floors":[],"current_hp_per_floor":[66,48,37,31,31,0,0],"gold":152,"neow_bonus":"","is_daily":true,"chose_seed":false,"campfire_upgraded":0,"win_rate":0.0,"timestamp":1609810831,"path_taken":["M","?","M","M","?","E"],"items_purchased_type":[],"build_version":"2020-12-22","purchased_purges":0,"victory":false,"max_hp_per_floor":[72,72,72,72,72,72,72],"card_choices":[{"not_picked":["Headbutt","Armaments","Clothesline"],"picked":"SKIP","floor":1},{"not_picked":["JustLucky","MasterReality"],"picked":"Conclude","floor":3},{"not_picked":["Evaluate","EmptyFist","Halt"],"picked":"SKIP","floor":4}],"player_experience":106304,"relics_obtained":[],"event_choices":[{"damage_healed":0,"gold_gain":0,"player_choice":"Take Damage","damage_taken":18,"relics_obtained":["Golden Idol"],"max_hp_gain":0,"max_hp_loss":0,"event_name":"Golden Idol","floor":2,"gold_loss":0},{"cards_removed":["Alpha"],"damage_healed":0,"gold_gain":0,"player_choice":"Forget","damage_taken":0,"max_hp_gain":0,"max_hp_loss":0,"event_name":"Living Wall","floor":5,"gold_loss":0}],"is_beta":false,"boss_relics":[],"items_purged_floors":[],"is_endless":false,"potions_floor_spawned":[],"killed_by":"Gremlin Nob","ascension_level":0}}