{"host":"ormi09wwzv7sq47a","time":1609864870,"event":{"mods":["2.2 Compatiblity","AchievementEnabler","Act Like it!","BaseMod","Bestiary","Better Altar","Better Note","Better Sensory Stone","Better Skull","Better Third Choice","Better Vampires","BetterRewards","Block Reminder","Card Forge","Colored Map","Colored Powertips","Curses Come First","DeckTracker","Downfall","Highlight Path","Minty Spire (QoL Compilation)","Permanent Neow","Quick Restart","Rare Cards Sparkle","Relic Stats","Shop Mod","StSLib","The Jungle"],"gold_per_floor":[109,122,136,136,61,392,6,24,106,122,122,83,83,102,102,201,201,214,59,79,91,57,57,57,57,125,125,158,169,204,204,204,302,302,319,319,42,42,92,92,120,175,202,222,241,269,269,269,269,269],"floor_reached":48,"playtime":2943,"items_purged":["hexamod:Strike","hexamod:Strike","Doubt"],"score":770,"play_id":"b28c78da-1091-462c-85a7-c7dc71654f79","local_time":"20210105144110","is_ascension_mode":true,"campfire_choices":[{"data":"hexamod:SearingWound","floor":11.0,"key":"SMITH"},{"data":"hexamod:HeatCrush","floor":13.0,"key":"SMITH"},{"data":"hexamod:Sear","floor":15.0,"key":"SMITH"},{"data":"hexamod:TimeWarp","floor":23.0,"key":"SMITH"},{"data":"hexamod:FlamesFromBeyond","floor":25.0,"key":"SMITH"},{"data":"hexamod:RainOfEmbers","floor":27.0,"key":"SMITH"},{"data":"hexamod:ExtraCrispy","floor":32.0,"key":"SMITH"},{"data":"expansioncontent:YouAreMine","floor":40.0,"key":"SMITH"}],"circlet_count":0,"master_deck":["hexamod:Strike","hexamod:Strike","hexamod:Defend+1","hexamod:Defend","hexamod:Defend","hexamod:Defend","hexamod:Sear+1","hexamod:Float","hexamod:ThermalTransfer","hexamod:RainOfEmbers+1","hexamod:Again","hexamod:ExtraCrispy+1","hexamod:SearingWound+1","hexamod:PhantomFireball","hexamod:AdvancingGuard","hexamod:FlamesFromBeyond+1","hexamod:HeatCrush+1","hexamod:TimeWarp+1","hexamod:SpectersWail+1","hexamod:AdvancingGuard","hexamod:RetreatToShadows","hexamod:Hexaguard+1","hexamod:Toasty","CurseOfTheBell","hexamod:RadiantFlame+1","expansioncontent:YouAreMine+1","hexamod:AdvancingGuard+1","sneckomod:Bewildered","hexamod:AdvancingGuard+1","hexamod:SoulSteal+1"],"relics":["Hammer of Thor","Seething Fire","Anvil of the Gods","Cursed Key","Bag of Preparation","Old Coin","Nunchaku","Pantograph","Philosopher\u0027s Stone","Bloody Idol","Singing Bowl","Pen Nib","hexamod:MatchstickCase","Nloth\u0027s Gift","Calling Bell","Lantern","Eternal Feather","Peace Pipe","MealTicket","Pocketwatch","Blood Vial","Shovel","InkBottle"],"acts_visited":["Exordium","TheCity","TheBeyond"],"potions_floor_usage":[],"damage_taken":[{"damage":2.0,"enemies":"Jaw Worm","floor":1.0,"turns":3.0},{"damage":0.0,"enemies":"Cultist","floor":2.0,"turns":3.0},{"damage":5.0,"enemies":"2 Louse","floor":3.0,"turns":3.0},{"damage":12.0,"enemies":"Gremlin Nob","floor":6.0,"turns":3.0},{"damage":3.0,"enemies":"Looter","floor":8.0,"turns":3.0},{"damage":6.0,"enemies":"Red Slaver","floor":10.0,"turns":3.0},{"damage":5.0,"enemies":"2 Fungi Beasts","floor":14.0,"turns":3.0},{"damage":0.0,"enemies":"Slime Boss","floor":16.0,"turns":3.0},{"damage":10.0,"enemies":"3 Byrds","floor":18.0,"turns":3.0},{"damage":0.0,"enemies":"Chosen","floor":20.0,"turns":3.0},{"damage":0.0,"enemies":"Centurion and Healer","floor":21.0,"turns":3.0},{"damage":11.0,"enemies":"Slavers","floor":28.0,"turns":4.0},{"damage":12.0,"enemies":"Snake Plant","floor":29.0,"turns":4.0},{"damage":6.0,"enemies":"Book of Stabbing","floor":30.0,"turns":2.0},{"damage":29.0,"enemies":"Collector","floor":33.0,"turns":7.0},{"damage":17.0,"enemies":"3 Shapes","floor":35.0,"turns":4.0},{"damage":36.0,"enemies":"Mind Bloom Boss Battle","floor":39.0,"turns":5.0},{"damage":36.0,"enemies":"Giant Head","floor":41.0,"turns":6.0},{"damage":0.0,"enemies":"2 Orb Walkers","floor":42.0,"turns":3.0},{"damage":4.0,"enemies":"Orb Walker","floor":44.0,"turns":2.0},{"damage":9.0,"enemies":"Sphere and 2 Shapes","floor":45.0,"turns":3.0},{"damage":43.0,"enemies":"Reptomancer","floor":46.0,"turns":7.0},{"damage":15,"enemies":"Maw","floor":48,"turns":4}],"seed_played":"-4557954169657549916","potions_obtained":[{"floor":8.0,"key":"Fire Potion"},{"floor":14.0,"key":"EssenceOfSteel"},{"floor":16.0,"key":"GamblersBrew"},{"floor":18.0,"key":"hexamod:InfernoChargePotion"},{"floor":21.0,"key":"Regen Potion"},{"floor":30.0,"key":"Fire Potion"},{"floor":33.0,"key":"LiquidBronze"},{"floor":39.0,"key":"ColorlessPotion"},{"floor":41.0,"key":"Guardian:BlockOnCardUsePotion"}],"is_trial":false,"path_per_floor":["M","M","M","?","$","E","$","M","T","M","R","$","R","M","R","B",null,"M","$","M","M","$","R","?","R","T","R","E","M","E","?","R","B",null,"M","?","$","?","?","R","E","?","T","M","M","E","?","M"],"character_chosen":"THE_SPIRIT","items_purchased":["hexamod:SearingWound","hexamod:PhantomFireball","Nunchaku","hexamod:HeatCrush","Omamori","hexamod:RetreatToShadows","MealTicket"],"campfire_rested":0,"item_purchase_floors":[7,7,7,12,19,22,37],"current_hp_per_floor":[68,68,63,40,40,28,28,25,25,19,19,19,19,14,14,39,70,60,60,60,60,60,60,25,25,30,30,40,33,34,34,34,35,74,62,64,64,64,43,58,29,36,41,44,44,8,8,0,0,0],"gold":269,"neow_bonus":"BOSS_RELIC","is_daily":false,"chose_seed":false,"campfire_upgraded":8,"win_rate":0.0,"timestamp":1609864870,"path_taken":["M","M","M","?","?","E","$","M","T","?","R","?","R","M","R","BOSS","M","$","M","M","$","R","?","R","T","R","E","M","E","?","R","BOSS","M","?","$","?","?","R","E","?","T","M","?","E","?","M"],"items_purchased_type":["Card","Card","Relic","Card","Relic","Card","Relic"],"build_version":"2020-12-22","purchased_purges":3,"victory":false,"max_hp_per_floor":[70,70,70,70,70,70,70,70,70,70,70,70,70,70,70,70,70,70,70,70,70,70,70,70,70,70,70,72,72,74,74,74,74,74,74,76,76,72,74,74,76,76,76,76,78,78,78,78,78,78],"relic_stats":{"Singing Bowl":12,"counters":[24,85],"Eternal Feather":15,"Pen Nib":[8],"Bag of Preparation":[40],"Cursed Key":3,"Peace Pipe":4,"Blood Vial":10,"Nunchaku":[12],"Shovel":0,"Pantograph":58,"Bloody Idol":65,"MealTicket":0,"Nloth\u0027s Gift":4,"obtain_stats":[{"Lantern":34,"Singing Bowl":26,"Hammer of Thor":0,"Bag of Preparation":4,"Cursed Key":0,"Old Coin":6,"Blood Vial":41,"Nunchaku":7,"Shovel":42,"Pantograph":9,"Philosopher\u0027s Stone":17,"MealTicket":37,"hexamod:SpiritBrand":0,"InkBottle":46,"Eternal Feather":34,"Pen Nib":28,"Omamori":19,"Seething Fire":0,"hexamod:MatchstickCase":30,"Calling Bell":34,"Peace Pipe":34,"Anvil of the Gods":0,"Bloody Idol":24,"Nloth\u0027s Gift":31,"Pocketwatch":39},{"Lantern":16,"Singing Bowl":12,"Hammer of Thor":1,"Bag of Preparation":4,"Cursed Key":1,"Old Coin":5,"Blood Vial":19,"Nunchaku":5,"Shovel":20,"Pantograph":6,"Philosopher\u0027s Stone":9,"MealTicket":17,"hexamod:SpiritBrand":0,"InkBottle":23,"Eternal Feather":16,"Pen Nib":13,"Omamori":10,"Seething Fire":1,"hexamod:MatchstickCase":15,"Calling Bell":16,"Peace Pipe":16,"Anvil of the Gods":1,"Bloody Idol":12,"Nloth\u0027s Gift":15,"Pocketwatch":18},{"Lantern":51,"Singing Bowl":34,"Hammer of Thor":1,"Bag of Preparation":10,"Cursed Key":1,"Old Coin":13,"Blood Vial":66,"Nunchaku":13,"Shovel":69,"Pantograph":16,"Philosopher\u0027s Stone":25,"MealTicket":55,"hexamod:SpiritBrand":0,"InkBottle":81,"Eternal Feather":51,"Pen Nib":38,"Omamori":28,"Seething Fire":1,"hexamod:MatchstickCase":44,"Calling Bell":51,"Peace Pipe":51,"Anvil of the Gods":1,"Bloody Idol":34,"Nloth\u0027s Gift":44,"Pocketwatch":60}],"InkBottle":[2],"Pocketwatch":[15]},"card_choices":[{"not_picked":["hexamod:GhostShield","hexamod:InspiringFlames"],"picked":"hexamod:ThermalTransfer","floor":1.0},{"not_picked":["hexamod:FastForward","hexamod:GhostLash"],"picked":"hexamod:RainOfEmbers","floor":2.0},{"not_picked":["hexamod:FastForward","hexamod:GhostLash"],"picked":"hexamod:Again","floor":3.0},{"not_picked":["hexamod:PhantomCloak","hexamod:GhostOfSpirePresent"],"picked":"hexamod:ExtraCrispy","floor":6.0},{"not_picked":["hexamod:FastForward","hexamod:ThermalTransfer"],"picked":"hexamod:AdvancingGuard","floor":8.0},{"not_picked":["hexamod:AdvancingGuard","hexamod:HeatCrush"],"picked":"hexamod:FlamesFromBeyond","floor":10.0},{"not_picked":["hexamod:AdvancingGuard","hexamod:ShieldOfDarkness","hexamod:SpectersWail"],"picked":"SKIP","floor":14.0},{"not_picked":["hexamod:GiftsFromTheDead","hexamod:GhostflameInferno"],"picked":"hexamod:TimeWarp","floor":16.0},{"not_picked":["hexamod:Again","hexamod:PhantomCloak"],"picked":"hexamod:SpectersWail+1","floor":18.0},{"not_picked":["hexamod:PowerFromBeyond","hexamod:GhostShield"],"picked":"hexamod:AdvancingGuard","floor":20.0},{"not_picked":["hexamod:GhostOfSpirePast","hexamod:AdvancingGuard","hexamod:HeatMetal"],"picked":"SKIP","floor":21.0},{"not_picked":["hexamod:Firestarter","hexamod:InspiringFlames","hexamod:BurningTouch"],"picked":"Singing Bowl","floor":28.0},{"not_picked":["hexamod:GhostShield","hexamod:StepThrough"],"picked":"hexamod:Hexaguard+1","floor":29.0},{"not_picked":["hexamod:SpectersWail+1","hexamod:SkipABeat","hexamod:Rewind"],"picked":"Singing Bowl","floor":30.0},{"not_picked":["hexamod:ApocalypticArmor","hexamod:TurnItUp"],"picked":"hexamod:Toasty","floor":33.0},{"not_picked":["hexamod:ChargedBarrage","hexamod:SixthSeal"],"picked":"hexamod:RadiantFlame+1","floor":35.0},{"not_picked":["expansioncontent:HyperBeam","Jack Of All Trades","Madness"],"picked":"Singing Bowl","floor":36.0},{"not_picked":["Bandage Up","expansioncontent:StudyTheSpire"],"picked":"expansioncontent:YouAreMine","floor":36.0},{"not_picked":["hexamod:StepThrough","hexamod:SpectersWail+1","hexamod:HexaLevel"],"picked":"Singing Bowl","floor":39.0},{"not_picked":["hexamod:FlamesFromBeyond","hexamod:Incineration","hexamod:GhostLash"],"picked":"Singing Bowl","floor":41.0},{"not_picked":["hexamod:NightmareStrike+1","hexamod:Again+1"],"picked":"hexamod:AdvancingGuard+1","floor":42.0},{"not_picked":["hexamod:SpectersWail","hexamod:ShieldOfDarkness"],"picked":"hexamod:AdvancingGuard+1","floor":44.0},{"not_picked":["hexamod:CrushingStance","hexamod:HauntingEcho+1","hexamod:Again+1"],"picked":"Singing Bowl","floor":45.0},{"not_picked":["hexamod:GhostflameInferno","hexamod:SpectersWail+1"],"picked":"hexamod:SoulSteal+1","floor":46.0}],"player_experience":871954,"relics_obtained":[{"floor":6.0,"key":"Old Coin"},{"floor":9.0,"key":"Pantograph"},{"floor":26.0,"key":"Singing Bowl"},{"floor":28.0,"key":"Pen Nib"},{"floor":30.0,"key":"hexamod:MatchstickCase"},{"floor":34.0,"key":"Lantern"},{"floor":34.0,"key":"Eternal Feather"},{"floor":34.0,"key":"Peace Pipe"},{"floor":39.0,"key":"Pocketwatch"},{"floor":41.0,"key":"Blood Vial"},{"floor":42.0,"key":"Shovel"},{"floor":46.0,"key":"InkBottle"}],"event_choices":[{"damage_healed":0.0,"max_hp_gain":0.0,"max_hp_loss":0.0,"gold_gain":0.0,"event_name":"betterSkull:BetterSkull","player_choice":"UP RE ","floor":4.0,"gold_loss":0.0,"damage_taken":27.0,"cards_upgraded":["hexamod:Defend"],"relics_obtained":["Bag of Preparation"]},{"damage_healed":0.0,"max_hp_gain":60.0,"max_hp_loss":25.0,"gold_gain":0.0,"event_name":"betterAltar:BetterAltar","player_choice":" Idol ","floor":24.0,"potions_obtained":[],"relics_lost":[],"gold_loss":0.0,"damage_taken":35.0,"relics_obtained":["Bloody Idol"]},{"damage_healed":0.0,"max_hp_gain":0.0,"max_hp_loss":0.0,"gold_gain":0.0,"event_name":"N\u0027loth","player_choice":"Traded Relic","floor":31.0,"relics_lost":["Omamori"],"gold_loss":0.0,"damage_taken":0.0,"relics_obtained":["Nloth\u0027s Gift"]},{"damage_healed":0.0,"max_hp_gain":0.0,"max_hp_loss":0.0,"gold_gain":3.0,"event_name":"betterStone:BetterStone","player_choice":"1","floor":36.0,"gold_loss":0.0,"damage_taken":0.0},{"damage_healed":0.0,"max_hp_gain":0.0,"max_hp_loss":4.0,"gold_gain":0.0,"event_name":"Winding Halls","player_choice":"Max HP","floor":38.0,"gold_loss":0.0,"damage_taken":0.0},{"damage_healed":0.0,"max_hp_gain":0.0,"max_hp_loss":0.0,"gold_gain":0.0,"event_name":"MindBloom","player_choice":"Fight","floor":39.0,"gold_loss":0.0,"damage_taken":0.0},{"damage_healed":0.0,"max_hp_gain":0.0,"max_hp_loss":0.0,"gold_gain":0.0,"event_name":"Mysterious Sphere","player_choice":"Fight","floor":42.0,"gold_loss":0.0,"damage_taken":0.0},{"damage_healed":0.0,"max_hp_gain":0.0,"max_hp_loss":0.0,"gold_gain":0.0,"event_name":"Tomb of Lord Red Mask","player_choice":"Ignored","floor":47.0,"gold_loss":0.0,"damage_taken":0.0}],"is_beta":false,"boss_relics":[{"not_picked":["Runic Pyramid","Velvet Choker"],"picked":"Philosopher\u0027s Stone"},{"not_picked":["Black Star","Astrolabe"],"picked":"Calling Bell"}],"items_purged_floors":[5,7,37],"is_endless":false,"potions_floor_spawned":[8,14,16,18,21,30,33,39,41],"killed_by":"Maw","ascension_level":3}}