{"host":"ta9mufxydm4vkknf","time":1609858893,"event":{"mods":["AchievementEnabler","BaseMod","Minty Spire (QoL Compilation)","Quick Restart"],"gold_per_floor":[118,131,131,206,206,206,233,233,259,259,275,295,295,310,310,407,407,419,518,532,552,569,569,598,598,598,598,598,631,166,166,166,270,320,339,339,351,351,351,384,234,234,234,245,258,268,278,307,307,327],"floor_reached":51,"playtime":3054,"items_purged":["Bash"],"score":874,"play_id":"6f0265c2-07ed-4926-bfaa-4e3c21ac8a76","local_time":"20210105160133","is_ascension_mode":true,"campfire_choices":[{"data":"Feed","floor":6,"key":"SMITH"},{"data":"Uppercut","floor":8,"key":"SMITH"},{"data":"Shrug It Off","floor":10,"key":"SMITH"},{"data":"Cleave","floor":13,"key":"SMITH"},{"data":"Dual Wield","floor":15,"key":"SMITH"},{"data":"True Grit","floor":23,"key":"SMITH"},{"data":"Sentinel","floor":25,"key":"SMITH"},{"data":"Anger","floor":27,"key":"SMITH"},{"floor":32,"key":"REST"},{"data":"Berserk","floor":42,"key":"SMITH"},{"data":"Battle Trance","floor":49,"key":"SMITH"}],"circlet_count":0,"master_deck":["Anger+1","Sentinel+1","Reaper","Uppercut+1","Fiend Fire","Feed+1","Inflame+1","Clothesline","Shrug It Off+1","Hemokinesis","Cleave+1","Dual Wield+1","Impervious","True Grit+1","Flex+1","Shrug It Off","Offering","Battle Trance+1","Twin Strike+1","Berserk+1","Second Wind+1"],"relics":["Pandora\u0027s Box","Mercury Hourglass","Red Skull","SacredBark","Omamori","Letter Opener","FossilizedHelix","Brimstone","PreservedInsect","MutagenicStrength","Tiny House","Darkstone Periapt","Medical Kit","Centennial Puzzle","Incense Burner"],"acts_visited":["Exordium","TheCity","TheBeyond"],"potions_floor_usage":[20,24,29,33,45,50],"damage_taken":[{"damage":9,"enemies":"Small Slimes","floor":1,"turns":3},{"damage":0,"enemies":"2 Louse","floor":2,"turns":2},{"damage":40,"enemies":"Lagavulin","floor":7,"turns":6},{"damage":0,"enemies":"Cultist","floor":11,"turns":2},{"damage":0,"enemies":"3 Louse","floor":12,"turns":1},{"damage":8,"enemies":"Looter","floor":14,"turns":3},{"damage":28,"enemies":"Hexaghost","floor":16,"turns":8},{"damage":19,"enemies":"Spheric Guardian","floor":18,"turns":4},{"damage":13,"enemies":"Shell Parasite","floor":20,"turns":5},{"damage":11,"enemies":"Snecko","floor":21,"turns":4},{"damage":36,"enemies":"Shelled Parasite and Fungi","floor":22,"turns":9},{"damage":26,"enemies":"Book of Stabbing","floor":24,"turns":5},{"damage":18,"enemies":"Gremlin Leader","floor":29,"turns":7},{"damage":38,"enemies":"Champ","floor":33,"turns":8},{"damage":6,"enemies":"Orb Walker","floor":35,"turns":3},{"damage":0,"enemies":"3 Shapes","floor":37,"turns":4},{"damage":48,"enemies":"Reptomancer","floor":40,"turns":6},{"damage":6,"enemies":"Transient","floor":44,"turns":5},{"damage":26,"enemies":"Spire Growth","floor":45,"turns":3},{"damage":18,"enemies":"Jaw Worm Horde","floor":46,"turns":2},{"damage":10,"enemies":"3 Darklings","floor":47,"turns":4},{"damage":19,"enemies":"Nemesis","floor":48,"turns":3},{"damage":68,"enemies":"Time Eater","floor":50,"turns":8}],"seed_played":"-2452274444895272330","potions_obtained":[{"floor":1,"key":"Block Potion"},{"floor":7,"key":"HeartOfIron"},{"floor":12,"key":"Strength Potion"},{"floor":20,"key":"DistilledChaos"},{"floor":29,"key":"ColorlessPotion"},{"floor":33,"key":"ColorlessPotion"},{"floor":34,"key":"Regen Potion"},{"floor":45,"key":"ColorlessPotion"},{"floor":46,"key":"BloodPotion"}],"is_trial":false,"path_per_floor":["M","M","?","?","?","R","E","R","T","R","M","M","R","M","R","B",null,"M","?","M","M","M","R","E","R","T","R","?","E","$","?","R","B",null,"M","?","M","?","?","E","$","R","T","M","M","M","M","E","R","B",null],"character_chosen":"IRONCLAD","items_purchased":["Brimstone","Shrug It Off","PreservedInsect","Swift Potion","Medical Kit"],"campfire_rested":1,"item_purchase_floors":[30,30,30,30,41],"current_hp_per_floor":[80,83,88,77,77,77,48,48,48,48,48,48,48,44,44,31,99,80,80,67,65,39,39,26,26,26,26,26,26,26,26,56,32,108,106,112,116,116,110,66,66,66,66,75,64,80,118,99,99,64],"gold":327,"neow_bonus":"BOSS_RELIC","is_daily":false,"chose_seed":false,"campfire_upgraded":10,"win_rate":0.0,"timestamp":1609858893,"path_taken":["M","M","?","?","?","R","E","R","T","R","M","?","R","M","R","BOSS","M","?","M","M","M","R","E","R","T","R","?","E","$","?","R","BOSS","M","?","?","?","?","E","?","R","T","M","M","M","M","E","R","BOSS"],"items_purchased_type":["Relic","Card","Relic","Potion","Relic"],"build_version":"2020-12-22","purchased_purges":1,"victory":true,"max_hp_per_floor":[83,86,91,91,91,91,95,95,95,95,95,95,95,99,99,99,99,99,99,99,99,103,103,103,103,103,103,103,103,103,103,103,103,108,112,112,116,116,110,114,114,114,114,114,114,118,118,118,118,118],"card_choices":[{"not_picked":["Flex","Body Slam"],"picked":"Shrug It Off","floor":1},{"not_picked":["Flex","Inflame"],"picked":"Hemokinesis","floor":2},{"not_picked":["Blood for Blood","Power Through"],"picked":"Intimidate","floor":7},{"not_picked":["Infernal Blade","Pommel Strike"],"picked":"Cleave","floor":11},{"not_picked":["Twin Strike","Clash","Reaper"],"picked":"SKIP","floor":12},{"not_picked":["Pommel Strike","Headbutt"],"picked":"Dual Wield","floor":14},{"not_picked":["Immolate","Barricade"],"picked":"Impervious","floor":16},{"not_picked":["Dropkick","Cleave+1","Warcry+1"],"picked":"SKIP","floor":18},{"not_picked":["Wild Strike","Pommel Strike","Dual Wield"],"picked":"SKIP","floor":20},{"not_picked":["Pommel Strike","Perfected Strike+1"],"picked":"True Grit","floor":21},{"not_picked":["Iron Wave+1","Cleave"],"picked":"Flex+1","floor":22},{"not_picked":["Impervious","Hemokinesis","Shockwave"],"picked":"SKIP","floor":24},{"not_picked":["Thunderclap","Sword Boomerang","Havoc"],"picked":"SKIP","floor":29},{"not_picked":["Bludgeon","Reaper"],"picked":"Offering","floor":33},{"not_picked":["Sentinel+1","Entrench"],"picked":"Battle Trance","floor":35},{"not_picked":["Inflame+1","Sever Soul+1"],"picked":"Twin Strike+1","floor":37},{"not_picked":["Bloodletting","Flex+1"],"picked":"Berserk","floor":40},{"not_picked":["Dropkick+1","Armaments+1","Heavy Blade+1"],"picked":"SKIP","floor":44},{"not_picked":["Searing Blow","Combust","Flame Barrier"],"picked":"SKIP","floor":45},{"not_picked":["Cleave+1","Wild Strike","Dual Wield+1"],"picked":"SKIP","floor":46},{"not_picked":["Pommel Strike+1","Heavy Blade","Inflame+1"],"picked":"SKIP","floor":47},{"not_picked":["Impervious","Twin Strike"],"picked":"Second Wind+1","floor":48}],"player_experience":220726,"relics_obtained":[{"floor":7,"key":"Mercury Hourglass"},{"floor":9,"key":"Red Skull"},{"floor":24,"key":"Omamori"},{"floor":26,"key":"Letter Opener"},{"floor":29,"key":"FossilizedHelix"},{"floor":40,"key":"Darkstone Periapt"},{"floor":43,"key":"Centennial Puzzle"},{"floor":48,"key":"Incense Burner"}],"event_choices":[{"damage_healed":0,"gold_gain":0,"player_choice":"Donut","damage_taken":0,"max_hp_gain":5,"max_hp_loss":0,"event_name":"Big Fish","floor":3,"gold_loss":0},{"damage_healed":0,"gold_gain":75,"player_choice":"Gather Gold","damage_taken":11,"max_hp_gain":0,"max_hp_loss":0,"event_name":"World of Goop","floor":4,"gold_loss":0},{"cards_removed":["Anger"],"damage_healed":0,"gold_gain":0,"player_choice":"Purged","damage_taken":0,"max_hp_gain":0,"max_hp_loss":0,"event_name":"Purifier","floor":5,"gold_loss":0},{"damage_healed":0,"gold_gain":99,"player_choice":"Stole From Cult","damage_taken":0,"max_hp_gain":0,"max_hp_loss":0,"event_name":"Nest","floor":19,"gold_loss":0},{"damage_healed":0,"gold_gain":0,"player_choice":"Ignored","damage_taken":0,"max_hp_gain":0,"max_hp_loss":0,"event_name":"Ghosts","floor":28,"gold_loss":0},{"damage_healed":0,"gold_gain":0,"player_choice":"Inject Mutagens","damage_taken":0,"relics_obtained":["MutagenicStrength"],"max_hp_gain":0,"max_hp_loss":0,"event_name":"Drug Dealer","floor":31,"gold_loss":0},{"cards_removed":["Intimidate"],"damage_healed":6,"gold_gain":0,"player_choice":"Offered Uncommon","damage_taken":0,"max_hp_gain":0,"max_hp_loss":0,"event_name":"Bonfire Elementals","floor":36,"gold_loss":0},{"damage_healed":0,"gold_gain":0,"player_choice":"Ignored","damage_taken":0,"max_hp_gain":0,"max_hp_loss":0,"event_name":"Tomb of Lord Red Mask","floor":38,"gold_loss":0},{"damage_healed":0,"gold_gain":0,"player_choice":"Max HP","damage_taken":0,"max_hp_gain":0,"max_hp_loss":6,"event_name":"Winding Halls","floor":39,"gold_loss":0}],"is_beta":false,"boss_relics":[{"not_picked":["Coffee Dripper","Runic Dome"],"picked":"SacredBark"},{"not_picked":["Astrolabe","Fusion Hammer"],"picked":"Tiny House"}],"items_purged_floors":[30],"is_endless":false,"potions_floor_spawned":[1,7,12,20,21,29,33,44,45,46],"ascension_level":3}}