{"host":"ev90652pwodlruol","time":1609841427,"event":{"mods":["ATMod(°¢èªMod)","AchievementEnabler","Act Like it!","Aspiration","BaseMod","Bestiary","Conspire","Gensokyo","Hubris","Koishi","Marisa£¨ìFÓê¡¡Ä§ÀíÉ³£©","Minty Spire (QoL Compilation)","Replay The Spire","StSLib","vexMod"],"gold_per_floor":[118,118,133,133,158,193,210,242,266,266,299,315,315,333,333,432,432,447,447,465,475,491,491,503,503,503,0,25,25,25,60,60,60,60],"floor_reached":33,"playtime":1797,"items_purged":[],"score":450,"play_id":"1d8cdc05-731c-4ae9-81da-5906897953dc","local_time":"20210105181027","is_ascension_mode":true,"campfire_choices":[{"data":"AT_OneInchPunch","floor":13.0,"key":"SMITH"},{"data":"Consecrate","floor":15.0,"key":"SMITH"},{"floor":23.0,"key":"REST"},{"floor":30,"key":"RECALL"},{"data":"LessonLearned","floor":32,"key":"SMITH"}],"circlet_count":0,"master_deck":["Strike_P+1","Strike_P+1","Strike_P+1","Strike_P+1","Defend_P","Defend_P","Defend_P","Defend_P","Eruption+1","Vigilance+1","AT_FamilyPortrait+1","AT_OneInchPunch+1","Indignation","FlurryOfBlows+1","Consecrate+1","ClearTheMind+1","LessonLearned+1","hubris:NaturalOne","Tantrum+1","Replay:Hum+1"],"relics":["PureWater","AT_ATBox","Ancient Tea Set","hubris:TenFootPole","Toy Ornithopter","hubris:Icosahedron","Replay:Baseball","vexMod:CursedCompass","ReplayTheSpireMod:Ninjato","AT_ImmortalShieldbow","hubris:CuriousFeather","aspiration:DSix"],"acts_visited":["Exordium","Gensokyo:Gensokyoer"],"potions_floor_usage":[31,31,31],"damage_taken":[{"damage":2.0,"enemies":"conspire:RoseBush","floor":1.0,"turns":2.0},{"damage":0.0,"enemies":"Cultist","floor":3.0,"turns":2.0},{"damage":1.0,"enemies":"Replay:BlueRogue","floor":6.0,"turns":3.0},{"damage":0.0,"enemies":"2 Louse","floor":7.0,"turns":2.0},{"damage":0.0,"enemies":"Lagavulin","floor":8.0,"turns":2.0},{"damage":9.0,"enemies":"3 Sentries","floor":11.0,"turns":5.0},{"damage":8.0,"enemies":"conspire:2 RoseBushes","floor":12.0,"turns":2.0},{"damage":7.0,"enemies":"Blue Slaver","floor":14.0,"turns":2.0},{"damage":0.0,"enemies":"Fading Forest","floor":16.0,"turns":11.0},{"damage":12.0,"enemies":"Gensokyo:AngelMirror","floor":18.0,"turns":2.0},{"damage":8.0,"enemies":"Gensokyo:2_Gloops","floor":20.0,"turns":4.0},{"damage":0.0,"enemies":"Gensokyo:Wraith","floor":21.0,"turns":2.0},{"damage":18.0,"enemies":"Gensokyo:Slime_Group","floor":22.0,"turns":3.0},{"damage":12,"enemies":"Gensokyo:3_Gloops","floor":24,"turns":4},{"damage":0,"enemies":"Gensokyo:Reisen","floor":28,"turns":3},{"damage":31,"enemies":"Gensokyo:Koishi","floor":31,"turns":6},{"damage":113,"enemies":"Gensokyo:Eternal_Rivals","floor":33,"turns":6}],"seed_played":"-284421100492104142","potions_obtained":[{"floor":1.0,"key":"SkillPotion"},{"floor":7.0,"key":"Swift Potion"},{"floor":8.0,"key":"Explosive Potion"},{"floor":12.0,"key":"SkillPotion"},{"floor":21.0,"key":"Regen Potion"},{"floor":22.0,"key":"Milkshake"}],"is_trial":false,"path_per_floor":["M","?","M","?","T","E","M","E","T","?","E","M","R","M","R","B",null,"M","?","M","M","M","R","M","?","T","?","E","$","R","E","R","B"],"character_chosen":"WATCHER","items_purchased":[],"campfire_rested":1,"item_purchase_floors":[],"current_hp_per_floor":[70,70,70,70,70,69,69,69,69,69,60,52,52,50,50,56,73,61,61,53,53,35,56,44,44,44,44,44,44,44,43,43,0,0],"gold":60,"neow_bonus":"UPGRADE_CARD","is_daily":false,"chose_seed":false,"campfire_upgraded":3,"win_rate":0.0,"timestamp":1609841427,"path_taken":["M","?","?","?","?","E","M","E","T","?","E","?","R","M","R","BOSS","M","?","M","M","M","R","?","?","T","?","E","$","R","E","R","BOSS"],"items_purchased_type":[],"build_version":"2020-12-22","purchased_purges":0,"victory":false,"max_hp_per_floor":[72,72,72,72,72,72,72,72,72,72,72,72,72,72,72,73,73,73,73,73,73,73,73,73,68,68,68,68,68,68,68,68,68,68],"card_choices":[{"not_picked":["EmptyFist","CutThroughFate"],"picked":"AT_OneInchPunch","floor":1.0},{"not_picked":["SashWhip","Vengeance"],"picked":"Indignation","floor":3.0},{"not_picked":["Replay:ManipulateFuture","Sanctity","Fasting2"],"picked":"SKIP","floor":6.0},{"not_picked":["Conclude","Replay:AtTheReady"],"picked":"FlurryOfBlows","floor":7.0},{"not_picked":["BattleHymn","SignatureMove","Replay:Cycle"],"picked":"SKIP","floor":8.0},{"not_picked":["Evaluate","Replay:Cycle","Replay:BluntJabs"],"picked":"SKIP","floor":11.0},{"not_picked":["EmptyFist","Fasting2"],"picked":"Consecrate","floor":12.0},{"not_picked":["FlurryOfBlows","Collect"],"picked":"ClearTheMind","floor":14.0},{"not_picked":["Blasphemy","AT_RealColorLess"],"picked":"LessonLearned","floor":16.0},{"not_picked":["Consecrate","Conclude","CutThroughFate"],"picked":"SKIP","floor":18.0},{"not_picked":["AT_SoftenMuscles","JustLucky","Nirvana"],"picked":"SKIP","floor":20.0},{"not_picked":["FlyingSleeves","WheelKick"],"picked":"Tantrum+1","floor":21.0},{"not_picked":["ThirdEye","Replay:BluntJabs+1"],"picked":"Replay:Hum","floor":22.0},{"not_picked":["JustLucky","Conclude","Collect"],"picked":"SKIP","floor":24},{"not_picked":["Replay:BluntJabs","Halt+1","CutThroughFate"],"picked":"SKIP","floor":28},{"not_picked":["BowlingBash","Prostrate+1","Halt"],"picked":"SKIP","floor":31}],"player_experience":255965,"relics_obtained":[{"floor":6.0,"key":"Ancient Tea Set"},{"floor":8.0,"key":"hubris:TenFootPole"},{"floor":9.0,"key":"Toy Ornithopter"},{"floor":11.0,"key":"Replay:Baseball"},{"floor":26,"key":"AT_ImmortalShieldbow"},{"floor":28,"key":"hubris:CuriousFeather"},{"floor":31,"key":"aspiration:DSix"}],"event_choices":[{"damage_healed":0.0,"max_hp_gain":0.0,"max_hp_loss":0.0,"gold_gain":0.0,"event_name":"The Woman in Blue","player_choice":"Bought 0 Potions","floor":2.0,"gold_loss":0.0,"damage_taken":0.0},{"damage_healed":0.0,"max_hp_gain":0.0,"max_hp_loss":0.0,"gold_gain":0.0,"event_name":"Living Wall","player_choice":"Grow","floor":4.0,"gold_loss":0.0,"damage_taken":0.0,"cards_upgraded":["AT_FamilyPortrait"]}],"is_beta":false,"boss_relics":[{"not_picked":["hubris:CrackedHourglass","Fusion Hammer"],"picked":"vexMod:CursedCompass"}],"items_purged_floors":[],"is_endless":false,"potions_floor_spawned":[1,7,8,12,21,22],"killed_by":"Gensokyo:Eternal_Rivals","ascension_level":1}}