{"host":"j0vzbnzm6n2ctevn","time":1609838162,"event":{"mods":["AchievementEnabler","BaseMod","Better Note","Dota2Spire","Minty Spire (QoL Compilation)","Quick Restart","Shop Mod","Spicy Shops","StSLib"],"gold_per_floor":[110,125,125,143,158,193,193,226,250,268,268,24,24,24,24,126,126,145,165,165,165,165],"floor_reached":21,"playtime":800,"items_purged":["Defend_P"],"score":198,"play_id":"622b4cd5-5f04-400c-a433-bc89c1cfed01","local_time":"20210105171602","is_ascension_mode":true,"campfire_choices":[{"data":"Eruption","floor":7,"key":"SMITH"},{"floor":13,"key":"REST"},{"floor":15,"key":"REST"}],"circlet_count":0,"master_deck":["Strike_P+1","Strike_P+1","Strike_P+1","Defend_P","Defend_P","Defend_P","Eruption+1","Vigilance","FollowUp","FlurryOfBlows","CutThroughFate","Devotion","Meditate","Consecrate","Apotheosis","LessonLearned","ClearTheMind","Fasting2"],"relics":["PureWater","NeowsBlessing","Dota2Spire:PowerTreads","Smiling Mask","Fusion Hammer"],"acts_visited":["Exordium","TheCity"],"potions_floor_usage":[6],"damage_taken":[{"damage":0,"enemies":"2 Louse","floor":1,"turns":1},{"damage":0,"enemies":"Jaw Worm","floor":2,"turns":1},{"damage":0,"enemies":"Small Slimes","floor":4,"turns":1},{"damage":0,"enemies":"2 Fungi Beasts","floor":5,"turns":2},{"damage":19,"enemies":"Lagavulin","floor":6,"turns":5},{"damage":31,"enemies":"3 Sentries","floor":8,"turns":8},{"damage":5,"enemies":"Looter","floor":10,"turns":3},{"damage":42,"enemies":"The Guardian","floor":16,"turns":7},{"damage":12,"enemies":"Shell Parasite","floor":18,"turns":4},{"damage":6,"enemies":"Chosen","floor":19,"turns":6},{"damage":56,"enemies":"Snake Plant","floor":21,"turns":4}],"seed_played":"8841827381942844243","potions_obtained":[{"floor":2,"key":"BottledMiracle"},{"floor":4,"key":"PowerPotion"},{"floor":8,"key":"Energy Potion"},{"floor":18,"key":"SkillPotion"}],"is_trial":false,"path_per_floor":["M","M","?","M","M","E","R","E","T","M","?","$","R","$","R","B",null,"M","M","$","M"],"character_chosen":"WATCHER","items_purchased":["Apotheosis"],"campfire_rested":2,"item_purchase_floors":[12],"current_hp_per_floor":[72,72,58,58,58,39,39,8,8,3,3,3,24,24,45,3,72,60,54,54,0,0],"gold":165,"neow_bonus":"THREE_ENEMY_KILL","is_daily":false,"chose_seed":false,"campfire_upgraded":1,"win_rate":0.0,"timestamp":1609838162,"path_taken":["M","M","?","M","M","E","R","E","T","M","?","$","R","$","R","BOSS","M","M","$","M"],"items_purchased_type":["Card"],"build_version":"2020-12-22","purchased_purges":1,"victory":false,"max_hp_per_floor":[72,72,72,72,72,72,72,72,72,72,72,72,72,72,72,72,72,72,72,72,72,72],"card_choices":[{"not_picked":["Protect","Adaptation"],"picked":"FollowUp","floor":1},{"not_picked":["BattleHymn","BowlingBash"],"picked":"FlurryOfBlows","floor":2},{"not_picked":["WindmillStrike","CrushJoints"],"picked":"CutThroughFate","floor":4},{"not_picked":["Tantrum","Worship"],"picked":"Devotion","floor":5},{"not_picked":["EmptyBody","Evaluate","Halt"],"picked":"SKIP","floor":6},{"not_picked":["ClearTheMind","EmptyFist"],"picked":"Meditate","floor":8},{"not_picked":["Worship","ThirdEye"],"picked":"Consecrate","floor":10},{"not_picked":["Alpha","Blasphemy"],"picked":"LessonLearned","floor":16},{"not_picked":["CutThroughFate","Collect"],"picked":"ClearTheMind","floor":18},{"not_picked":["SashWhip","Consecrate"],"picked":"Fasting2","floor":19}],"player_experience":138879,"relics_obtained":[{"floor":6,"key":"Dota2Spire:PowerTreads"},{"floor":8,"key":"Smiling Mask"}],"event_choices":[{"damage_healed":0,"gold_gain":0,"player_choice":"Entered Light","damage_taken":14,"max_hp_gain":0,"max_hp_loss":0,"event_name":"Shining Light","floor":3,"gold_loss":0,"cards_upgraded":["Strike_P","Strike_P"]},{"cards_removed":["Strike_P"],"damage_healed":0,"gold_gain":0,"player_choice":"Forget","damage_taken":0,"max_hp_gain":0,"max_hp_loss":0,"event_name":"Living Wall","floor":11,"gold_loss":0}],"is_beta":false,"boss_relics":[{"not_picked":["Black Star","Velvet Choker"],"picked":"Fusion Hammer"}],"items_purged_floors":[12],"is_endless":false,"potions_floor_spawned":[2,4,8,18],"killed_by":"Snake Plant","ascension_level":1}}