{"host":"vhikgave70uorr7d","time":1609813617,"event":{"mods":["100% Spire Juice","AchievementEnabler","Act Like it!","Ascension Reborn","Ascension Unlocker","Bard","BaseMod","Beaked The Cultist","Better Altar","Better Match","Better Note","Better Sensory Stone","Better Skull","Better Third Choice","BetterRewards","ChefMod","Colored Powertips","Custom Start","Defuse TimeMaze Blight","Downfall","Elementarium","Energized Spire","Evolution","GifTheSpireLib","GungeonMod","Hallownest","Hermit","Hero for Fun","Highlight Path","Hubris","Infinite Spire","JesterMod","Luminous","Marisa????????","Melee Mod","Menagerie","Mimic Mod","Minty Spire (QoL Compilation)","MostiFishMod","Permanent Neow","Quick Restart","Rare Cards Sparkle","Relic Filter","Remove Card Discount Mod","Replay The Spire","Retaliation","Robot Space Explorer","Shade Mod","Shedinja","Small Relic Pack","Somnambulant","Spicy Shops","StSLib","Swap Starting Deck Mod","Td1madao Mod","The Accelerator","The Alterego","The Animator","The Bladedancer","The Blue Laboratory","The Bug Knight","The Construct","The Cursed","The Disciple","The Dragon Tamer","The Factory","The Gatherer","The Hayseed","The Hierophant","The Judge","The Mystic","The Necromancer","The Poker Player","The Runesmith","The Servant 0.9.4","The Vixen","The Wild Card","TheBandit","TheSwordswoman","TheVacant","Transform Curses"],"gold_per_floor":[99,99,99,99,170,95,123,123,154,173,23,35,149,149,220,220,220,236,264,325,250,551,551,672,672,672,672,703,746,250,22,111,131,131,131,167,10607,10607,10607],"floor_reached":56,"playtime":1084,"items_purged":["Pain","Pride"],"score":1575,"play_id":"d030c95e-5912-495d-bd7b-a7a095d4d570","local_time":"20210104212657","is_ascension_mode":true,"campfire_choices":[{"floor":1,"key":"RECALL"},{"data":"Serious_Punch","floor":6,"key":"SMITH"},{"data":"Serious_Punch","floor":13,"key":"SMITH"},{"floor":35,"key":"REST"}],"circlet_count":0,"master_deck":["Serious_Punch+1","Serious_Punch+1","Serious_Punch+1","Serious_Punch+1","Serious_Punch+1"],"relics":["hexamod:SpiritBrand","EVO:Axolotl","DaveBox","downfall:HeartsMalice","DemoMod:GlassGuonStoneRelic","downfall:HeartBlessingRed","infinitespire:EmpoweringShard","Bag of Preparation","downfall:HeartBlessingBlue","downfall:HeartBlessingGreen","Whetstone","Whetstone","Replay:Kaleidoscope","Busted Crown","relicPack:DSword","hexamod:InflammatoryLetter","Mirror","infinitespire:Beetle Shell","Replay:PocketPolymizer","ReplayTheSpireMod:TigerMarble","hexamod:SoulConsumer","Fusion Hammer","infinitespire:Satchel","Garlic","SentryEyes","DianPoetry","infinitespire:Lucky Rock","jesterMod:MirrorMask","DemoMod:Metronome","Replay:Mystery Machine","relicPack:WeightedSword","Replay:Multitool","Potion Belt","hubris:Teleporter","Pocketwatch","BirthdayGift-Tetrahedron","BargainBundle","Mummified Hand","hubris:MobiusCoin","Quantum Egg","DemoMod:MeltedRock"],"acts_visited":["Exordium","Elementarium:Elementarium","TheBeyond","TheEnding"],"potions_floor_usage":[30],"damage_taken":[{"damage":0,"enemies":"Small Slimes","floor":2,"turns":1},{"damage":0,"enemies":"Jaw Worm","floor":3,"turns":1},{"damage":0,"enemies":"2 Louse","floor":4,"turns":1},{"damage":0,"enemies":"Gremlin Nob","floor":5,"turns":1},{"damage":0,"enemies":"Lagavulin","floor":10,"turns":1},{"damage":0,"enemies":"Lots of Slimes","floor":12,"turns":1},{"damage":0,"enemies":"Red Slaver","floor":15,"turns":1},{"damage":0,"enemies":"downfall:Defect","floor":16,"turns":1},{"damage":0,"enemies":"Elementarium:2_ELEMENTALS","floor":22,"turns":1},{"damage":0,"enemies":"downfall:FleeingMerchant","floor":30,"turns":1},{"damage":0,"enemies":"Elementarium:VoidCorruption","floor":32,"turns":1},{"damage":0,"enemies":"downfall:Ironclad","floor":33,"turns":1},{"damage":0,"enemies":"3 Shapes","floor":41,"turns":2},{"damage":0,"enemies":"3 Shapes","floor":49,"turns":1},{"damage":0,"enemies":"downfall:Watcher","floor":50,"turns":1},{"damage":0,"enemies":"downfall:CharBossMerchant","floor":52,"turns":1},{"damage":12,"enemies":"downfall:NeowBoss","floor":55,"turns":7}],"seed_played":"3035452013494579468","potions_obtained":[{"floor":22,"key":"blueLaboratory:FruitPunch"},{"floor":30,"key":"Reflective Coating"},{"floor":33,"key":"Strength Potion"},{"floor":52,"key":"Explosive Potion"}],"is_trial":false,"path_per_floor":["R","M","M","M","?","R","T","?","E","M","R","M","B",null,"R","?","?","M","T","T","?","$","M","B",null,"R","?","?","MIM","$","$","R","M","B",null,"E","$","R","B",null],"character_chosen":"THE_SPIRIT","items_purchased":["blueLaboratory:FruitPunch","infinitespire:Lucky Rock","jesterMod:MirrorMask","DemoMod:Metronome","Replay:Mystery Machine","Adrenaline Potion","relicPack:WeightedSword","Replay:Multitool","Potion Belt","BirthdayGift-Tetrahedron","BargainBundle","Mummified Hand","hubris:MobiusCoin","Quantum Egg","DemoMod:MeltedRock","Fire Potion"],"campfire_rested":1,"item_purchase_floors":[30,43,43,43,43,43,45,45,45,53,53,53,53,53,53,53],"current_hp_per_floor":[77,77,77,77,77,77,77,77,77,77,87,87,94,94,94,76,41,41,41,41,41,44,44,54,108,108,108,65,65,65,65,65,11106,11113,11113,11113,11113,11113,11111],"gold":10607,"neow_bonus":"THREE_ENEMY_KILL","is_daily":false,"chose_seed":false,"campfire_upgraded":2,"win_rate":0.0,"timestamp":1609813617,"path_taken":["R","M","M","M","?","R","T","?","E","M","R","M","BOSS","R","?","?","M","T","?","?","$","M","BOSS","R","?","?","MIM","?","$","R","M","BOSS","E","$","R","BOSS"],"items_purchased_type":["Potion","Relic","Relic","Relic","Relic","Potion","Relic","Relic","Relic","Relic","Relic","Relic","Relic","Relic","Relic","Potion"],"build_version":"2020-12-22","purchased_purges":2,"victory":true,"max_hp_per_floor":[77,77,77,77,77,77,77,77,77,77,87,87,94,94,94,99,99,99,99,99,99,101,101,108,108,108,108,108,108,108,108,108,11106,11113,11113,11113,11113,11113,11120],"card_choices":[{"not_picked":["hexamod:GhostLash","hexamod:DynamicBlow+1","hexamod:NightmareStrike"],"picked":"SKIP","floor":2},{"not_picked":["hexamod:EmpoweredFlame","hexamod:SoulSteal+1","hexamod:SixthSeal"],"picked":"SKIP","floor":3},{"not_picked":["hexamod:ShieldOfDarkness","hexamod:GhostOfSpirePresent","hexamod:BurningTouch"],"picked":"SKIP","floor":4},{"not_picked":["hexamod:NightmareStrike","hexamod:NightmareGuise","hexamod:GhostLash+1"],"picked":"SKIP","floor":10},{"not_picked":["hexamod:GhostLash","hexamod:Again","hexamod:HeatMetal"],"picked":"SKIP","floor":10},{"not_picked":["hexamod:DynamicBlow","hexamod:RadiantFlame+1","hexamod:GhostShield+1"],"picked":"SKIP","floor":12},{"not_picked":["hexamod:GhostOfSpireFuture","hexamod:InspiringFlames","hexamod:ParanormalForm"],"picked":"SKIP","floor":15},{"not_picked":["hexamod:ThermalTransfer"],"picked":"SKIP","floor":22},{"not_picked":["hexamod:CatchUp"],"picked":"SKIP","floor":30},{"not_picked":["hexamod:NightmareStrike"],"picked":"SKIP","floor":32},{"not_picked":["hexamod:GhostflameBarrier+1"],"picked":"SKIP","floor":49},{"not_picked":["hexamod:GhostOfSpirePresent+1"],"picked":"SKIP","floor":52}],"player_experience":391948,"relics_obtained":[{"floor":7,"key":"infinitespire:EmpoweringShard"},{"floor":10,"key":"Bag of Preparation"},{"floor":16,"key":"Replay:Kaleidoscope"},{"floor":22,"key":"hexamod:InflammatoryLetter"},{"floor":24,"key":"Mirror"},{"floor":24,"key":"infinitespire:Beetle Shell"},{"floor":26,"key":"Replay:PocketPolymizer"},{"floor":26,"key":"ReplayTheSpireMod:TigerMarble"},{"floor":33,"key":"hexamod:SoulConsumer"},{"floor":37,"key":"infinitespire:Satchel"},{"floor":37,"key":"Garlic"},{"floor":39,"key":"SentryEyes"},{"floor":41,"key":"DianPoetry"},{"floor":52,"key":"Pocketwatch"}],"event_choices":[{"damage_healed":0,"gold_gain":0,"player_choice":"Sacrifice","damage_taken":23,"max_hp_gain":5,"max_hp_loss":0,"event_name":"Elementarium:RadiantAltar","floor":20,"gold_loss":0},{"damage_healed":0,"gold_gain":0,"player_choice":"3","damage_taken":0,"max_hp_gain":0,"max_hp_loss":0,"event_name":"betterMatch:BetterMatch","floor":28,"gold_loss":0,"cards_obtained":[]}],"is_beta":false,"boss_relics":[{"not_picked":["Runic Dome","Coffee Dripper"],"picked":"Busted Crown"},{"not_picked":["energizedSpire:EnergizedDie","construct:ClawGrip"],"picked":"Fusion Hammer"}],"items_purged_floors":[43,53],"is_endless":false,"potions_floor_spawned":[12,15,32,49],"ascension_level":0}}