{"host":"1ltt377nc7aury4n","time":1609821990,"event":{"mods":["AchievementEnabler","BaseMod","Best Route Mod","Colored Powertips","Minty Spire (QoL Compilation)","StSLib"],"gold_per_floor":[117,128,1,11,22,48,68,68,68,87,120,120,85,100,100,202,202,218,133,149,74,89,89,120,120,120,151,16,16,16,16],"floor_reached":30,"playtime":1971,"items_purged":["Strike_G","Strike_G"],"score":426,"play_id":"e51e2ecc-1e1f-456b-9844-b62e92d4b47e","local_time":"20210104234630","is_ascension_mode":true,"campfire_choices":[{"floor":8.0,"key":"REST"},{"data":"1","floor":15.0,"key":"LIFT"},{"data":"After Image","floor":23.0,"key":"SMITH"},{"data":"2","floor":25.0,"key":"LIFT"}],"circlet_count":0,"master_deck":["Strike_G","Strike_G","Defend_G","Defend_G","Defend_G","Survivor","Neutralize","Dodge and Roll","All Out Attack","Footwork","Infinite Blades","Blade Dance","Dagger Spray","Escape Plan","Terror","Blur","Blur","Bouncing Flask","After Image+1","Backflip+1","Accuracy"],"relics":["Ring of the Snake","Happy Flower","StoneCalendar","Girya","Sozu","Blue Candle","Omamori","Bag of Marbles","Pantograph"],"acts_visited":["Exordium","TheCity"],"potions_floor_usage":[],"damage_taken":[{"damage":3.0,"enemies":"Small Slimes","floor":1.0,"turns":5.0},{"damage":0.0,"enemies":"2 Louse","floor":2.0,"turns":5.0},{"damage":3.0,"enemies":"Jaw Worm","floor":4.0,"turns":4.0},{"damage":2.0,"enemies":"Looter","floor":5.0,"turns":4.0},{"damage":20.0,"enemies":"3 Sentries","floor":6.0,"turns":7.0},{"damage":3.0,"enemies":"Blue Slaver","floor":7.0,"turns":5.0},{"damage":7.0,"enemies":"Lots of Slimes","floor":10.0,"turns":2.0},{"damage":7.0,"enemies":"Gremlin Nob","floor":11.0,"turns":4.0},{"damage":0.0,"enemies":"Red Slaver","floor":14.0,"turns":4.0},{"damage":0.0,"enemies":"Slime Boss","floor":16.0,"turns":7.0},{"damage":5.0,"enemies":"Chosen","floor":18.0,"turns":5.0},{"damage":0.0,"enemies":"3 Byrds","floor":20.0,"turns":5.0},{"damage":6.0,"enemies":"Snake Plant","floor":22.0,"turns":6.0},{"damage":0.0,"enemies":"Book of Stabbing","floor":24.0,"turns":7.0},{"damage":55.0,"enemies":"Slavers","floor":27.0,"turns":7.0},{"damage":14,"enemies":"Snecko","floor":30,"turns":4}],"seed_played":"-1610157287308788169","potions_obtained":[{"floor":1.0,"key":"FearPotion"},{"floor":6.0,"key":"LiquidMemories"},{"floor":7.0,"key":"GamblersBrew"},{"floor":11.0,"key":"Swift Potion"},{"floor":14.0,"key":"Weak Potion"}],"is_trial":false,"path_per_floor":["M","M","$","M","M","E","M","R","T","M","E","?","$","M","R","B",null,"M","?","M","?","M","R","E","R","T","E","$","?","M"],"character_chosen":"THE_SILENT","items_purchased":["Blade Dance","Blur","Accuracy"],"campfire_rested":1,"item_purchase_floors":[3,13,28],"current_hp_per_floor":[46,46,46,43,41,21,18,39,39,32,25,48,48,48,48,48,70,65,65,65,65,59,59,59,59,59,4,4,4,0,0],"gold":16,"neow_bonus":"TRANSFORM_TWO_CARDS","is_daily":false,"chose_seed":false,"campfire_upgraded":1,"win_rate":0.0,"timestamp":1609821990,"path_taken":["M","M","$","M","M","E","M","R","T","M","E","?","$","M","R","BOSS","M","?","M","?","M","R","E","R","T","E","$","?","M"],"items_purchased_type":["Card","Card","Card"],"build_version":"2020-12-22","purchased_purges":2,"victory":false,"max_hp_per_floor":[70,70,70,70,70,70,70,70,70,70,70,70,70,70,70,70,70,70,70,70,70,70,70,70,70,70,70,70,70,70,70],"card_choices":[{"not_picked":["Dagger Throw","Bane"],"picked":"Footwork","floor":1.0},{"not_picked":["Cloak And Dagger","Dagger Throw"],"picked":"Infinite Blades","floor":2.0},{"not_picked":["Prepared","Sucker Punch"],"picked":"Dagger Spray","floor":4.0},{"not_picked":["Eviscerate","Choke","Acrobatics"],"picked":"SKIP","floor":5.0},{"not_picked":["Bane","Flechettes","Prepared"],"picked":"SKIP","floor":6.0},{"not_picked":["Deadly Poison","Sucker Punch"],"picked":"Escape Plan","floor":7.0},{"not_picked":["Reflex","Endless Agony"],"picked":"Terror","floor":10.0},{"not_picked":["Backflip","Calculated Gamble"],"picked":"Blur","floor":11.0},{"not_picked":["Sucker Punch","Poisoned Stab"],"picked":"Bouncing Flask","floor":14.0},{"not_picked":["Glass Knife","Envenom"],"picked":"After Image","floor":16.0},{"not_picked":["Bane+1","Catalyst","Quick Slash"],"picked":"SKIP","floor":18.0},{"not_picked":["Finisher","Slice"],"picked":"Backflip+1","floor":20.0},{"not_picked":["PiercingWail","Dodge and Roll","Backflip"],"picked":"SKIP","floor":22.0},{"not_picked":["Burst","Masterful Stab","Backflip"],"picked":"SKIP","floor":24.0},{"not_picked":["Bane","Corpse Explosion","Heel Hook"],"picked":"SKIP","floor":27.0}],"player_experience":273292,"relics_obtained":[{"floor":6.0,"key":"Happy Flower"},{"floor":9.0,"key":"StoneCalendar"},{"floor":11.0,"key":"Girya"},{"floor":24.0,"key":"Omamori"},{"floor":26.0,"key":"Bag of Marbles"},{"floor":27.0,"key":"Pantograph"}],"event_choices":[{"damage_healed":23.0,"max_hp_gain":0.0,"max_hp_loss":0.0,"gold_gain":0.0,"event_name":"Big Fish","player_choice":"Banana","floor":12.0,"gold_loss":0.0,"damage_taken":0.0},{"damage_healed":0.0,"max_hp_gain":0.0,"max_hp_loss":0.0,"gold_gain":0.0,"event_name":"Addict","player_choice":"Obtained Relic","floor":19.0,"gold_loss":85.0,"damage_taken":0.0,"relics_obtained":["Blue Candle"]},{"cards_removed":["Defend_G"],"damage_healed":0.0,"max_hp_gain":0.0,"max_hp_loss":0.0,"gold_gain":0.0,"event_name":"Beggar","player_choice":"Gave Gold","floor":21.0,"gold_loss":75.0,"damage_taken":0.0},{"damage_healed":0.0,"max_hp_gain":0.0,"max_hp_loss":0.0,"gold_gain":0.0,"event_name":"Vampires","player_choice":"Ignored","floor":29.0,"gold_loss":0.0,"damage_taken":0.0}],"is_beta":false,"boss_relics":[{"not_picked":["Pandora\u0027s Box","Fusion Hammer"],"picked":"Sozu"}],"items_purged_floors":[3,28],"is_endless":false,"potions_floor_spawned":[1,6,7,11,14,18,24],"killed_by":"Snecko","ascension_level":4}}