{"host":"sv2o2io561l6x04h","time":1609816114,"event":{"mods":["BaseMod","Bestiary","Better Altar","Better Match","Better Note","Better Sensory Stone","Colored Map","Conspire","Custom Start","DeckTracker","Downfall","Highlight Path","Hubris","Infinite Spire","Minty Spire (QoL Compilation)","Replay The Spire","Shop Mod","StSLib","The Runesmith"],"gold_per_floor":[99,111,125,125,35,35,87,87,87,187,187,214,214,149,167,272,272,272,288,307,437,457,457,457],"floor_reached":23,"playtime":2509,"items_purged":["Slimebound:Tackle","Slimebound:Strike_Slimebound","Slimebound:SlimeTap"],"score":212,"play_id":"d315c315-592c-4e47-bbde-5a80832e4237","local_time":"20210104220834","is_ascension_mode":false,"campfire_choices":[{"data":"Slimebound:CorrosiveSpit","floor":1,"key":"SMITH"},{"data":"Slimebound:SlimeBarrage","floor":6,"key":"SMITH"},{"data":"Slimebound:OneTwoCombo","floor":8,"key":"SMITH"},{"data":"Slimebound:Gluttony","floor":11,"key":"SMITH"},{"data":"Slimebound:LeadByExample","floor":13,"key":"SMITH"},{"data":"Slimebound:MinionMaster","floor":18,"key":"SMITH"}],"circlet_count":0,"master_deck":["Slimebound:Defend_Slimebound","Slimebound:Defend_Slimebound","Slimebound:Defend_Slimebound","Slimebound:Defend_Slimebound","Slimebound:Split+1","Slimebound:CorrosiveSpit+1","Slimebound:GoopSpray+1","Slimebound:SlimeBarrage+1","Slimebound:OneTwoCombo+1","expansioncontent:QuickStudy+1","Slimebound:SplitSpecialist+1","Slimebound:SlimeBarrage","Slimebound:Gluttony+1","Slimebound:LeadByExample+1","Slimebound:Gluttony","Slimebound:MinionMaster+1","Slimebound:MegaLick+1","Slimebound:LeadByExample","Slimebound:DouseInSlime","Slimebound:ItLooksTasty"],"relics":["Slimebound:AbsorbEndCombat","hubris:Towel","Smiling Mask","Ancient Tea Set","Black Star","hubris:HerbalPaste"],"acts_visited":["Exordium","TheCity"],"potions_floor_usage":[22,22,23],"damage_taken":[{"damage":8,"enemies":"Small Slimes","floor":2,"turns":3},{"damage":9,"enemies":"Jaw Worm","floor":3,"turns":3},{"damage":16,"enemies":"downfall:FleeingMerchant","floor":5,"turns":4},{"damage":36,"enemies":"downfall:Heads","floor":10,"turns":5},{"damage":12,"enemies":"Gremlin Nob","floor":12,"turns":2},{"damage":27,"enemies":"downfall:FleeingMerchant","floor":14,"turns":4},{"damage":24,"enemies":"infinitespire:Voidling","floor":15,"turns":3},{"damage":21,"enemies":"downfall:Watcher","floor":16,"turns":6},{"damage":12,"enemies":"Spheric Guardian","floor":19,"turns":5},{"damage":42,"enemies":"conspire:HollyBat","floor":20,"turns":6},{"damage":28,"enemies":"downfall:FleeingMerchant","floor":21,"turns":4},{"damage":24,"enemies":"Snecko","floor":22,"turns":5},{"damage":23,"enemies":"Replay:Snechameleon","floor":23,"turns":2}],"seed_played":"-3793268538296975765","potions_obtained":[{"floor":15,"key":"Swift Potion"},{"floor":16,"key":"Swift Potion"},{"floor":22,"key":"champ:CounterPotion"}],"is_trial":false,"path_per_floor":["R","M","M","?","$","R","T","R","?","?","R","E","R","$","M","B",null,"R","M","M","$","M","E"],"character_chosen":"SLIMEBOUND","items_purchased":["hubris:HerbalPaste"],"campfire_rested":0,"item_purchase_floors":[21],"current_hp_per_floor":[60,60,60,60,60,60,60,60,60,51,51,60,60,60,56,59,60,60,60,38,30,18,0,0],"gold":457,"neow_bonus":"UPGRADE_CARD","is_daily":false,"chose_seed":false,"campfire_upgraded":6,"win_rate":0.0,"timestamp":1609816114,"path_taken":["R","M","M","?","$","R","T","R","?","?","R","E","R","$","M","BOSS","R","M","M","$","M","E"],"items_purchased_type":["Relic"],"build_version":"2020-12-22","purchased_purges":3,"victory":false,"max_hp_per_floor":[60,60,60,60,60,60,60,60,60,60,60,60,60,60,60,60,60,60,60,60,60,60,60,60],"card_choices":[{"not_picked":["Slimebound:SplitAcid","Slimebound:SplitLeeching"],"picked":"Slimebound:GoopSpray","floor":2},{"not_picked":["Slimebound:GoopSpray","Slimebound:ComboTackle"],"picked":"Slimebound:SlimeBarrage","floor":3},{"not_picked":["Slimebound:ForwardTackle","Slimebound:SpikyOuterGoop"],"picked":"Slimebound:OneTwoCombo","floor":5},{"not_picked":["Metamorphosis+1","Thinking Ahead+1"],"picked":"expansioncontent:QuickStudy+1","floor":9},{"not_picked":["Slimebound:Grow+1","Slimebound:RainOfGoop+1"],"picked":"Slimebound:SplitSpecialist+1","floor":9},{"not_picked":["Slimebound:ComboTackle","Slimebound:BestDefense"],"picked":"Slimebound:Gluttony","floor":10},{"not_picked":["Slimebound:ComboTackle","Slimebound:Repurpose"],"picked":"Slimebound:LeadByExample","floor":12},{"not_picked":["Slimebound:FinishingTackle","Slimebound:Darklings"],"picked":"Slimebound:Gluttony","floor":14},{"not_picked":["Slimebound:ViciousTackle","Slimebound:LeechEnergy"],"picked":"Slimebound:SlimeTap","floor":15},{"not_picked":["Slimebound:DouseInSlime","Slimebound:RallyTheTroops"],"picked":"Slimebound:MinionMaster","floor":16},{"not_picked":["Slimebound:Replication","Slimebound:RollThrough"],"picked":"Slimebound:MegaLick+1","floor":19},{"not_picked":["Slimebound:TongueLash","Slimebound:SplitLeeching"],"picked":"Slimebound:LeadByExample","floor":20},{"not_picked":["Slimebound:Teamwork","Slimebound:SplitMire"],"picked":"Slimebound:DouseInSlime","floor":21},{"not_picked":["Slimebound:SplitSpecialist","Slimebound:ForwardTackle"],"picked":"Slimebound:ItLooksTasty","floor":22}],"player_experience":272638,"relics_obtained":[{"floor":7,"key":"Smiling Mask"},{"floor":12,"key":"Ancient Tea Set"}],"event_choices":[{"damage_healed":0,"gold_gain":0,"player_choice":"2","damage_taken":0,"max_hp_gain":0,"max_hp_loss":0,"event_name":"betterMatch:BetterMatch","floor":9,"gold_loss":0,"cards_obtained":["betterMatch:ColorlessRareCard","betterMatch:UncommonCard"]}],"is_beta":false,"boss_relics":[{"not_picked":["hubris:VirtuousBlindfold","Pandora\u0027s Box"],"picked":"Black Star"}],"items_purged_floors":[5,14,21],"is_endless":false,"potions_floor_spawned":[15,16,22],"killed_by":"Replay:Snechameleon","ascension_level":0}}