{"host":"wshh0nphwn6jv7vj","time":1609819328,"event":{"mods":["BaseMod","Bestiary","Minty Spire (QoL Compilation)"],"gold_per_floor":[111,166,185,195,215,250,250,250,301,59,59,115,135,151,151,151,151],"floor_reached":16,"playtime":835,"items_purged":["Strike_G"],"score":189,"play_id":"7021e960-60d3-4a11-89f0-660057ffeaf5","local_time":"20210104230208","is_ascension_mode":true,"campfire_choices":[{"floor":7,"key":"REST"},{"floor":11,"key":"REST"},{"floor":15,"key":"REST"}],"circlet_count":0,"master_deck":["AscendersBane","Strike_G","Strike_G","Strike_G","Strike_G","Defend_G","Defend_G","Defend_G","Defend_G","Defend_G","Survivor","Neutralize","Footwork","Footwork","Slice","Masterful Stab","Footwork","Backflip","Acrobatics"],"relics":["Ring of the Snake","NeowsBlessing","Bag of Preparation","Matryoshka","Regal Pillow","Ninja Scroll","Bronze Scales","OrangePellets","InkBottle"],"acts_visited":["Exordium"],"potions_floor_usage":[6,12,16],"damage_taken":[{"damage":0,"enemies":"Cultist","floor":1,"turns":1},{"damage":0,"enemies":"2 Louse","floor":3,"turns":1},{"damage":0,"enemies":"Small Slimes","floor":4,"turns":1},{"damage":0,"enemies":"Blue Slaver","floor":5,"turns":5},{"damage":52,"enemies":"Gremlin Nob","floor":6,"turns":6},{"damage":25,"enemies":"Lagavulin Event","floor":12,"turns":7},{"damage":0,"enemies":"Large Slime","floor":13,"turns":6},{"damage":0,"enemies":"Lots of Slimes","floor":14,"turns":4},{"damage":54,"enemies":"Slime Boss","floor":16,"turns":10}],"seed_played":"-6396429172854737901","potions_obtained":[{"floor":1,"key":"ColorlessPotion"},{"floor":3,"key":"LiquidBronze"},{"floor":6,"key":"CunningPotion"}],"is_trial":false,"path_per_floor":["M","T","M","M","M","E","R","?","T","$","R","?","M","M","R","B"],"character_chosen":"THE_SILENT","items_purchased":["OrangePellets"],"campfire_rested":3,"item_purchase_floors":[10],"current_hp_per_floor":[59,59,59,59,59,7,26,8,8,8,42,17,17,17,51,0,0],"gold":151,"neow_bonus":"THREE_ENEMY_KILL","is_daily":false,"chose_seed":false,"campfire_upgraded":0,"win_rate":0.0,"timestamp":1609819328,"path_taken":["M","?","M","?","M","E","R","?","T","$","R","?","M","M","R","BOSS"],"items_purchased_type":["Relic"],"build_version":"2020-12-22","purchased_purges":1,"victory":false,"max_hp_per_floor":[66,66,66,66,66,66,66,66,66,66,66,66,66,66,66,66,66],"card_choices":[{"not_picked":["Endless Agony","PiercingWail"],"picked":"Footwork","floor":1},{"not_picked":["Flying Knee","Cloak And Dagger"],"picked":"Footwork","floor":3},{"not_picked":["Heel Hook","Blur"],"picked":"Slice","floor":4},{"not_picked":["Bane","Quick Slash","Setup"],"picked":"SKIP","floor":5},{"not_picked":["Corpse Explosion","PiercingWail"],"picked":"Masterful Stab","floor":6},{"not_picked":["All Out Attack","Dodge and Roll"],"picked":"Footwork","floor":12},{"not_picked":["Riddle With Holes","Masterful Stab"],"picked":"Backflip","floor":13},{"not_picked":["Dash","Concentrate"],"picked":"Acrobatics","floor":14}],"player_experience":1544389,"relics_obtained":[{"floor":2,"key":"Bag of Preparation"},{"floor":6,"key":"Matryoshka"},{"floor":9,"key":"Ninja Scroll"},{"floor":9,"key":"Bronze Scales"},{"floor":12,"key":"InkBottle"}],"event_choices":[{"damage_healed":0,"gold_gain":0,"player_choice":"Success","damage_taken":18,"relics_obtained":["Regal Pillow"],"max_hp_gain":0,"max_hp_loss":0,"event_name":"Scrap Ooze","floor":8,"gold_loss":0},{"damage_healed":0,"gold_gain":0,"player_choice":"Searched \u00271\u0027 times","damage_taken":0,"max_hp_gain":0,"max_hp_loss":0,"event_name":"Dead Adventurer","floor":12,"gold_loss":0}],"is_beta":false,"boss_relics":[],"items_purged_floors":[10],"is_endless":false,"potions_floor_spawned":[1,3,6],"killed_by":"Slime Boss","ascension_level":17}}