{"host":"15f3wpiimhe5yrng","time":1609827533,"event":{"mods":["2.2 Compatiblity","Arknights The Spire","BaseMod","Bestiary","Better Altar","Better Match","Better Note","Better Sensory Stone","Better Skull","Better Third Choice","Colored Map","Colored Powertips","Downfall","Evolution","Marisa????????","Minty Spire (QoL Compilation)","Permanent Neow","Relic Filter","SacredBarkPlus","Spicy Shops","StSLib","The Animator","The Caster","The Marked","The Poker Player","TheSwordswoman","??????REMEMod"],"gold_per_floor":[113,126,126,126,139,154,193,205,217,229,256,286,341,376,388,531,543,579,604,616,646,72,72,108,108,108,132,147,166,191,28,28,177,240,255,255,327,460,518,518,907,907,930,1026,1059,1059,1126,847,847,877],"floor_reached":51,"playtime":3586,"items_purged":["Shame"],"score":848,"play_id":"ad962766-8172-43f8-8da2-db4e213cc644","local_time":"20210105071853","is_ascension_mode":false,"metric_token":1746,"campfire_choices":[{"data":"PokerPlayerMod:Promotion","floor":8,"key":"SMITH"},{"data":"PokerPlayerMod:TrumpStrike","floor":15,"key":"SMITH"},{"data":"PokerPlayerMod:SecondChance","floor":23,"key":"SMITH"},{"data":"PokerPlayerMod:DartThrow","floor":25,"key":"SMITH"},{"data":"PokerPlayerMod:DartThrow","floor":32,"key":"SMITH"},{"data":"PokerPlayerMod:MagicTrick","floor":40,"key":"SMITH"},{"data":"PokerPlayerMod:Extraction","floor":42,"key":"SMITH"},{"data":"PokerPlayerMod:Trickery","floor":49,"key":"SMITH"}],"circlet_count":0,"master_deck":["PokerPlayerMod:Diamond1","PokerPlayerMod:Diamond5","PokerPlayerMod:Diamond7","PokerPlayerMod:Diamond4","PokerPlayerMod:Diamond6","PokerPlayerMod:Spade1","PokerPlayerMod:Spade3","PokerPlayerMod:Spade4","PokerPlayerMod:Club1","PokerPlayerMod:Club3","PokerPlayerMod:Heart2","PokerPlayerMod:TrumpStrike+1","PokerPlayerMod:BadJoker","PokerPlayerMod:Mulligan","PokerPlayerMod:Promotion+1","PokerPlayerMod:DartThrow+1","PokerPlayerMod:MagicTrick+1","PokerPlayerMod:Spade5","PokerPlayerMod:Diamond4","PokerPlayerMod:Club5","PokerPlayerMod:SecondChance+1","PokerPlayerMod:WasteCollection","PokerPlayerMod:Spade9","PokerPlayerMod:StackedDeck","expansioncontent:DashGenerateEvil+1","PokerPlayerMod:HotShotCut+1","PokerPlayerMod:Heart10+","PokerPlayerMod:DartThrow+1","PokerPlayerMod:Extraction+1","PokerPlayerMod:Fold","Violence","PokerPlayerMod:Diamond10+","PokerPlayerMod:SpadeStrike+1","PokerPlayerMod:Trickery+1","PokerPlayerMod:FillThePot","PokerPlayerMod:FillThePot","PokerPlayerMod:SecondChance+1"],"relics":["PokerPlayerMod:DeckCase","EVO:Axolotl","REME_ComplimentaryCards","Golden Idol","MawBank","Incense Burner","Empty Cage","Membership Card","PokerPlayerMod:PenAndEraser","Bronze Scales","Ornamental Fan","Meat on the Bone","PokerPlayerMod:PendantOfEscape","Tiny House","REME_ArchaeologicalTools","Old Coin","Oddly Smooth Stone","Ginger","PokerPlayerMod:ClubPass","DollysMirror","ClockworkSouvenir","Bag of Marbles","Pantograph"],"acts_visited":["Exordium","TheCity","TheBeyond"],"potions_floor_usage":[33],"damage_taken":[{"damage":0,"enemies":"2 Louse","floor":1,"turns":2},{"damage":4,"enemies":"Jaw Worm","floor":2,"turns":3},{"damage":0,"enemies":"Cultist","floor":5,"turns":2},{"damage":3,"enemies":"Gremlin Gang","floor":6,"turns":3},{"damage":2,"enemies":"Gremlin Nob","floor":7,"turns":3},{"damage":0,"enemies":"Large Slime","floor":11,"turns":2},{"damage":6,"enemies":"Red Slaver","floor":12,"turns":2},{"damage":21,"enemies":"Lagavulin","floor":13,"turns":4},{"damage":13,"enemies":"Exordium Thugs","floor":14,"turns":3},{"damage":11,"enemies":"Hexaghost","floor":16,"turns":9},{"damage":0,"enemies":"Spheric Guardian","floor":18,"turns":1},{"damage":10,"enemies":"3 Byrds","floor":19,"turns":4},{"damage":0,"enemies":"Snake Plant","floor":21,"turns":2},{"damage":30,"enemies":"REME_1_Revenger","floor":24,"turns":3},{"damage":1,"enemies":"Snecko","floor":27,"turns":5},{"damage":6,"enemies":"Shelled Parasite and Fungi","floor":28,"turns":4},{"damage":7,"enemies":"Centurion and Healer","floor":29,"turns":4},{"damage":0,"enemies":"Sentry and Sphere","floor":30,"turns":3},{"damage":41,"enemies":"Collector","floor":33,"turns":6},{"damage":0,"enemies":"Orb Walker","floor":35,"turns":2},{"damage":6,"enemies":"3 Shapes","floor":37,"turns":2},{"damage":6,"enemies":"Writhing Mass","floor":38,"turns":6},{"damage":0,"enemies":"3 Darklings","floor":39,"turns":2},{"damage":12,"enemies":"Reptomancer","floor":41,"turns":4},{"damage":9,"enemies":"Nemesis","floor":44,"turns":6},{"damage":0,"enemies":"Spire Growth","floor":45,"turns":2},{"damage":0,"enemies":"Giant Head","floor":47,"turns":5},{"damage":55,"enemies":"Awakened One","floor":50,"turns":12}],"seed_played":"-5274215176427834993","potions_obtained":[{"floor":1,"key":"Weak Potion"},{"floor":7,"key":"FairyPotion"},{"floor":12,"key":"SpeedPotion"},{"floor":24,"key":"REME_GoldPotion"},{"floor":34,"key":"Block Potion"}],"is_trial":false,"path_per_floor":["M","M","?","?","M","M","E","R","T","$","M","M","E","M","R","B",null,"M","M","?","M","$","R","E","R","T","M","M","M","M","$","R","B",null,"M","?","M","M","M","R","E","R","T","E","M","?","E","$","R","B",null],"character_chosen":"THE_POKER_PLAYER","items_purchased":["PokerPlayerMod:Heart10+","Membership Card","PokerPlayerMod:DartThrow","PokerPlayerMod:PenAndEraser","Bronze Scales","PokerPlayerMod:PendantOfEscape","Violence","DollysMirror","ClockworkSouvenir","Bag of Marbles","Pantograph"],"campfire_rested":0,"item_purchase_floors":[22,22,22,22,22,31,31,48,48,48,48],"current_hp_per_floor":[52,52,42,42,44,41,42,42,42,42,45,39,20,10,10,3,48,48,38,38,47,47,47,18,18,18,31,42,47,47,47,47,36,53,53,53,47,53,53,53,41,41,41,44,53,53,53,53,53,29],"gold":877,"neow_bonus":"ONE_RANDOM_RARE_CARD","is_daily":false,"chose_seed":false,"campfire_upgraded":8,"win_rate":0.0,"timestamp":1609827533,"path_taken":["M","M","?","?","M","?","E","R","T","$","?","?","E","M","R","BOSS","M","M","?","M","?","R","E","R","T","M","M","M","?","$","R","BOSS","M","?","M","?","M","R","E","R","T","E","M","?","E","$","R","BOSS"],"items_purchased_type":["Undefined","Relic","Card","Relic","Relic","Relic","Card","Relic","Relic","Relic","Relic"],"build_version":"2020-12-22","purchased_purges":1,"victory":true,"max_hp_per_floor":[52,52,52,48,48,48,48,48,48,48,48,48,48,48,48,48,48,48,48,48,48,48,48,48,48,48,48,48,48,48,48,48,48,53,53,53,53,53,53,53,53,53,53,53,53,53,53,53,53,53],"card_choices":[{"not_picked":["PokerPlayerMod:Spade5","PokerPlayerMod:Spade1"],"picked":"PokerPlayerMod:HiddenCard","floor":1},{"not_picked":["PokerPlayerMod:SpadeStrike","PokerPlayerMod:Diamond2"],"picked":"PokerPlayerMod:DartThrow","floor":2},{"not_picked":["PokerPlayerMod:DiamondStrike","PokerPlayerMod:Diamond5"],"picked":"PokerPlayerMod:MagicTrick","floor":5},{"not_picked":["PokerPlayerMod:DiamondStrike","PokerPlayerMod:SpadeStrike"],"picked":"PokerPlayerMod:Spade5","floor":6},{"not_picked":["PokerPlayerMod:HiddenCard","PokerPlayerMod:Club3"],"picked":"PokerPlayerMod:Diamond4","floor":7},{"not_picked":["PokerPlayerMod:Diamond1","PokerPlayerMod:Spade6","PokerPlayerMod:ClubsClub"],"picked":"SKIP","floor":11},{"not_picked":["PokerPlayerMod:Trickery","PokerPlayerMod:Diamond2"],"picked":"PokerPlayerMod:Club5","floor":12},{"not_picked":["PokerPlayerMod:Diamond2","PokerPlayerMod:Diamond5"],"picked":"PokerPlayerMod:SecondChance","floor":13},{"not_picked":["PokerPlayerMod:Spade1","PokerPlayerMod:CardPrinter","PokerPlayerMod:Club3"],"picked":"SKIP","floor":14},{"not_picked":["PokerPlayerMod:Club7","PokerPlayerMod:Diamond8"],"picked":"PokerPlayerMod:WasteCollection","floor":16},{"not_picked":["PokerPlayerMod:HeartStrike","PokerPlayerMod:Club3"],"picked":"PokerPlayerMod:Spade9","floor":18},{"not_picked":["PokerPlayerMod:Spade1","PokerPlayerMod:Club1"],"picked":"PokerPlayerMod:StackedDeck","floor":19},{"not_picked":["PokerPlayerMod:Club1","PokerPlayerMod:Extraction"],"picked":"PokerPlayerMod:HotShotCut+1","floor":21},{"not_picked":["PokerPlayerMod:ItsShowtime","PokerPlayerMod:SpadeStrike","PokerPlayerMod:Configure+1"],"picked":"SKIP","floor":24},{"not_picked":["PokerPlayerMod:ClubsClub","PokerPlayerMod:Spade2"],"picked":"PokerPlayerMod:Extraction","floor":27},{"not_picked":["PokerPlayerMod:Diamond5","PokerPlayerMod:Diamond4"],"picked":"PokerPlayerMod:Fold","floor":28},{"not_picked":["PokerPlayerMod:CardBurn","PokerPlayerMod:Spade4","PokerPlayerMod:Spade2"],"picked":"SKIP","floor":29},{"not_picked":["PokerPlayerMod:CloakAndDiamond","PokerPlayerMod:Fold","PokerPlayerMod:Harden"],"picked":"SKIP","floor":30},{"not_picked":["PokerPlayerMod:ChangeRules","PokerPlayerMod:Diamond8"],"picked":"PokerPlayerMod:Diamond10+","floor":33},{"not_picked":["PokerPlayerMod:Diamond2","PokerPlayerMod:ClubShade"],"picked":"PokerPlayerMod:SpadeStrike+1","floor":34},{"not_picked":["PokerPlayerMod:Club2","PokerPlayerMod:Spade4","PokerPlayerMod:Diamond1"],"picked":"SKIP","floor":35},{"not_picked":["PokerPlayerMod:StackedDeck","PokerPlayerMod:Raise+1","PokerPlayerMod:Spade4"],"picked":"SKIP","floor":37},{"not_picked":["PokerPlayerMod:DiamondStrike","PokerPlayerMod:Diamond2","PokerPlayerMod:ClubShade"],"picked":"SKIP","floor":38},{"not_picked":["PokerPlayerMod:Diamond4","PokerPlayerMod:Spade2","PokerPlayerMod:Overdeal+1"],"picked":"SKIP","floor":39},{"not_picked":["PokerPlayerMod:ClubDance+1","PokerPlayerMod:Spade6","PokerPlayerMod:Diamond3"],"picked":"SKIP","floor":41},{"not_picked":["PokerPlayerMod:Spade4","PokerPlayerMod:Club1"],"picked":"PokerPlayerMod:Trickery","floor":44},{"not_picked":["PokerPlayerMod:Diamond4","PokerPlayerMod:Spade2"],"picked":"PokerPlayerMod:FillThePot","floor":45},{"not_picked":["PokerPlayerMod:WildCard","PokerPlayerMod:CloakAndDiamond+1"],"picked":"PokerPlayerMod:FillThePot","floor":47}],"player_experience":132408,"relics_obtained":[{"floor":7,"key":"MawBank"},{"floor":13,"key":"Incense Burner"},{"floor":24,"key":"Ornamental Fan"},{"floor":26,"key":"Meat on the Bone"},{"floor":41,"key":"Old Coin"},{"floor":43,"key":"Oddly Smooth Stone"},{"floor":44,"key":"Ginger"},{"floor":47,"key":"PokerPlayerMod:ClubPass"}],"event_choices":[{"damage_healed":52,"gold_gain":0,"player_choice":"Upgrade","damage_taken":10,"max_hp_gain":0,"max_hp_loss":52,"event_name":"betterThird:BetterShining","floor":3,"gold_loss":0,"cards_upgraded":["PokerPlayerMod:Diamond6","PokerPlayerMod:Club3"]},{"damage_healed":0,"gold_gain":0,"player_choice":"Lose Max HP","damage_taken":0,"relics_obtained":["Golden Idol"],"max_hp_gain":0,"max_hp_loss":4,"event_name":"Golden Idol","floor":4,"gold_loss":0},{"cards_removed":["PokerPlayerMod:SecondChance"],"damage_healed":0,"gold_gain":0,"player_choice":"Take \u0026 Give","damage_taken":0,"max_hp_gain":0,"max_hp_loss":0,"event_name":"betterNote:BetterNote","floor":20,"gold_loss":0,"cards_obtained":["expansioncontent:DashGenerateEvil"]},{"cards_removed":["PokerPlayerMod:Spade2"],"damage_healed":0,"gold_gain":0,"player_choice":"Gave Card","damage_taken":0,"relics_obtained":["REME_ArchaeologicalTools"],"max_hp_gain":0,"max_hp_loss":0,"event_name":"WeMeetAgain","floor":36,"gold_loss":0},{"damage_healed":0,"gold_gain":0,"player_choice":"Ignored","damage_taken":0,"max_hp_gain":0,"max_hp_loss":0,"event_name":"Tomb of Lord Red Mask","floor":46,"gold_loss":0}],"is_beta":false,"boss_relics":[{"not_picked":["Runic Dome","Black Star"],"picked":"Empty Cage"},{"not_picked":["Astrolabe","REME_DuelDisc"],"picked":"Tiny House"}],"items_purged_floors":[48],"is_endless":false,"potions_floor_spawned":[1,7,12,14,16,18,19,24,28,30,39,41,47],"ascension_level":0}}