{"host":"6pgtslebjnyv5xmi","time":1609864740,"event":{"mods":["AchievementEnabler","BaseMod","Colored Map","Minty Spire (QoL Compilation)","Rare Cards Sparkle","StSLib","SuperFastMode","Td1madao Mod","everything is the same but u backflip on backflip"],"gold_per_floor":[119,119,119,131,57,57,83,83,110,110,110,60,75,86,86,191,191,191,191,173,173,43,43,54,73,73,73,73,84,104,120,120,220,220,230,230,230,250,5,32,32,32,102,102,52,67,84,34,34,34],"floor_reached":51,"playtime":2964,"items_purged":["Strike_B","Defend_B","Defend_B","Defend_B"],"score":953,"play_id":"dcafe1f6-1690-4cd1-90a9-1c5aa5aa26db","local_time":"20210106013900","is_ascension_mode":true,"campfire_choices":[{"data":"Dualcast","floor":6.0,"key":"SMITH"},{"floor":10.0,"key":"REST"},{"data":"Genetic Algorithm","floor":15.0,"key":"SMITH"},{"data":"Defragment","floor":23.0,"key":"SMITH"},{"data":"Double Energy","floor":32.0,"key":"SMITH"},{"floor":42.0,"key":"REST"},{"data":"Echo Form","floor":44.0,"key":"SMITH"},{"floor":49.0,"key":"REST"}],"circlet_count":0,"master_deck":["Defend_B","Zap+1","Dualcast+1","Amplify","Hologram","Loop","Reinforced Body","Genetic Algorithm+1","Seek","CurseOfTheBell","Ball Lightning","Defragment+1","White Noise","Double Energy+1","White Noise+1","Ball Lightning","Coolheaded+1","Echo Form+1","Ball Lightning","Panache","Reinforced Body+1","Ball Lightning","Lockon+1","Reboot","Steam+1"],"relics":["Cracked Core","Smiling Mask","HornCleat","Calling Bell","Art of War","Pear","Lizard Tail","Nloth\u0027s Gift","CultistMask","CaptainsWheel","Nuclear Battery","OrangePellets","Dead Branch","Kunai"],"acts_visited":["Exordium","TheCity","TheBeyond"],"potions_floor_usage":[50],"damage_taken":[{"damage":1.0,"enemies":"Cultist","floor":1.0,"turns":3.0},{"damage":0.0,"enemies":"Jaw Worm","floor":4.0,"turns":3.0},{"damage":31.0,"enemies":"3 Sentries","floor":7.0,"turns":9.0},{"damage":0.0,"enemies":"Small Slimes","floor":13.0,"turns":3.0},{"damage":9.0,"enemies":"Looter","floor":14.0,"turns":3.0},{"damage":41.0,"enemies":"Slime Boss","floor":16.0,"turns":13.0},{"damage":0.0,"enemies":"Spheric Guardian","floor":18.0,"turns":1.0},{"damage":13.0,"enemies":"2 Thieves","floor":20.0,"turns":4.0},{"damage":24.0,"enemies":"Sentry and Sphere","floor":24.0,"turns":6.0},{"damage":0.0,"enemies":"Chosen and Byrds","floor":25.0,"turns":6.0},{"damage":8.0,"enemies":"Shelled Parasite and Fungi","floor":29.0,"turns":6.0},{"damage":0.0,"enemies":"Snecko","floor":30.0,"turns":5.0},{"damage":12.0,"enemies":"Centurion and Healer","floor":31.0,"turns":7.0},{"damage":0.0,"enemies":"Collector","floor":33.0,"turns":6.0},{"damage":26.0,"enemies":"3 Darklings","floor":35.0,"turns":5.0},{"damage":7.0,"enemies":"3 Shapes","floor":38.0,"turns":6.0},{"damage":12.0,"enemies":"Reptomancer","floor":40.0,"turns":6.0},{"damage":0.0,"enemies":"Maw","floor":46.0,"turns":6.0},{"damage":4.0,"enemies":"4 Shapes","floor":47.0,"turns":3.0},{"damage":33,"enemies":"Donu and Deca","floor":50,"turns":7}],"seed_played":"-426474690982165059","potions_obtained":[{"floor":7.0,"key":"FearPotion"},{"floor":13.0,"key":"Energy Potion"},{"floor":14.0,"key":"FocusPotion"},{"floor":16.0,"key":"SmokeBomb"},{"floor":25.0,"key":"FocusPotion"},{"floor":29.0,"key":"EssenceOfDarkness"},{"floor":33.0,"key":"SteroidPotion"},{"floor":38.0,"key":"EssenceOfSteel"},{"floor":46.0,"key":"Dexterity Potion"}],"is_trial":false,"path_per_floor":["M","?","?","M","$","R","E","?","T","R","?","$","M","M","R","B",null,"M","?","M","?","$","R","M","M","T","?","?","M","M","M","R","B",null,"M","?","?","M","$","E","?","R","T","R","$","M","M","$","R","B",null],"character_chosen":"DEFECT","items_purchased":["Loop","Ball Lightning","Defragment","OrangePellets","Ball Lightning"],"campfire_rested":3,"item_purchase_floors":[5,22,22,39,39],"current_hp_per_floor":[67,60,60,60,60,60,29,29,29,51,51,51,51,42,42,1,67,67,67,54,54,54,54,30,30,30,58,58,50,50,38,38,38,73,47,47,47,40,40,28,28,53,53,53,53,53,49,49,74,41],"gold":34,"neow_bonus":"ONE_RANDOM_RARE_CARD","is_daily":false,"chose_seed":false,"campfire_upgraded":5,"win_rate":0.0,"timestamp":1609864740,"path_taken":["M","?","?","?","?","R","E","?","T","R","?","$","M","M","R","BOSS","M","?","?","?","$","R","M","?","T","?","?","M","M","?","R","BOSS","M","?","?","M","$","E","?","R","T","R","$","M","M","$","R","BOSS"],"items_purchased_type":["Card","Card","Card","Relic","Card"],"build_version":"2020-12-22","purchased_purges":4,"victory":true,"max_hp_per_floor":[75,75,75,75,75,75,75,75,75,75,75,75,75,75,75,75,85,85,85,85,85,85,85,85,85,85,85,85,85,85,85,85,85,85,85,85,85,85,85,85,85,85,85,85,85,85,85,85,85,85],"card_choices":[{"not_picked":["Beam Cell","Hello World"],"picked":"Cold Snap","floor":1.0},{"not_picked":["Coolheaded","Leap"],"picked":"Hologram","floor":4.0},{"not_picked":["Steam Power","Hologram","Rebound"],"picked":"SKIP","floor":7.0},{"not_picked":["FTL","Leap"],"picked":"Reinforced Body","floor":13.0},{"not_picked":["Glacier","Hello World"],"picked":"Genetic Algorithm","floor":14.0},{"not_picked":["Amplify","Fission"],"picked":"Seek","floor":16.0},{"not_picked":["Conserve Battery","FTL","Stack+1"],"picked":"SKIP","floor":20.0},{"not_picked":["All For One","Seek"],"picked":"White Noise","floor":24.0},{"not_picked":["Turbo","Cold Snap+1"],"picked":"Double Energy","floor":25.0},{"not_picked":["Beam Cell","Cold Snap"],"picked":"White Noise+1","floor":29.0},{"not_picked":["Stack","Meteor Strike"],"picked":"Ball Lightning","floor":30.0},{"not_picked":["Steam+1","Sweeping Beam+1"],"picked":"Coolheaded+1","floor":31.0},{"not_picked":["Meteor Strike","Amplify"],"picked":"Echo Form","floor":33.0},{"not_picked":["Compile Driver","Turbo+1"],"picked":"Ball Lightning","floor":35.0},{"not_picked":["Purity","Swift Strike"],"picked":"Panache","floor":36.0},{"not_picked":["Coolheaded+1","Tempest+1"],"picked":"Reinforced Body+1","floor":38.0},{"not_picked":["Force Field+1","Sweeping Beam+1"],"picked":"Lockon+1","floor":40.0},{"not_picked":["Steam Power+1","Sweeping Beam+1"],"picked":"Steam+1","floor":46.0},{"not_picked":["Reprogram+1","Lockon","Redo"],"picked":"SKIP","floor":47.0}],"player_experience":737568,"relics_obtained":[{"floor":7.0,"key":"Lantern"},{"floor":9.0,"key":"Smiling Mask"},{"floor":17.0,"key":"Art of War"},{"floor":17.0,"key":"Pear"},{"floor":17.0,"key":"Lizard Tail"},{"floor":26.0,"key":"CaptainsWheel"},{"floor":40.0,"key":"Dead Branch"},{"floor":43.0,"key":"Kunai"}],"event_choices":[{"cards_removed":["Strike_B"],"damage_healed":0.0,"max_hp_gain":0.0,"max_hp_loss":0.0,"gold_gain":0.0,"event_name":"Golden Wing","player_choice":"Card Removal","floor":2.0,"gold_loss":0.0,"damage_taken":7.0},{"damage_healed":0.0,"max_hp_gain":0.0,"max_hp_loss":0.0,"gold_gain":0.0,"event_name":"Accursed Blacksmith","player_choice":"Forge","floor":3.0,"gold_loss":0.0,"damage_taken":0.0,"cards_upgraded":["Zap"]},{"cards_removed":["Strike_B"],"damage_healed":0.0,"max_hp_gain":0.0,"max_hp_loss":0.0,"gold_gain":0.0,"event_name":"Living Wall","player_choice":"Forget","floor":8.0,"gold_loss":0.0,"damage_taken":0.0},{"damage_healed":0.0,"max_hp_gain":0.0,"max_hp_loss":0.0,"gold_gain":0.0,"event_name":"Dead Adventurer","player_choice":"Searched \u00272\u0027 times","floor":11.0,"gold_loss":0.0,"damage_taken":0.0,"relics_obtained":["HornCleat"]},{"damage_healed":0.0,"max_hp_gain":0.0,"max_hp_loss":0.0,"gold_gain":0.0,"event_name":"N\u0027loth","player_choice":"Traded Relic","floor":19.0,"relics_lost":["Lantern"],"gold_loss":0.0,"damage_taken":0.0,"relics_obtained":["Nloth\u0027s Gift"]},{"damage_healed":0.0,"max_hp_gain":0.0,"max_hp_loss":0.0,"gold_gain":0.0,"event_name":"FaceTrader","player_choice":"Trade","floor":21.0,"gold_loss":0.0,"damage_taken":0.0,"relics_obtained":["CultistMask"]},{"damage_healed":28.0,"max_hp_gain":0.0,"max_hp_loss":0.0,"gold_gain":0.0,"event_name":"The Library","player_choice":"Heal","floor":27.0,"gold_loss":0.0,"damage_taken":0.0},{"cards_removed":["Strike_B"],"damage_healed":0.0,"max_hp_gain":0.0,"max_hp_loss":0.0,"gold_gain":0.0,"event_name":"Purifier","player_choice":"Purged","floor":28.0,"gold_loss":0.0,"damage_taken":0.0},{"damage_healed":0.0,"max_hp_gain":0.0,"max_hp_loss":0.0,"gold_gain":0.0,"event_name":"SensoryStone","player_choice":"Memory 1","floor":36.0,"gold_loss":0.0,"damage_taken":0.0},{"cards_removed":["Cold Snap"],"damage_healed":0.0,"max_hp_gain":0.0,"max_hp_loss":0.0,"gold_gain":0.0,"event_name":"Falling","player_choice":"Removed Attack","floor":37.0,"gold_loss":0.0,"damage_taken":0.0},{"damage_healed":0.0,"max_hp_gain":0.0,"max_hp_loss":0.0,"gold_gain":0.0,"event_name":"Match and Keep!","player_choice":"1 cards matched","floor":41.0,"gold_loss":0.0,"damage_taken":0.0,"cards_obtained":["Reboot"]}],"is_beta":false,"boss_relics":[{"not_picked":["Tiny House","Busted Crown"],"picked":"Calling Bell"},{"not_picked":["Astrolabe","Pandora\u0027s Box"],"picked":"Nuclear Battery"}],"items_purged_floors":[12,39,45,48],"is_endless":false,"potions_floor_spawned":[7,13,14,16,18,25,29,33,38,46],"ascension_level":6}}