{"host":"gkh5j5k5w4qf7k7n","time":1609807196,"event":{"mods":["2.2 Compatiblity","AchievementEnabler","BaseMod","Colored Map","Colored Powertips","Downfall","GifTheSpireLib","Keyboard Shortcuts","Minty Spire (QoL Compilation)","Quick Restart","StSLib","SuperFastMode","¡¼?Úª?ø«¡½REMEMod"],"gold_per_floor":[99,109,119,139,154,168,217,317,337,355,355,37,37,37,48,153,153,153,168,168,181,196,213,238,238,249,266,283,283,47,47,60,155,155,155,172,186,186,186,186],"floor_reached":38,"playtime":2286,"items_purged":["Guardian:Strike_Guardian"],"score":533,"play_id":"a4bd5f07-e0c1-48cd-9533-1cf8d595f8da","local_time":"20210105093956","is_ascension_mode":true,"campfire_choices":[{"data":"REME_AllRoundStrike","floor":1.0,"key":"SMITH"},{"data":"Guardian:Repulse","floor":13,"key":"SMITH"},{"data":"Guardian:TimeSifter","floor":18,"key":"SMITH"},{"data":"Guardian:CurlUp","floor":25,"key":"SMITH"},{"floor":29,"key":"REST"},{"floor":35,"key":"RECALL"}],"circlet_count":0,"master_deck":["Guardian:Defend_Guardian","Guardian:Defend_Guardian","Guardian:Defend_Guardian","Guardian:Defend_Guardian","Guardian:CurlUp+1","Guardian:TwinSlam","REME_AllRoundStrike+1","Adrenaline+1","Guardian:Planning","Guardian:GemFinder","Guardian:Clone","Guardian:SpikerProtocol","Parasite","Guardian:PiercingHide+1","Guardian:StasisStrike","Guardian:Repulse+1","Guardian:Clone","Guardian:Gem_Red","Guardian:TimeSifter+1","Guardian:Gem_Cyan","Guardian:ArmoredProtocol+1","Guardian:Orbwalk+1","Guardian:AncientConstruct+1","Guardian:Suspension+1","Guardian:Suspension+1","Guardian:BronzeOrb","Guardian:FastForward","Guardian:TimeCapacitor","Guardian:Gem_Lightblue","Guardian:Gem_Purple","Guardian:Gem_Green","Guardian:Gem_Synthetic","Guardian:Orbwalk+1","Guardian:StasisEngine"],"relics":["Guardian:ModeShifter","REME_ComplimentaryCards","Guardian:PocketSentry","Potion Belt","Astrolabe","Nloth\u0027s Gift","Omamori","Blood Vial","Snecko Eye"],"acts_visited":["Exordium","TheCity","TheBeyond"],"potions_floor_usage":[16,16,16,16,16,16,23,26,32,33,33,36,36,38],"damage_taken":[{"damage":0.0,"enemies":"Small Slimes","floor":2.0,"turns":2.0},{"damage":1.0,"enemies":"Cultist","floor":3.0,"turns":3.0},{"damage":8.0,"enemies":"Jaw Worm","floor":4.0,"turns":3.0},{"damage":8.0,"enemies":"Blue Slaver","floor":5.0,"turns":3.0},{"damage":15.0,"enemies":"Lots of Slimes","floor":6.0,"turns":4.0},{"damage":32.0,"enemies":"downfall:LadyInBlue","floor":8.0,"turns":10.0},{"damage":8.0,"enemies":"Gremlin Gang","floor":9.0,"turns":3.0},{"damage":3,"enemies":"Blue Slaver","floor":10,"turns":3},{"damage":0,"enemies":"downfall:FleeingMerchant","floor":12,"turns":4},{"damage":4,"enemies":"Red Slaver","floor":15,"turns":4},{"damage":22,"enemies":"downfall:Ironclad","floor":16,"turns":7},{"damage":7,"enemies":"Shell Parasite","floor":19,"turns":6},{"damage":6,"enemies":"3 Byrds","floor":21,"turns":4},{"damage":4,"enemies":"Centurion and Healer","floor":22,"turns":6},{"damage":2,"enemies":"3 Cultists","floor":23,"turns":5},{"damage":3,"enemies":"Chosen and Byrds","floor":26,"turns":5},{"damage":7,"enemies":"Cultist and Chosen","floor":27,"turns":6},{"damage":19,"enemies":"Centurion and Healer","floor":28,"turns":7},{"damage":10,"enemies":"downfall:FleeingMerchant","floor":30,"turns":4},{"damage":4,"enemies":"Snake Plant","floor":32,"turns":4},{"damage":0,"enemies":"downfall:Watcher","floor":33,"turns":8},{"damage":56,"enemies":"3 Shapes","floor":36,"turns":6},{"damage":7,"enemies":"Orb Walker","floor":37,"turns":3},{"damage":27,"enemies":"Transient","floor":38,"turns":1}],"seed_played":"-7770954877384452476","potions_obtained":[{"floor":8.0,"key":"FearPotion"},{"floor":8.0,"key":"sneckomod:MuddlingPotion"},{"floor":8.0,"key":"Fruit Juice"},{"floor":9,"key":"Guardian:BlockOnCardUsePotion"},{"floor":10,"key":"SpeedPotion"},{"floor":15,"key":"EntropicBrew"},{"floor":16,"key":"Energy Potion"},{"floor":19,"key":"DistilledChaos"},{"floor":21,"key":"Guardian:DefensiveModePotion"},{"floor":22,"key":"SkillPotion"},{"floor":32,"key":"DistilledChaos"},{"floor":33,"key":"hexamod:EctoCoolerPotion"},{"floor":36,"key":"ColorlessPotion"},{"floor":37,"key":"Dexterity Potion"}],"is_trial":false,"path_per_floor":["R","M","M","M","M","M","T","?","M","M","?","$","R","?","M","B",null,"R","M","?","M","M","M","T","R","M","M","M","R","$","?","M","B",null,"R","M","M","M"],"character_chosen":"GUARDIAN","items_purchased":["Guardian:StasisStrike","Guardian:Repulse","Guardian:Clone","Blood Vial"],"campfire_rested":1,"item_purchase_floors":[12,12,12,30],"current_hp_per_floor":[72,72,71,63,55,40,40,13,5,2,21,21,21,21,17,23,64,64,57,57,51,47,45,45,45,42,35,16,39,29,18,16,18,62,62,8,3,0,0,0],"gold":186,"neow_bonus":"RANDOM_COLORLESS_2","is_daily":false,"chose_seed":false,"campfire_upgraded":4,"win_rate":0.0,"timestamp":1609807196,"path_taken":["R","M","M","M","M","M","T","?","M","?","?","$","R","?","M","BOSS","R","M","?","M","?","?","T","R","M","M","M","R","$","?","M","BOSS","R","M","M","M"],"items_purchased_type":["Card","Card","Card","Relic"],"build_version":"2020-12-22","purchased_purges":1,"victory":false,"max_hp_per_floor":[72,72,72,72,72,72,72,77,77,77,77,77,77,77,77,77,77,77,77,77,77,77,77,77,77,77,77,77,77,77,77,77,77,77,77,77,77,77,77,77],"card_choices":[{"not_picked":["Secret Technique","HandOfGreed"],"picked":"REME_AllRoundStrike","floor":0.0},{"not_picked":["Guardian:FuturePlans","Guardian:TemporalShield"],"picked":"Guardian:Gem_Yellow","floor":2.0},{"not_picked":["Guardian:CrystalBeam","Guardian:Suspension","Guardian:PrimingBeam"],"picked":"SKIP","floor":3.0},{"not_picked":["Guardian:FloatingOrbs","Guardian:ArmoredProtocol"],"picked":"Guardian:Planning","floor":4.0},{"not_picked":["Guardian:PolyBeam","Guardian:Incinerate"],"picked":"Guardian:GemFinder","floor":5.0},{"not_picked":["Guardian:Gem_Red","Guardian:Gem_Lightblue"],"picked":"Guardian:Gem_Cyan","floor":6.0},{"not_picked":["Guardian:Recover","Guardian:SentryBeam"],"picked":"Guardian:Clone","floor":6.0},{"not_picked":["Guardian:Gem_Red","Guardian:TemporalStrike"],"picked":"Guardian:Gem_White","floor":8.0},{"not_picked":["Guardian:Gem_Red","Guardian:Gem_Green"],"picked":"Guardian:Gem_Cyan","floor":9},{"not_picked":["Guardian:SentryBeam","Guardian:Incinerate","Guardian:CrystalBeam"],"picked":"SKIP","floor":9},{"not_picked":["Guardian:Gem_Green","Guardian:Gem_Fragmented"],"picked":"Guardian:SpikerProtocol","floor":10},{"not_picked":["Guardian:TemporalStrike","Guardian:ShieldSpikes"],"picked":"Guardian:PiercingHide","floor":12},{"not_picked":["Guardian:Gem_Lightblue","Guardian:Gem_Green"],"picked":"Guardian:Gem_Red","floor":15},{"not_picked":["Guardian:Gem_Lightblue","Guardian:WalkerClaw"],"picked":"Guardian:Gem_Blue","floor":15},{"not_picked":["Guardian:StasisField","Guardian:ExploitGems"],"picked":"Guardian:TimeSifter","floor":16},{"not_picked":["Guardian:Gem_Green","Guardian:Gem_Lightblue"],"picked":"Guardian:Gem_Cyan","floor":16},{"not_picked":["Guardian:Gem_Green","Guardian:Gem_Cyan"],"picked":"Guardian:Gem_Red","floor":19},{"not_picked":["Guardian:Gem_Green","Guardian:Gem_Red"],"picked":"Guardian:Suspension+1","floor":19},{"not_picked":["Guardian:ConstructionForm","Guardian:TemporalStrike+1"],"picked":"Guardian:Suspension+1","floor":21},{"not_picked":["Guardian:GemFinder","Guardian:RollAttack+1","Guardian:TemporalStrike"],"picked":"SKIP","floor":22},{"not_picked":["Guardian:TemporalStrike","Guardian:ChargeCore","Guardian:Preprogram"],"picked":"SKIP","floor":23},{"not_picked":["Guardian:TemporalStrike","Guardian:ChargeCore","Guardian:Preprogram"],"picked":"SKIP","floor":23},{"not_picked":["Guardian:Gem_Cyan","Guardian:Gem_Red"],"picked":"Guardian:Gem_Lightblue","floor":23},{"not_picked":["Guardian:TemporalStrike","Guardian:ChargeCore","Guardian:Preprogram"],"picked":"SKIP","floor":23},{"not_picked":["Guardian:Recover","Guardian:WalkerClaw"],"picked":"Guardian:BronzeOrb","floor":26},{"not_picked":["Guardian:Gem_Lightblue","Guardian:Gem_Green"],"picked":"Guardian:Gem_Red","floor":27},{"not_picked":["Guardian:PiercingHide","Guardian:Gem_Red"],"picked":"Guardian:FastForward","floor":27},{"not_picked":["Guardian:Recover+1","Guardian:StasisEngine"],"picked":"Guardian:TimeCapacitor","floor":28},{"not_picked":["Guardian:Gem_Red","Guardian:Gem_Cyan"],"picked":"Guardian:Gem_Lightblue","floor":28},{"not_picked":["Guardian:Suspension+1","Guardian:Preprogram"],"picked":"Guardian:Gem_Purple","floor":30},{"not_picked":["Guardian:Gem_Cyan","Guardian:Gem_Lightblue"],"picked":"Guardian:Gem_Green","floor":32},{"not_picked":["Guardian:Reroute","Guardian:Gem_Lightblue","Guardian:Gem_Red"],"picked":"SKIP","floor":32},{"not_picked":["Guardian:ConstructionForm","Guardian:BaubleBeam"],"picked":"Guardian:Gem_Synthetic","floor":33},{"not_picked":["Guardian:StasisField","Guardian:Recover+1"],"picked":"Guardian:Orbwalk+1","floor":36},{"not_picked":["Guardian:ShieldCharger","Guardian:TimeSifter"],"picked":"Guardian:StasisEngine","floor":37}],"player_experience":740006,"relics_obtained":[{"floor":7.0,"key":"Guardian:PocketSentry"},{"floor":8.0,"key":"Potion Belt"},{"floor":24,"key":"Omamori"}],"event_choices":[{"damage_healed":19,"gold_gain":0,"player_choice":"Healed and dodged fight","damage_taken":0,"max_hp_gain":0,"max_hp_loss":0,"event_name":"Mushrooms","floor":11,"gold_loss":0,"cards_obtained":["Parasite"]}],"is_beta":false,"boss_relics":[{"not_picked":["REME_DuelDisc","REME_ChargedStone"],"picked":"Astrolabe"},{"not_picked":["REME_DemonsWealth","Tiny House"],"picked":"Snecko Eye"}],"items_purged_floors":[30],"is_endless":false,"potions_floor_spawned":[9,10,15,16,19,21,22,32,33,36,37],"killed_by":"Transient","ascension_level":5}}