{"host":"i9477i93mjcyimye","time":1609814226,"event":{"mods":["Aspiration","BaseMod","Bestiary","Colored Powertips","Downfall","Ironclad Rager","Minty Spire (QoL Compilation)","Quick Restart","Relic Stats","Replay The Spire","Spicy Shops","StSLib","The Jungle","Wandering Minibosses"],"gold_per_floor":[19,39,56,56,69,105,43,43,43,56,70,70,113,78,78,204,204,223,223,247,270,270,270,270,270,270,270,270],"floor_reached":27,"playtime":1777,"items_purged":[],"score":234,"play_id":"bddf3e19-6863-4e6a-9d3e-7b814f22a49e","local_time":"20210105133706","is_ascension_mode":true,"campfire_choices":[{"floor":8.0,"key":"REST"},{"floor":15.0,"key":"REST"},{"floor":24.0,"key":"RECALL"}],"circlet_count":0,"master_deck":["Survivor","Neutralize","Poisoned Stab","Poisoned Stab","Poisoned Stab","Poisoned Stab","Poisoned Stab","Dodge and Roll","Dodge and Roll","Dodge and Roll","Dodge and Roll","Dodge and Roll","Bane","Outmaneuver","Backflip","Injury","Dagger Throw","Bouncing Flask+1","Writhe","Underhanded Strike","Bouncing Flask","ReplayTheSpireMod:From All Sides","Predator+1","Outmaneuver+1","Underhanded Strike+1","Venomology"],"relics":["Ring of the Snake","Golden Idol","Replay:Wax Seal","Blue Doll","Snake Skull","Sundial","Fusion Hammer","PrismaticShard","MutagenicStrength"],"acts_visited":["Exordium","TheCity"],"potions_floor_usage":[],"damage_taken":[{"damage":0.0,"enemies":"2 Louse","floor":1.0,"turns":2.0},{"damage":0.0,"enemies":"Jaw Worm","floor":2.0,"turns":2.0},{"damage":0.0,"enemies":"Cultist","floor":3.0,"turns":6.0},{"damage":14.0,"enemies":"3 Louse","floor":5.0,"turns":4.0},{"damage":16.0,"enemies":"3 Sentries","floor":6.0,"turns":7.0},{"damage":5.0,"enemies":"2 Fungi Beasts","floor":10.0,"turns":3.0},{"damage":8.0,"enemies":"Looter","floor":11.0,"turns":3.0},{"damage":6.0,"enemies":"Lagavulin","floor":13.0,"turns":5.0},{"damage":6.0,"enemies":"Hexaghost","floor":16.0,"turns":8.0},{"damage":3.0,"enemies":"Spheric Guardian","floor":18.0,"turns":3.0},{"damage":3.0,"enemies":"Shell Parasite","floor":20.0,"turns":4.0},{"damage":15.0,"enemies":"Cultist and Chosen","floor":21.0,"turns":5.0},{"damage":34,"enemies":"Slavers","floor":27,"turns":3}],"seed_played":"70709816526270737","potions_obtained":[{"floor":2.0,"key":"Strength Potion"},{"floor":5.0,"key":"Adrenaline Potion"},{"floor":6.0,"key":"Regen Potion"}],"is_trial":false,"path_per_floor":["M","M","M","?","M","E","$","R","T","M","M","?","E","?","R","B",null,"M","?","M","M","?","?","R","?","T","E"],"character_chosen":"THE_SILENT","items_purchased":["Blue Doll"],"campfire_rested":2,"item_purchase_floors":[7],"current_hp_per_floor":[45,45,45,45,31,15,15,33,33,28,32,25,19,34,52,46,63,60,63,60,45,37,37,37,37,37,3,3],"gold":270,"neow_bonus":"SILENT_ASSASSIN","is_daily":false,"chose_seed":false,"campfire_upgraded":0,"win_rate":0.0,"timestamp":1609814226,"path_taken":["M","M","M","?","M","E","$","R","T","M","M","?","E","?","R","BOSS","M","?","?","M","?","?","R","?","T","E"],"items_purchased_type":["Relic"],"build_version":"2020-12-22","purchased_purges":0,"victory":false,"max_hp_per_floor":[63,63,63,63,63,63,63,63,63,63,63,63,63,63,63,63,63,63,63,63,63,63,63,63,63,63,63,63],"relic_stats":{"counters":[13,55],"Golden Idol":64,"Sundial":[2],"Snake Skull":[50],"obtain_stats":[{"Golden Idol":4,"Sundial":13,"MutagenicStrength":23,"Blue Doll":7,"Snake Skull":9,"Fusion Hammer":17,"Replay:Wax Seal":6,"PrismaticShard":22,"Ring of the Snake":0},{"Golden Idol":3,"Sundial":8,"MutagenicStrength":12,"Blue Doll":5,"Snake Skull":5,"Fusion Hammer":9,"Replay:Wax Seal":5,"PrismaticShard":12,"Ring of the Snake":0},{"Golden Idol":10,"Sundial":32,"MutagenicStrength":52,"Blue Doll":21,"Snake Skull":21,"Fusion Hammer":40,"Replay:Wax Seal":21,"PrismaticShard":52,"Ring of the Snake":0}],"Ring of the Snake":[26]},"card_choices":[{"not_picked":["Sucker Punch","Poisoned Stab"],"picked":"Bane","floor":1.0},{"not_picked":["Masterful Stab","Cloak And Dagger"],"picked":"Outmaneuver","floor":2.0},{"not_picked":["Sucker Punch","Escape Plan"],"picked":"Backflip","floor":3.0},{"not_picked":["Dodge and Roll","Unload"],"picked":"Dagger Throw","floor":5.0},{"not_picked":["Flying Knee","Dagger Throw"],"picked":"Bouncing Flask","floor":6.0},{"not_picked":["Dagger Spray","Blade Dance"],"picked":"Underhanded Strike","floor":10.0},{"not_picked":["aspiration:Lunge","Deflect"],"picked":"Bouncing Flask","floor":11.0},{"not_picked":["Setup","Sucker Punch"],"picked":"Caltrops","floor":13.0},{"not_picked":["Glass Knife","Tools of the Trade"],"picked":"ReplayTheSpireMod:From All Sides","floor":16.0},{"not_picked":["PiercingWail+1","Backflip"],"picked":"Predator+1","floor":18.0},{"not_picked":["Bane+1","Dagger Spray"],"picked":"Outmaneuver+1","floor":20.0},{"not_picked":["Hidden Blade","Dagger Throw"],"picked":"Underhanded Strike+1","floor":21.0},{"not_picked":["Dodge and Roll","Expertise+1"],"picked":"Venomology","floor":22.0}],"player_experience":243930,"relics_obtained":[{"floor":6.0,"key":"Replay:Wax Seal"},{"floor":9.0,"key":"Snake Skull"},{"floor":13.0,"key":"Sundial"},{"floor":22.0,"key":"PrismaticShard"}],"event_choices":[{"damage_healed":0.0,"max_hp_gain":0.0,"max_hp_loss":0.0,"gold_gain":0.0,"event_name":"Golden Idol","player_choice":"Take Wound","floor":4.0,"gold_loss":0.0,"damage_taken":0.0,"relics_obtained":["Golden Idol"],"cards_obtained":["Injury"]},{"cards_removed":["sneckomod:Bewildered"],"damage_healed":0.0,"max_hp_gain":0.0,"max_hp_loss":0.0,"gold_gain":0.0,"event_name":"Golden Wing","player_choice":"Card Removal","floor":12.0,"gold_loss":0.0,"damage_taken":7.0},{"damage_healed":15.0,"max_hp_gain":0.0,"max_hp_loss":0.0,"gold_gain":0.0,"event_name":"The Cleric","player_choice":"Healed","floor":14.0,"gold_loss":35.0,"damage_taken":0.0},{"cards_removed":["Caltrops"],"damage_healed":3.0,"max_hp_gain":0.0,"max_hp_loss":0.0,"gold_gain":0.0,"event_name":"Bonfire Elementals","player_choice":"Offered Uncommon","floor":19.0,"gold_loss":0.0,"damage_taken":0.0},{"damage_healed":0.0,"max_hp_gain":0.0,"max_hp_loss":0.0,"gold_gain":0.0,"event_name":"Drug Dealer","player_choice":"Inject Mutagens","floor":23.0,"gold_loss":0.0,"damage_taken":0.0,"relics_obtained":["MutagenicStrength"]},{"damage_healed":0.0,"max_hp_gain":0.0,"max_hp_loss":0.0,"gold_gain":0.0,"event_name":"Upgrade Shrine","player_choice":"Upgraded","floor":25.0,"gold_loss":0.0,"damage_taken":0.0,"cards_upgraded":["Bouncing Flask"]}],"is_beta":false,"boss_relics":[{"not_picked":["Coffee Dripper","Replay:Fungal Core"],"picked":"Fusion Hammer"}],"items_purged_floors":[],"is_endless":false,"potions_floor_spawned":[2,5,6],"killed_by":"Slavers","ascension_level":1}}