{"host":"zwuytn9vh5b8tdl7","time":1609817227,"event":{"mods":["AchievementEnabler","BaseMod","Colored Powertips","GifTheSpireLib","Minty Spire (QoL Compilation)","Rare Cards Sparkle","StSLib","The Animator"],"gold_per_floor":[225,225,81,100,114,156,156,156,204,204,204,222,70,103,103,230,230,248,101,125,86,109,109,109],"floor_reached":23,"playtime":1223,"items_purged":[],"score":191,"play_id":"ad910bf8-1f67-45b1-be1e-50fc11cab9ed","local_time":"20210104222707","is_ascension_mode":false,"campfire_choices":[{"floor":7.0,"key":"REST"},{"floor":10.0,"key":"REST"},{"floor":15.0,"key":"REST"}],"circlet_count":0,"master_deck":["animator:Strike_Konosuba","animator:Defend_Konosuba","animator:Strike","animator:Strike","animator:Strike","animator:Defend","animator:Defend","animator:Defend+1","animator:Kazuma+1","animator:Aqua","animator:MetalKnight","animator:Genos","animator:Illya","animator:Chris","animator:NarberalGamma","animator:SuzuneAmano","animator:Boros","CurseOfTheBell","animator:KrulTepes+1","animator:SilverFang","animator:RinTohsaka","animator:GazelDwargon"],"relics":["animator:LivingPicture","animator:TheMissingPiece","animator:PurgingStone","Boot","Paper Frog","animator:WornHelmet","Potion Belt","Red Skull","Calling Bell","Dream Catcher","Molten Egg 2","Peace Pipe","Vajra"],"acts_visited":["Exordium","TheCity"],"potions_floor_usage":[16,23,23],"damage_taken":[{"damage":5.0,"enemies":"2 Louse","floor":1.0,"turns":3.0},{"damage":4.0,"enemies":"Cultist","floor":4.0,"turns":5.0},{"damage":16.0,"enemies":"Jaw Worm","floor":5.0,"turns":4.0},{"damage":33.0,"enemies":"Gremlin Nob","floor":6.0,"turns":7.0},{"damage":17.0,"enemies":"Exordium Wildlife","floor":12.0,"turns":5.0},{"damage":0.0,"enemies":"2 Fungi Beasts","floor":14.0,"turns":3.0},{"damage":21,"enemies":"The Guardian","floor":16,"turns":13},{"damage":18,"enemies":"Spheric Guardian","floor":18,"turns":7},{"damage":29,"enemies":"2 Thieves","floor":20,"turns":4},{"damage":23,"enemies":"Snecko","floor":22,"turns":6},{"damage":35,"enemies":"Slavers","floor":23,"turns":3}],"seed_played":"-711331148059207515","potions_obtained":[{"floor":1.0,"key":"Regen Potion"},{"floor":14.0,"key":"Dexterity Potion"},{"floor":16,"key":"Dexterity Potion"},{"floor":18,"key":"Ancient Potion"}],"is_trial":false,"path_per_floor":["M","?","$","M","M","E","R","T","T","R","?","M","$","M","R","B",null,"M","$","M","$","M","E"],"character_chosen":"THE_ANIMATOR","items_purchased":["Boot","Red Skull","Vajra","animator:RinTohsaka"],"campfire_rested":3,"item_purchase_floors":[3,13,19,21],"current_hp_per_floor":[61,61,61,60,46,13,33,33,33,53,40,25,25,27,47,28,67,56,56,33,33,18,0,0],"gold":109,"neow_bonus":"HUNDRED_GOLD","is_daily":false,"chose_seed":false,"campfire_upgraded":0,"win_rate":0.0,"timestamp":1609817227,"path_taken":["M","?","$","?","M","E","R","?","T","R","?","M","$","M","R","BOSS","M","$","M","$","M","E"],"items_purchased_type":["Relic","Relic","Relic","Card"],"build_version":"2020-12-22","purchased_purges":0,"victory":false,"max_hp_per_floor":[66,66,66,67,67,67,67,67,67,67,67,67,67,67,67,67,67,67,67,68,68,68,68,68],"card_choices":[{"not_picked":["animator:Kaijin","animator:Sebas"],"picked":"animator:MetalKnight","floor":1.0},{"not_picked":["animator:Assassin","animator:YuiTsuruno"],"picked":"animator:Genos","floor":4.0},{"not_picked":["animator:ChaikaBohdan","animator:Cocytus"],"picked":"animator:Illya","floor":5.0},{"not_picked":["animator:YunYun","animator:Aqua"],"picked":"animator:Chris","floor":6.0},{"not_picked":["animator:Aisha","animator:Fredrika"],"picked":"animator:NarberalGamma","floor":12.0},{"not_picked":["animator:Viivi","animator:Kaijin"],"picked":"animator:SuzuneAmano","floor":14.0},{"not_picked":["animator:Rimuru","animator:ChaikaTrabant"],"picked":"animator:Boros","floor":16},{"not_picked":["animator:Archer","animator:Ciel"],"picked":"animator:KrulTepes+1","floor":18},{"not_picked":["animator:Geryuganshoop","animator:Sonic"],"picked":"animator:SilverFang","floor":20},{"not_picked":["animator:Tatsumaki","animator:Aqua"],"picked":"animator:GazelDwargon","floor":22}],"player_experience":313761,"relics_obtained":[{"floor":6.0,"key":"Paper Frog"},{"floor":8.0,"key":"animator:WornHelmet"},{"floor":9.0,"key":"Potion Belt"},{"floor":17,"key":"Dream Catcher"},{"floor":17,"key":"Molten Egg 2"},{"floor":17,"key":"Peace Pipe"}],"event_choices":[{"damage_healed":0.0,"max_hp_gain":0.0,"max_hp_loss":0.0,"gold_gain":0.0,"event_name":"NoteForYourself","player_choice":"Ignored","floor":2.0,"gold_loss":0.0,"damage_taken":0.0},{"damage_healed":0.0,"max_hp_gain":0.0,"max_hp_loss":0.0,"gold_gain":0.0,"event_name":"Shining Light","player_choice":"Entered Light","floor":11.0,"gold_loss":0.0,"damage_taken":13.0,"cards_upgraded":["animator:Defend","animator:Kazuma"]}],"is_beta":false,"boss_relics":[{"not_picked":["Empty Cage","Astrolabe"],"picked":"Calling Bell"}],"items_purged_floors":[],"is_endless":false,"potions_floor_spawned":[1,14,16,18],"killed_by":"Slavers","ascension_level":0}}