{"host":"1a3cjta80tad0aqj","time":1609827858,"event":{"mods":["2.2 Compatiblity","AchievementEnabler","BaseMod","Colored Map","DeckTracker","KOR Keyword Fix","Keyboard Shortcuts","Minty Spire (QoL Compilation)","Permanent Neow","Quick Restart","Random Character Button","StSLib","SuperFastMode","everything is the same but u backflip on backflip"],"gold_per_floor":[114,129,54,69,69,69,69,69,69,88,88,163,182,32,32,157,157,201,220,220,253,53,53,72,122,197,216,254,104,104,123,123,248,248,267,286,111,130,149,168,18,37,87,87,106,106,125,125,125,125],"floor_reached":51,"playtime":2396,"items_purged":["Alpha","Establishment","Devotion","ConjureBlade","Juggernaut"],"score":761,"play_id":"5d90257c-e514-4036-87aa-fe34f02c5ca3","local_time":"20210105152418","daily_mods":["Shiny","Red Cards","Night Terrors"],"is_ascension_mode":false,"campfire_choices":[{"data":"Blasphemy","floor":6.0,"key":"SMITH"},{"data":"Corruption","floor":8.0,"key":"SMITH"},{"data":"Bludgeon","floor":11.0,"key":"SMITH"},{"data":"Omniscience","floor":15.0,"key":"SMITH"},{"data":"Immolate","floor":23.0,"key":"SMITH"},{"data":"Fiend Fire","floor":30.0,"key":"SMITH"},{"data":"Ragnarok","floor":32.0,"key":"SMITH"},{"data":"Double Tap","floor":44,"key":"SMITH"},{"data":"Scrawl","floor":46,"key":"SMITH"},{"floor":49,"key":"REST"}],"circlet_count":0,"master_deck":["Double Tap+1","Demon Form","Bludgeon+1","Feed","Limit Break","Corruption+1","Barricade","Fiend Fire+1","Berserk+1","Impervious","Brutality","Reaper","Exhume","Offering","Immolate+1","Judgement+1","Brilliance","Blasphemy+1","Ragnarok+1","LessonLearned","Scrawl+1","Vault+1","Wish","Omniscience+1","SpiritShield","DevaForm","DeusExMachina+1","Offering","Conclude+1","Bludgeon+1","Bludgeon+1"],"relics":["PureWater","Golden Idol","Kunai","Ornamental Fan","Philosopher\u0027s Stone","MealTicket","Red Mask","Molten Egg 2","Darkstone Periapt","Empty Cage","DollysMirror","Bag of Preparation"],"acts_visited":["Exordium","TheCity","TheBeyond"],"potions_floor_usage":[50,50,50],"damage_taken":[{"damage":0.0,"enemies":"Small Slimes","floor":1.0,"turns":1.0},{"damage":0.0,"enemies":"Jaw Worm","floor":2.0,"turns":1.0},{"damage":0.0,"enemies":"2 Louse","floor":4.0,"turns":1.0},{"damage":11.0,"enemies":"Exordium Wildlife","floor":10.0,"turns":2.0},{"damage":0.0,"enemies":"3 Louse","floor":13.0,"turns":1.0},{"damage":0.0,"enemies":"Slime Boss","floor":16.0,"turns":3.0},{"damage":30.0,"enemies":"2 Thieves","floor":18.0,"turns":4.0},{"damage":15.0,"enemies":"Shell Parasite","floor":19.0,"turns":3.0},{"damage":18.0,"enemies":"Masked Bandits","floor":21.0,"turns":3.0},{"damage":14.0,"enemies":"Cultist and Chosen","floor":24.0,"turns":3.0},{"damage":6.0,"enemies":"Centurion and Healer","floor":27.0,"turns":2.0},{"damage":10.0,"enemies":"Book of Stabbing","floor":28.0,"turns":2.0},{"damage":12.0,"enemies":"Sentry and Sphere","floor":31.0,"turns":3.0},{"damage":22.0,"enemies":"Automaton","floor":33.0,"turns":6.0},{"damage":12.0,"enemies":"Orb Walker","floor":35.0,"turns":3.0},{"damage":11.0,"enemies":"3 Shapes","floor":36.0,"turns":2.0},{"damage":7.0,"enemies":"Spire Growth","floor":38.0,"turns":3.0},{"damage":0.0,"enemies":"3 Darklings","floor":39.0,"turns":1.0},{"damage":6.0,"enemies":"Sphere and 2 Shapes","floor":40.0,"turns":1.0},{"damage":13,"enemies":"Writhing Mass","floor":42,"turns":3},{"damage":7,"enemies":"3 Darklings","floor":45,"turns":2},{"damage":0,"enemies":"4 Shapes","floor":47,"turns":1},{"damage":66,"enemies":"Time Eater","floor":50,"turns":6}],"seed_played":"-8136925521176778862","potions_obtained":[{"floor":10.0,"key":"Ancient Potion"},{"floor":16.0,"key":"EntropicBrew"},{"floor":18.0,"key":"BottledMiracle"},{"floor":31.0,"key":"EntropicBrew"},{"floor":36.0,"key":"LiquidMemories"},{"floor":38.0,"key":"Swift Potion"}],"is_trial":false,"path_per_floor":["M","M","$","M","?","R","?","R","T","M","R","T","M","$","R","B",null,"M","M","?","?","$","R","M","?","T","M","E","$","R","M","R","B",null,"M","M","$","M","M","M","$","M","T","R","M","R","M","?","R","B",null],"character_chosen":"WATCHER","items_purchased":["SteroidPotion","DuplicationPotion","DollysMirror"],"campfire_rested":1,"item_purchase_floors":[14,22,41],"current_hp_per_floor":[72,72,72,72,54,54,54,54,54,43,43,43,43,43,43,43,72,46,31,31,37,52,52,50,50,50,47,37,52,52,40,40,32,75,63,52,67,64,64,58,73,60,60,60,53,53,53,53,70,7],"gold":125,"neow_bonus":"","is_daily":true,"chose_seed":false,"campfire_upgraded":9,"win_rate":0.0,"timestamp":1609827858,"path_taken":["M","M","$","M","?","R","?","R","T","M","R","?","M","$","R","BOSS","M","M","?","?","?","R","M","?","T","?","E","$","R","M","R","BOSS","M","M","?","M","M","M","$","M","T","R","M","R","M","?","R","BOSS"],"items_purchased_type":["Potion","Potion","Relic"],"build_version":"2020-12-22","purchased_purges":5,"victory":true,"max_hp_per_floor":[72,72,72,72,72,72,72,72,72,72,72,72,72,72,72,72,72,72,72,72,72,72,72,72,72,72,75,75,75,75,75,75,75,75,75,75,75,75,75,75,75,75,75,75,75,75,75,75,70,73],"card_choices":[{"not_picked":["Headbutt","Armaments","Clothesline"],"picked":"SKIP","floor":1.0},{"not_picked":["Conclude","JustLucky","MasterReality"],"picked":"SKIP","floor":2.0},{"not_picked":["Pray","MentalFortress","WheelKick"],"picked":"SKIP","floor":4.0},{"not_picked":["FlyingSleeves","Havoc","Bloodletting"],"picked":"SKIP","floor":10.0},{"not_picked":["Indignation","FlyingSleeves","Whirlwind"],"picked":"SKIP","floor":13.0},{"not_picked":["Feed","Bludgeon"],"picked":"Offering","floor":16.0},{"not_picked":["EmptyFist+1","TalkToTheHand","Clash"],"picked":"SKIP","floor":18.0},{"not_picked":["Hemokinesis","TalkToTheHand","Halt+1"],"picked":"SKIP","floor":19.0},{"not_picked":["SashWhip","Blood for Blood","Prostrate"],"picked":"SKIP","floor":24.0},{"not_picked":["Worship","Cleave+1"],"picked":"Conclude+1","floor":27.0},{"not_picked":["Rage+1","LikeWater","Sanctity"],"picked":"SKIP","floor":28.0},{"not_picked":["CrushJoints+1","Shrug It Off","Consecrate+1"],"picked":"SKIP","floor":31.0},{"not_picked":["SandsOfTime+1","Heavy Blade+1","Havoc"],"picked":"SKIP","floor":35.0},{"not_picked":["BowlingBash+1","Body Slam+1","Flex+1"],"picked":"SKIP","floor":36.0},{"not_picked":["Rampage+1","Shrug It Off","Iron Wave+1"],"picked":"SKIP","floor":38.0},{"not_picked":["Wild Strike+1","Pommel Strike+1","Perfected Strike+1"],"picked":"SKIP","floor":39.0},{"not_picked":["WindmillStrike+1","Rampage+1","Juggernaut"],"picked":"SKIP","floor":40.0},{"not_picked":["Crescendo","Dark Embrace+1","EmptyBody+1"],"picked":"SKIP","floor":42},{"not_picked":["FearNoEvil+1","BowlingBash+1","Anger+1"],"picked":"SKIP","floor":45},{"not_picked":["Fasting2","EmptyFist+1","Collect+1"],"picked":"SKIP","floor":47}],"player_experience":117968,"relics_obtained":[{"floor":9.0,"key":"Kunai"},{"floor":12.0,"key":"Ornamental Fan"},{"floor":21.0,"key":"Red Mask"},{"floor":26.0,"key":"Molten Egg 2"},{"floor":28.0,"key":"Darkstone Periapt"},{"floor":43,"key":"Bag of Preparation"}],"event_choices":[{"damage_healed":0.0,"max_hp_gain":0.0,"max_hp_loss":0.0,"gold_gain":0.0,"event_name":"Golden Idol","player_choice":"Take Damage","floor":5.0,"gold_loss":0.0,"damage_taken":18.0,"relics_obtained":["Golden Idol"]},{"damage_healed":0.0,"max_hp_gain":0.0,"max_hp_loss":0.0,"gold_gain":0.0,"event_name":"Liars Game","player_choice":"Ignored","floor":7.0,"gold_loss":0.0,"damage_taken":0.0},{"damage_healed":0.0,"max_hp_gain":0.0,"max_hp_loss":0.0,"gold_gain":0.0,"event_name":"The Mausoleum","player_choice":"Opened","floor":20.0,"gold_loss":0.0,"damage_taken":0.0,"relics_obtained":["MealTicket"],"cards_obtained":["Writhe"]},{"damage_healed":0.0,"max_hp_gain":0.0,"max_hp_loss":0.0,"gold_gain":0.0,"event_name":"Masked Bandits","player_choice":"Fought Bandits","floor":21.0,"gold_loss":0.0,"damage_taken":0.0},{"damage_healed":0.0,"max_hp_gain":0.0,"max_hp_loss":0.0,"gold_gain":100.0,"event_name":"The Joust","player_choice":"Bet on Murderer","floor":25.0,"gold_loss":50.0,"damage_taken":0.0},{"damage_healed":0,"gold_gain":0,"player_choice":"Copied","damage_taken":0,"max_hp_gain":0,"max_hp_loss":0,"event_name":"Duplicator","floor":48,"gold_loss":0,"cards_obtained":["Bludgeon"]}],"is_beta":false,"boss_relics":[{"not_picked":["Astrolabe","Snecko Eye"],"picked":"Philosopher\u0027s Stone"},{"not_picked":["Runic Pyramid","Black Star"],"picked":"Empty Cage"}],"items_purged_floors":[3,14,22,29,37],"is_endless":false,"potions_floor_spawned":[10,16,18,21,24,31,36,38,45],"ascension_level":0}}