{"host":"raaimkojny05jekw","time":1609841476,"event":{"mods":["AchievementEnabler","BaseMod","Colored Map","Colored Powertips","DeckTracker","Minty Spire (QoL Compilation)","Quick Restart","Rare Cards Sparkle","everything is the same but u backflip on backflip"],"gold_per_floor":[117,137,150,170,180,180,214,227,227,245,245,245,245,245,245,316,316,329,342,90,90,90],"floor_reached":21,"playtime":697,"items_purged":["Strike_G"],"score":366,"play_id":"a9a9d907-cc3d-49b9-871a-67a39f5b7540","local_time":"20210105191116","is_ascension_mode":true,"campfire_choices":[{"data":"Neutralize","floor":6,"key":"SMITH"},{"data":"Setup","floor":12,"key":"SMITH"},{"floor":15,"key":"REST"}],"circlet_count":0,"master_deck":["AscendersBane","Strike_G","Strike_G","Defend_G","Defend_G","Defend_G","Defend_G","Defend_G","Survivor","Neutralize+1","Blade Dance","Well Laid Plans","Noxious Fumes+1","Poisoned Stab","Accuracy","Cloak And Dagger","Footwork+1","Setup+1","After Image","Infinite Blades","Footwork+1","Panacea","Footwork"],"relics":["Ring of the Snake","NeowsBlessing","StoneCalendar","Bag of Marbles","Empty Cage"],"acts_visited":["Exordium","TheCity"],"potions_floor_usage":[7,16,16],"damage_taken":[{"damage":0,"enemies":"Jaw Worm","floor":1,"turns":1},{"damage":0,"enemies":"Small Slimes","floor":2,"turns":1},{"damage":0,"enemies":"Cultist","floor":3,"turns":1},{"damage":0,"enemies":"Red Slaver","floor":4,"turns":5},{"damage":12,"enemies":"Large Slime","floor":5,"turns":6},{"damage":25,"enemies":"3 Sentries","floor":7,"turns":7},{"damage":2,"enemies":"Looter","floor":8,"turns":2},{"damage":13,"enemies":"Blue Slaver","floor":10,"turns":3},{"damage":4,"enemies":"Hexaghost","floor":16,"turns":8},{"damage":23,"enemies":"Chosen","floor":18,"turns":7},{"damage":19,"enemies":"Spheric Guardian","floor":19,"turns":6},{"damage":15,"enemies":"Centurion and Healer","floor":21,"turns":1}],"seed_played":"-2132764956223522129","potions_obtained":[{"floor":1,"key":"DistilledChaos"},{"floor":5,"key":"FearPotion"},{"floor":7,"key":"PowerPotion"},{"floor":16,"key":"Ancient Potion"},{"floor":18,"key":"FearPotion"}],"is_trial":false,"path_per_floor":["M","M","M","M","M","R","E","M","T","M","?","R","?","?","R","B",null,"M","M","$","M"],"character_chosen":"THE_SILENT","items_purchased":["Panacea","Footwork"],"campfire_rested":1,"item_purchase_floors":[20,20],"current_hp_per_floor":[59,59,59,59,47,47,22,20,20,7,7,7,7,7,26,22,55,32,13,13,0,0],"gold":90,"neow_bonus":"THREE_ENEMY_KILL","is_daily":false,"chose_seed":false,"campfire_upgraded":2,"win_rate":0.0,"timestamp":1609841476,"path_taken":["M","M","M","M","M","R","E","M","T","M","?","R","?","?","R","BOSS","M","M","$","M"],"items_purchased_type":["Card","Card"],"build_version":"2020-12-22","purchased_purges":1,"victory":false,"max_hp_per_floor":[66,66,66,66,66,66,66,66,66,66,66,66,66,66,66,66,66,66,66,66,66,66],"card_choices":[{"not_picked":["Riddle With Holes","Poisoned Stab"],"picked":"Blade Dance","floor":1},{"not_picked":["Sucker Punch","Skewer"],"picked":"Well Laid Plans","floor":2},{"not_picked":["Blur","Predator"],"picked":"Noxious Fumes","floor":3},{"not_picked":["Distraction","Quick Slash"],"picked":"Poisoned Stab","floor":4},{"not_picked":["Infinite Blades","Backflip"],"picked":"Accuracy","floor":5},{"not_picked":["Underhanded Strike","Crippling Poison"],"picked":"Cloak And Dagger","floor":7},{"not_picked":["Finisher","Reflex"],"picked":"Footwork","floor":8},{"not_picked":["Cloak And Dagger","Dash"],"picked":"Setup","floor":10},{"not_picked":["Envenom","Wraith Form v2"],"picked":"After Image","floor":16},{"not_picked":["Outmaneuver","Reflex"],"picked":"Infinite Blades","floor":18},{"not_picked":["Blur","PiercingWail"],"picked":"Footwork+1","floor":19}],"player_experience":713900,"relics_obtained":[{"floor":7,"key":"StoneCalendar"},{"floor":9,"key":"Bag of Marbles"}],"event_choices":[{"damage_healed":0,"gold_gain":0,"player_choice":"Ignored","damage_taken":0,"max_hp_gain":0,"max_hp_loss":0,"event_name":"Golden Idol","floor":11,"gold_loss":0},{"damage_healed":0,"gold_gain":0,"player_choice":"Grow","damage_taken":0,"max_hp_gain":0,"max_hp_loss":0,"event_name":"Living Wall","floor":13,"gold_loss":0,"cards_upgraded":["Footwork"]},{"damage_healed":0,"gold_gain":0,"player_choice":"Forge","damage_taken":0,"max_hp_gain":0,"max_hp_loss":0,"event_name":"Accursed Blacksmith","floor":14,"gold_loss":0,"cards_upgraded":["Noxious Fumes"]}],"is_beta":false,"boss_relics":[{"not_picked":["HoveringKite","Runic Dome"],"picked":"Empty Cage"}],"items_purged_floors":[20],"is_endless":false,"potions_floor_spawned":[1,5,7,10,16,18],"killed_by":"Centurion and Healer","ascension_level":20}}