{"host":"a5lz0e76zb3fcwkm","time":1609866461,"event":{"mods":["AchievementEnabler","BaseMod","Colored Map","Colored Powertips","Minty Spire (QoL Compilation)","StSLib","SuperFastMode"],"gold_per_floor":[116,116,116,116,126,126,154,154,178,198,84,115,127,156,168,258,270,295,307,209,33,45,45,70,90,90,105,140,154,154,29,29,29,29],"floor_reached":33,"playtime":591,"items_purged":["Strike_R","Strike_R","Strike_R+1"],"score":636,"play_id":"56330f3a-8435-4783-9fdb-7928ed06af18","local_time":"20210106020741","is_ascension_mode":true,"campfire_choices":[{"floor":6.0,"key":"RECALL"},{"data":"Carnage","floor":8.0,"key":"SMITH"},{"data":"Fire Breathing","floor":13.0,"key":"SMITH"},{"data":"Second Wind","floor":15.0,"key":"SMITH"},{"data":"Body Slam","floor":23,"key":"SMITH"},{"data":"Immolate","floor":30,"key":"SMITH"},{"data":"Shockwave","floor":32,"key":"SMITH"}],"circlet_count":0,"master_deck":["AscendersBane","Defend_R","Defend_R","Defend_R","Defend_R","Bash","Power Through+1","Carnage+1","Second Wind+1","Fire Breathing+1","Shrug It Off+1","Immolate+1","Body Slam+1","Shockwave+1","Flame Barrier","True Grit+1","Battle Trance"],"relics":["Burning Blood","NeowsBlessing","Happy Flower","Bronze Scales","Regal Pillow","MawBank","Coffee Dripper","Darkstone Periapt","Letter Opener","Girya"],"acts_visited":["Exordium","TheCity"],"potions_floor_usage":[24,27],"damage_taken":[{"damage":0.0,"enemies":"Small Slimes","floor":1.0,"turns":1.0},{"damage":0.0,"enemies":"2 Louse","floor":5.0,"turns":1.0},{"damage":0.0,"enemies":"Gremlin Nob","floor":7.0,"turns":1.0},{"damage":7.0,"enemies":"Jaw Worm","floor":10.0,"turns":2.0},{"damage":10.0,"enemies":"3 Sentries","floor":12.0,"turns":5.0},{"damage":8.0,"enemies":"Blue Slaver","floor":14.0,"turns":3.0},{"damage":18.0,"enemies":"Slime Boss","floor":16.0,"turns":7.0},{"damage":0.0,"enemies":"3 Byrds","floor":18.0,"turns":3.0},{"damage":14,"enemies":"Shell Parasite","floor":22,"turns":5},{"damage":28,"enemies":"Book of Stabbing","floor":24,"turns":6},{"damage":7,"enemies":"Snake Plant","floor":25,"turns":3},{"damage":20,"enemies":"Shelled Parasite and Fungi","floor":27,"turns":4},{"damage":28,"enemies":"Slavers","floor":28,"turns":4},{"damage":3,"enemies":"Snecko","floor":29,"turns":6},{"damage":52,"enemies":"Collector","floor":33,"turns":8}],"seed_played":"-4430626656105118312","potions_obtained":[{"floor":1.0,"key":"DistilledChaos"},{"floor":5.0,"key":"SpeedPotion"},{"floor":12.0,"key":"FairyPotion"},{"floor":16.0,"key":"Weak Potion"},{"floor":24,"key":"Ancient Potion"},{"floor":27,"key":"Fruit Juice"},{"floor":29,"key":"ElixirPotion"}],"is_trial":false,"path_per_floor":["M","?","?","?","M","R","E","R","T","M","$","E","R","M","R","B",null,"M","?","?","$","M","R","E","M","T","M","E","M","R","$","R","B"],"character_chosen":"IRONCLAD","items_purchased":["Fire Breathing","Shockwave"],"campfire_rested":0,"item_purchase_floors":[11,21],"current_hp_per_floor":[74,56,49,26,32,32,38,38,38,37,37,33,33,31,31,19,61,67,67,67,67,59,59,37,36,36,27,30,33,33,33,33,0,0],"gold":29,"neow_bonus":"THREE_ENEMY_KILL","is_daily":false,"chose_seed":false,"campfire_upgraded":6,"win_rate":0.0,"timestamp":1609866461,"path_taken":["M","?","?","?","M","R","E","R","T","M","?","E","R","M","R","BOSS","M","?","?","$","M","R","E","M","T","?","E","M","R","?","R","BOSS"],"items_purchased_type":["Card","Card"],"build_version":"2020-12-22","purchased_purges":3,"victory":false,"max_hp_per_floor":[75,75,75,75,75,75,75,75,75,75,75,75,75,75,75,75,75,75,75,75,75,75,75,75,75,75,80,80,80,80,80,80,80,80],"card_choices":[{"not_picked":["Intimidate","Dual Wield"],"picked":"Power Through","floor":1.0},{"not_picked":["Clash","True Grit","Heavy Blade"],"picked":"SKIP","floor":5.0},{"not_picked":["Battle Trance","Dropkick"],"picked":"Carnage","floor":7.0},{"not_picked":["Spot Weakness","Reckless Charge"],"picked":"Second Wind","floor":10.0},{"not_picked":["Heavy Blade","Ghostly Armor","Warcry"],"picked":"SKIP","floor":12.0},{"not_picked":["True Grit","Pommel Strike"],"picked":"Shrug It Off","floor":14.0},{"not_picked":["Demon Form","Corruption"],"picked":"Immolate","floor":16.0},{"not_picked":["Shrug It Off","Rupture+1"],"picked":"Body Slam","floor":18.0},{"not_picked":["Uppercut","Pommel Strike","Cleave"],"picked":"SKIP","floor":22},{"not_picked":["Havoc","Pommel Strike","Feed"],"picked":"SKIP","floor":24},{"not_picked":["Spot Weakness","Anger"],"picked":"Flame Barrier","floor":25},{"not_picked":["Disarm+1","Second Wind"],"picked":"True Grit+1","floor":27},{"not_picked":["Heavy Blade+1","Intimidate+1","Perfected Strike"],"picked":"SKIP","floor":28},{"not_picked":["Sever Soul","Clothesline"],"picked":"Battle Trance","floor":29}],"player_experience":1673591,"relics_obtained":[{"floor":7.0,"key":"Bronze Scales"},{"floor":9.0,"key":"Regal Pillow"},{"floor":12.0,"key":"MawBank"},{"floor":24,"key":"Darkstone Periapt"},{"floor":26,"key":"Letter Opener"},{"floor":28,"key":"Girya"}],"event_choices":[{"damage_healed":0.0,"max_hp_gain":0.0,"max_hp_loss":0.0,"gold_gain":0.0,"event_name":"Scrap Ooze","player_choice":"Success","floor":2.0,"gold_loss":0.0,"damage_taken":18.0,"relics_obtained":["Happy Flower"]},{"cards_removed":["Strike_R"],"damage_healed":0.0,"max_hp_gain":0.0,"max_hp_loss":0.0,"gold_gain":0.0,"event_name":"Golden Wing","player_choice":"Card Removal","floor":3.0,"gold_loss":0.0,"damage_taken":7.0},{"damage_healed":0.0,"max_hp_gain":0.0,"max_hp_loss":0.0,"gold_gain":0.0,"event_name":"Shining Light","player_choice":"Entered Light","floor":4.0,"gold_loss":0.0,"damage_taken":23.0,"cards_upgraded":["Strike_R","Power Through"]},{"damage_healed":0.0,"max_hp_gain":0.0,"max_hp_loss":0.0,"gold_gain":0.0,"event_name":"Ghosts","player_choice":"Ignored","floor":19.0,"gold_loss":0.0,"damage_taken":0.0},{"cards_removed":["Strike_R"],"damage_healed":0,"gold_gain":0,"player_choice":"Upgrade and Remove","damage_taken":0,"max_hp_gain":0,"max_hp_loss":0,"event_name":"Designer","floor":20,"gold_loss":110,"cards_upgraded":["Shrug It Off"]}],"is_beta":false,"boss_relics":[{"not_picked":["Runic Dome","Astrolabe"],"picked":"Coffee Dripper"}],"items_purged_floors":[11,21,31],"is_endless":false,"potions_floor_spawned":[1,5,12,14,16,24,27,29],"killed_by":"Collector","ascension_level":20}}