{"host":"6foule4rxfnujbxy","time":1609820751,"event":{"mods":["BaseMod","Colored Map","Highlight Path","Minty Spire (QoL Compilation)","Quick Restart"],"gold_per_floor":[110,127,52,71,71,97,97,97,166,181,181,181],"floor_reached":11,"playtime":312,"items_purged":["Strike_R"],"score":73,"play_id":"80fc8e24-6010-4f4c-bfc8-57d6c848db9d","local_time":"20210104202551","is_ascension_mode":false,"campfire_choices":[{"data":"Bash","floor":7,"key":"SMITH"}],"circlet_count":0,"master_deck":["Strike_R","Strike_R","Strike_R","Strike_R","Defend_R","Defend_R","Defend_R","Defend_R","Bash+1","Inflame"],"relics":["Burning Blood","Strawberry","Eternal Feather","Frozen Egg 2"],"acts_visited":["Exordium"],"potions_floor_usage":[6,10],"damage_taken":[{"damage":3,"enemies":"Small Slimes","floor":1,"turns":3},{"damage":9,"enemies":"2 Louse","floor":2,"turns":2},{"damage":5,"enemies":"Cultist","floor":4,"turns":4},{"damage":36,"enemies":"Lagavulin","floor":6,"turns":5},{"damage":0,"enemies":"Looter","floor":10,"turns":2},{"damage":4,"enemies":"3 Sentries","floor":11,"turns":2}],"seed_played":"-2370772706393425456","potions_obtained":[{"floor":2,"key":"Fire Potion"},{"floor":4,"key":"AttackPotion"}],"is_trial":false,"path_per_floor":["M","M","$","M","$","E","R","?","T","M","E"],"character_chosen":"IRONCLAD","items_purchased":[],"campfire_rested":0,"item_purchase_floors":[],"current_hp_per_floor":[80,77,77,78,78,55,55,37,37,43,39,39],"gold":181,"neow_bonus":"","is_daily":false,"chose_seed":false,"campfire_upgraded":1,"win_rate":0.0,"timestamp":1609820751,"path_taken":["M","M","$","M","$","E","R","?","T","M","E"],"items_purchased_type":[],"build_version":"2020-12-22","purchased_purges":1,"victory":false,"max_hp_per_floor":[80,80,80,80,80,87,87,87,87,87,87,87],"card_choices":[{"not_picked":["Thunderclap","Battle Trance","True Grit"],"picked":"SKIP","floor":1},{"not_picked":["Dark Embrace","Pummel","Clothesline"],"picked":"SKIP","floor":2},{"not_picked":["Fire Breathing","Searing Blow"],"picked":"Inflame","floor":4},{"not_picked":["Metallicize","Body Slam","Disarm"],"picked":"SKIP","floor":6},{"not_picked":["Thunderclap","Cleave","Fire Breathing+1"],"picked":"SKIP","floor":10}],"player_experience":0,"relics_obtained":[{"floor":6,"key":"Strawberry"},{"floor":9,"key":"Frozen Egg 2"}],"event_choices":[{"damage_healed":0,"gold_gain":0,"player_choice":"Success","damage_taken":18,"relics_obtained":["Eternal Feather"],"max_hp_gain":0,"max_hp_loss":0,"event_name":"Scrap Ooze","floor":8,"gold_loss":0}],"is_beta":false,"boss_relics":[],"items_purged_floors":[3],"is_endless":false,"potions_floor_spawned":[2,4],"killed_by":"3 Sentries","ascension_level":0}}