{"host":"fhwr1fuluf6086fh","time":1609865919,"event":{"mods":["2.2 Compatiblity","Act Like it!","BaseMod","Elementarium","Hermit","Minty Spire (QoL Compilation)","Robot Space Explorer","StSLib","The Blue Laboratory","The Caster","The Dragon Tamer","The Factory","The Hierophant","TheLocksmith"],"gold_per_floor":[115,133,20,37,51,78,90,90,90,122,137,137,152,184,184,280,280,290,173,188,238,238,272,282,282,308,343,354,128,144,160,160,265,265,279,3,0,0,0,0,32,9,34,61,61,80,80,100,100,100],"floor_reached":51,"playtime":53448,"items_purged":["Strike_R"],"score":1148,"play_id":"0a9f0e2e-59a9-4158-9c60-1e57bf27a475","local_time":"20210105115839","is_ascension_mode":true,"campfire_choices":[{"floor":8,"key":"REST"},{"data":"Iron Wave","floor":12,"key":"SMITH"},{"floor":15,"key":"DIG"},{"floor":25,"key":"REST"},{"data":"True Grit","floor":32,"key":"SMITH"},{"floor":40,"key":"DIG"},{"data":"Metallicize","floor":47,"key":"SMITH"},{"data":"Feel No Pain","floor":49,"key":"SMITH"}],"circlet_count":0,"master_deck":["AscendersBane","Defend_R","Defend_R","Defend_R","Bash","Sever Soul","Inflame","Feel No Pain+1","True Grit+1","Clash","Clash","Twin Strike","Sever Soul","Iron Wave+1","Clothesline+1","Iron Wave","Fiend Fire+1","Uppercut+1","Dark Embrace+1","Evolve+1","True Grit+1","Dark Embrace+1","Elementarium:GildedDefend","Elementarium:IceblessedBlade","Ghostly Armor","Battle Trance","Intimidate","Cleave","Clash+1","Metallicize+1","Rage","Madness","Bloodletting","Sever Soul+1","Offering","Shockwave","Blood for Blood","Madness","Madness","Metamorphosis","Disarm","Headbutt","Power Through+1","Spot Weakness+1","Sentinel"],"relics":["Burning Blood","Red Skull","Eternal Feather","Bronze Scales","Shovel","Dream Catcher","Astrolabe","Elementarium:HuntersBracer","Centennial Puzzle","Whetstone","Blue Candle","Elementarium:ElementariumTrophy","Philosopher\u0027s Stone","Pantograph","Elementarium:GoldenMirage","HornCleat","Meat on the Bone","Blood Vial","Vajra","Molten Egg 2"],"acts_visited":["Exordium","Elementarium:Elementarium","TheBeyond"],"potions_floor_usage":[10,14,16,27,33,33,50,50],"damage_taken":[{"damage":6,"enemies":"Cultist","floor":1,"turns":4},{"damage":5,"enemies":"Small Slimes","floor":2,"turns":3},{"damage":14,"enemies":"2 Louse","floor":4,"turns":3},{"damage":22,"enemies":"Blue Slaver","floor":5,"turns":4},{"damage":19,"enemies":"Lagavulin","floor":6,"turns":6},{"damage":11,"enemies":"2 Fungi Beasts","floor":7,"turns":4},{"damage":19,"enemies":"Gremlin Nob","floor":10,"turns":4},{"damage":6,"enemies":"Looter","floor":11,"turns":2},{"damage":1,"enemies":"Blue Slaver","floor":13,"turns":2},{"damage":21,"enemies":"Lagavulin","floor":14,"turns":6},{"damage":31,"enemies":"The Guardian","floor":16,"turns":8},{"damage":1,"enemies":"Elementarium:2_ELEMENTALS","floor":18,"turns":4},{"damage":9,"enemies":"Elementarium:VoidCorruption","floor":20,"turns":5},{"damage":18,"enemies":"Elementarium:ElementalPortal","floor":23,"turns":7},{"damage":29,"enemies":"Elementarium:CYCLONE_AND_LIVING_STORMCLOUD","floor":24,"turns":5},{"damage":10,"enemies":"Elementarium:WarGolem","floor":27,"turns":3},{"damage":1,"enemies":"Elementarium:VOID_CORRUPTION_AND_ORB_OF_FIRE","floor":28,"turns":8},{"damage":10,"enemies":"Elementarium:3_ELEMENTALS","floor":30,"turns":4},{"damage":12,"enemies":"Elementarium:RubyGolem","floor":31,"turns":5},{"damage":33,"enemies":"Elementarium:GoldenDragon","floor":33,"turns":10},{"damage":18,"enemies":"3 Darklings","floor":35,"turns":8},{"damage":14,"enemies":"Reptomancer","floor":41,"turns":5},{"damage":24,"enemies":"Nemesis","floor":44,"turns":5},{"damage":9,"enemies":"Orb Walker","floor":46,"turns":5},{"damage":10,"enemies":"3 Darklings","floor":48,"turns":3},{"damage":57,"enemies":"Awakened One","floor":50,"turns":12}],"seed_played":"1021134565550052541","potions_obtained":[{"floor":5,"key":"SmokeBomb"},{"floor":6,"key":"blueLaboratory:PhilterOfMotion"},{"floor":10,"key":"blueLaboratory:LouseDecoction"},{"floor":11,"key":"Energy Potion"},{"floor":16,"key":"EssenceOfSteel"},{"floor":18,"key":"blueLaboratory:BottleOfVodka"},{"floor":28,"key":"SteroidPotion"},{"floor":30,"key":"AttackPotion"},{"floor":33,"key":"FearPotion"},{"floor":46,"key":"blueLaboratory:HorrorPotion"},{"floor":48,"key":"ColorlessPotion"}],"is_trial":false,"path_per_floor":["M","M","$","M","M","E","M","R","T","E","M","R","M","E","R","B",null,"M","?","M","?","?","E","M","R","T","E","M","$","M","M","R","B",null,"M","$","?","?","?","R","E","$","T","E","T","M","R","M","R","B",null],"character_chosen":"IRONCLAD","items_purchased":["Feel No Pain","Metallicize","Rage","Madness","Pantograph","Blood for Blood","Headbutt"],"campfire_rested":2,"item_purchase_floors":[3,29,29,29,36,36,42],"current_hp_per_floor":[72,72,72,64,48,35,30,51,51,38,38,47,52,37,46,21,59,64,64,61,61,61,49,26,62,62,58,63,63,59,53,71,44,65,53,53,53,44,44,68,60,60,60,44,44,43,67,65,72,33],"gold":100,"neow_bonus":"REMOVE_TWO","is_daily":false,"chose_seed":false,"campfire_upgraded":4,"win_rate":0.0,"timestamp":1609865919,"path_taken":["M","M","?","M","M","E","M","R","T","E","M","R","M","E","R","BOSS","M","?","M","?","?","E","M","R","T","E","M","$","M","M","R","BOSS","M","$","?","?","?","R","E","?","T","E","?","M","R","M","R","BOSS"],"items_purchased_type":["Card","Card","Card","Card","Relic","Card","Card"],"build_version":"2020-12-22","purchased_purges":1,"victory":true,"max_hp_per_floor":[72,72,72,72,72,72,72,72,72,72,72,72,72,72,72,72,72,72,72,72,72,72,72,72,72,72,72,72,72,72,72,72,72,72,72,72,72,72,72,72,72,72,72,72,72,72,72,72,72,72],"card_choices":[{"not_picked":["Thunderclap","Sword Boomerang"],"picked":"Sever Soul","floor":1},{"not_picked":["Twin Strike","Perfected Strike"],"picked":"Inflame","floor":2},{"not_picked":["Warcry","Armaments"],"picked":"True Grit","floor":4},{"not_picked":["Exhume","Fire Breathing"],"picked":"Clash","floor":5},{"not_picked":["Clothesline","Rampage"],"picked":"Clash","floor":6},{"not_picked":["Immolate","Carnage"],"picked":"Twin Strike","floor":7},{"not_picked":["Rupture","Bloodletting"],"picked":"Sever Soul","floor":10},{"not_picked":["Havoc","Flex"],"picked":"Iron Wave","floor":11},{"not_picked":["Pommel Strike","Searing Blow"],"picked":"Clothesline","floor":13},{"not_picked":["Havoc","Anger"],"picked":"Iron Wave","floor":14},{"not_picked":["Reaper","Juggernaut"],"picked":"Fiend Fire","floor":16},{"not_picked":["Searing Blow","Wild Strike+1"],"picked":"True Grit+1","floor":18},{"not_picked":["Shrug It Off","Body Slam"],"picked":"Dark Embrace+1","floor":20},{"not_picked":["Burning Pact+1","Wild Strike"],"picked":"Ghostly Armor","floor":23},{"not_picked":["Warcry","Wild Strike"],"picked":"Battle Trance","floor":24},{"not_picked":["Sword Boomerang","Power Through"],"picked":"Intimidate","floor":25},{"not_picked":["Blood for Blood","Sword Boomerang"],"picked":"Cleave","floor":27},{"not_picked":["Wild Strike","Havoc"],"picked":"Clash+1","floor":28},{"not_picked":["Havoc","Wild Strike"],"picked":"Bloodletting","floor":30},{"not_picked":["Pommel Strike","Perfected Strike"],"picked":"Sever Soul+1","floor":31},{"not_picked":["Barricade","Immolate"],"picked":"Offering","floor":33},{"not_picked":["Heavy Blade","Twin Strike"],"picked":"Shockwave","floor":35},{"not_picked":["Panacea","Forethought"],"picked":"Metamorphosis","floor":39},{"not_picked":["Combust+1","Limit Break"],"picked":"Disarm","floor":41},{"not_picked":["Inflame","Twin Strike"],"picked":"Power Through+1","floor":44},{"not_picked":["Twin Strike+1","Cleave+1"],"picked":"Spot Weakness+1","floor":46},{"not_picked":["Dual Wield","Shockwave+1"],"picked":"Sentinel","floor":48}],"player_experience":1024886,"relics_obtained":[{"floor":6,"key":"Red Skull"},{"floor":9,"key":"Eternal Feather"},{"floor":10,"key":"Bronze Scales"},{"floor":14,"key":"Shovel"},{"floor":15,"key":"Dream Catcher"},{"floor":23,"key":"Centennial Puzzle"},{"floor":26,"key":"Whetstone"},{"floor":27,"key":"Blue Candle"},{"floor":40,"key":"HornCleat"},{"floor":41,"key":"Meat on the Bone"},{"floor":43,"key":"Blood Vial"},{"floor":44,"key":"Vajra"},{"floor":45,"key":"Molten Egg 2"}],"event_choices":[{"damage_healed":0,"gold_gain":0,"player_choice":"Sling","damage_taken":0,"relics_obtained":["Elementarium:HuntersBracer"],"max_hp_gain":0,"max_hp_loss":0,"event_name":"Elementarium:BigGameHunter","floor":19,"gold_loss":117},{"damage_healed":0,"gold_gain":50,"player_choice":"Defend","damage_taken":0,"max_hp_gain":0,"max_hp_loss":0,"event_name":"Elementarium:OnrushingOffering","floor":21,"gold_loss":0,"cards_obtained":["Elementarium:GildedDefend"]},{"damage_healed":0,"gold_gain":0,"player_choice":"Take","damage_taken":0,"max_hp_gain":0,"max_hp_loss":0,"event_name":"Elementarium:BladeSeller","floor":22,"gold_loss":0,"cards_obtained":["Elementarium:IceblessedBlade"]},{"damage_healed":0,"gold_gain":0,"player_choice":"Offer","damage_taken":0,"relics_obtained":["Elementarium:GoldenMirage"],"max_hp_gain":0,"max_hp_loss":0,"event_name":"Elementarium:ChestOfTheGoldenMirage","floor":37,"gold_loss":3},{"damage_healed":0,"gold_gain":0,"player_choice":"Embrace Madness","damage_taken":9,"max_hp_gain":0,"max_hp_loss":0,"event_name":"Winding Halls","floor":38,"gold_loss":0,"cards_obtained":["Madness","Madness"]},{"damage_healed":0,"gold_gain":0,"player_choice":"Memory 1","damage_taken":0,"max_hp_gain":0,"max_hp_loss":0,"event_name":"SensoryStone","floor":39,"gold_loss":0}],"is_beta":false,"boss_relics":[{"not_picked":["Empty Cage","SacredBark"],"picked":"Astrolabe"},{"not_picked":["Black Star","Runic Dome"],"picked":"Philosopher\u0027s Stone"}],"items_purged_floors":[3],"is_endless":false,"potions_floor_spawned":[5,6,10,11,16,18,24,28,30,33,46,48],"ascension_level":12}}