{"host":"l1bfbgeb3oxa8ieg","time":1609861563,"event":{"mods":["AlwaysNeverKeys","Aspiration","BaseMod","Beaked The Cultist","Better Match","Better Note","Better Third Choice","BetterRewards","Colored Powertips","Conspire","Downfall","Energized Spire","Fiend Mod","Friendly Minions","Halation","Infinite Spire","Minty Spire (QoL Compilation)","Permanent Neow","Quick Restart","Replay The Spire","Shop Mod","Spicy Shops","Spikes Relics","StSLib","TestMod","The Blackbeard","The Mystic","The Necromancer","Uncapped","UnlockEverythingMod","vexMod"],"gold_per_floor":[117,127,138,138,138,138,170,170,196,196,210,210,240,254,254,354,354,367,387,387,163,176,193,193,208,276,289,289,289,39,53,53,148,148,167,181,211,59,59,78,78,78,103,103,103,118,78,95,95,104,104],"floor_reached":50,"playtime":5121,"items_purged":[],"score":454,"play_id":"4698b360-1c3f-4123-8237-d943f7dc150d","local_time":"20210105164603","is_ascension_mode":false,"campfire_choices":[{"data":"Terror","floor":6,"key":"SMITH"},{"data":"Leg Sweep","floor":8,"key":"SMITH"},{"data":"Catalyst","floor":15,"key":"SMITH"},{"floor":32,"key":"REST"},{"floor":44,"key":"REST"},{"floor":49,"key":"REST"}],"circlet_count":0,"master_deck":["Strike_G","Strike_G","Strike_G","Defend_G","Defend_G","Defend_G","Defend_G","Defend_G","Survivor","Neutralize","Deadly Poison","Acrobatics","Terror+1","Leg Sweep+1","Flying Knee+1","Catalyst+1","Deflect","After Image","PiercingWail","Toxin Wave","Footwork","GremboGang","Night Terror","Night Terror","Parasite","Replay:Poison Smokescreen+1"],"relics":["Ring of the Snake","testmod-TestBox","aspiration:Nostalgia","Cracked Core","Boot","vexMod:BarristanHead","testmod-AssaultLearning","Ring of Chaos","aspiration:ArtOfWarUpgrade","infinitespire:CheckeredPen","SlaversCollar","ReplayTheSpireMod:TigerMarble","testmod-IndustrialRevolution","testmod-Acrobat"],"acts_visited":["Exordium","TheCity","TheBeyond"],"potions_floor_usage":[16,18,23,25,37,40,40,46,48,50,50],"damage_taken":[{"damage":0,"enemies":"Jaw Worm","floor":1,"turns":3},{"damage":0,"enemies":"conspire:RoseBush","floor":2,"turns":3},{"damage":11,"enemies":"infinitespire:Voidling","floor":3,"turns":4},{"damage":14,"enemies":"Replay:BlueRogue","floor":7,"turns":5},{"damage":0,"enemies":"2 Fungi Beasts","floor":11,"turns":5},{"damage":18,"enemies":"Lagavulin","floor":13,"turns":6},{"damage":0,"enemies":"3 Louse","floor":14,"turns":4},{"damage":11,"enemies":"The Guardian","floor":16,"turns":12},{"damage":1,"enemies":"3 Byrds","floor":18,"turns":5},{"damage":20,"enemies":"Spheric Guardian","floor":19,"turns":7},{"damage":3,"enemies":"conspire:HollyBat","floor":22,"turns":8},{"damage":9,"enemies":"3 Cultists","floor":23,"turns":7},{"damage":5,"enemies":"Centurion and Healer","floor":25,"turns":8},{"damage":5,"enemies":"Shelled Parasite and Fungi","floor":27,"turns":8},{"damage":0,"enemies":"conspire:HollyBat","floor":31,"turns":9},{"damage":4,"enemies":"conspire:MysteriousRune","floor":33,"turns":13},{"damage":36,"enemies":"3 Shapes","floor":35,"turns":7},{"damage":9,"enemies":"Orb Walker","floor":36,"turns":4},{"damage":11,"enemies":"conspire:MimicChest","floor":37,"turns":9},{"damage":0,"enemies":"Maw","floor":40,"turns":7},{"damage":11,"enemies":"Writhing Mass","floor":46,"turns":6},{"damage":12,"enemies":"Transient","floor":48,"turns":5},{"damage":34,"enemies":"Time Eater","floor":50,"turns":8}],"seed_played":"8385674965209002249","potions_obtained":[{"floor":7,"key":"Cursed Concoction"},{"floor":13,"key":"SneckoOil"},{"floor":14,"key":"CultistPotion"},{"floor":16,"key":"Fire Potion"},{"floor":18,"key":"SkillPotion"},{"floor":31,"key":"SteroidPotion"},{"floor":33,"key":"SpeedPotion"},{"floor":35,"key":"Milkshake"},{"floor":40,"key":"AttackPotion"},{"floor":46,"key":"LifebloodPotion"},{"floor":47,"key":"Poison Potion"}],"is_trial":false,"path_per_floor":["M","M","M","?","$","R","E","R","T","$","M","?","E","M","R","B",null,"M","M","?","$","M","M","R","M","T","M","?","?","?","M","R","B",null,"M","M","?","$","?","M","R","?","T","R","?","M","?","M","R","B"],"character_chosen":"THE_SILENT","items_purchased":["Art of War","Toxin Wave","testmod-IndustrialRevolution"],"campfire_rested":3,"item_purchase_floors":[21,21,38],"current_hp_per_floor":[70,70,66,66,66,66,52,52,52,52,52,52,34,34,34,23,70,69,49,49,49,46,37,37,32,32,27,15,15,15,15,36,32,70,34,25,14,14,14,14,14,14,14,35,35,24,24,12,33,0,0],"gold":104,"neow_bonus":"NOSTALGIA","is_daily":false,"chose_seed":false,"campfire_upgraded":3,"win_rate":0.0,"timestamp":1609861563,"path_taken":["M","M","M","?","$","R","E","R","T","$","M","?","E","?","R","BOSS","M","M","?","$","?","M","R","M","T","M","?","?","?","M","R","BOSS","M","M","?","$","?","M","R","?","T","R","?","M","?","?","R","BOSS"],"items_purchased_type":["Relic","Card","Relic"],"build_version":"2020-12-22","purchased_purges":0,"victory":false,"max_hp_per_floor":[70,70,70,70,70,70,70,70,70,70,70,70,70,70,70,70,70,70,70,70,70,70,70,70,70,70,70,70,70,70,70,70,70,70,70,70,70,70,70,70,70,70,70,70,70,70,70,70,70,70,70],"card_choices":[{"not_picked":["Concentrate","Flying Knee"],"picked":"Deadly Poison","floor":1},{"not_picked":["Hidden Blade","Dagger Throw"],"picked":"Acrobatics","floor":2},{"not_picked":["ReplayTheSpireMod:Shiv Toss","Well Laid Plans"],"picked":"Terror","floor":3},{"not_picked":["Skewer","Storm of Steel"],"picked":"Leg Sweep","floor":7},{"not_picked":["Quick Slash","Underhanded Strike"],"picked":"Flying Knee","floor":11},{"not_picked":["ReplayTheSpireMod:Exploit Weakness","Bane"],"picked":"Catalyst","floor":13},{"not_picked":["Cloak And Dagger","Dagger Spray"],"picked":"Deflect","floor":14},{"not_picked":["Grand Finale","Night Terror"],"picked":"After Image","floor":16},{"not_picked":["Quick Slash+1","ReplayTheSpireMod:The Works","ReplayTheSpireMod:Scrap Shanks+1"],"picked":"SKIP","floor":18},{"not_picked":["ReplayTheSpireMod:Scrap Shanks+1","Draining Mist"],"picked":"PiercingWail","floor":19},{"not_picked":["Hidden Blade+1","Blade Dance+1","ReplayTheSpireMod:Scrap Shanks"],"picked":"SKIP","floor":22},{"not_picked":["Underhanded Strike","Cloak And Dagger","Calculated Gamble+1"],"picked":"SKIP","floor":23},{"not_picked":["Finisher","Cloak And Dagger","Blade Dance"],"picked":"SKIP","floor":25},{"not_picked":["Flechettes","Terror+1"],"picked":"Footwork","floor":27},{"not_picked":["Infinite Blades","Slice+1","conspire:DoublingDagger"],"picked":"SKIP","floor":31},{"not_picked":["Atom Bomb","Glass Knife"],"picked":"Night Terror","floor":33},{"not_picked":["Backflip+1","Blur+1","Masterful Stab"],"picked":"SKIP","floor":35},{"not_picked":["Acrobatics+1","Dagger Spray","All Out Attack"],"picked":"SKIP","floor":36},{"not_picked":["Eviscerate","Flying Knee"],"picked":"Night Terror","floor":40},{"not_picked":["Masterful Stab","Dagger Throw+1","Backflip"],"picked":"SKIP","floor":46},{"not_picked":["Poisoned Stab","Caltrops+1"],"picked":"Replay:Poison Smokescreen+1","floor":48}],"player_experience":212154,"relics_obtained":[{"floor":7,"key":"Boot"},{"floor":9,"key":"vexMod:BarristanHead"},{"floor":13,"key":"testmod-AssaultLearning"},{"floor":26,"key":"infinitespire:CheckeredPen"},{"floor":37,"key":"ReplayTheSpireMod:TigerMarble"},{"floor":43,"key":"testmod-Acrobat"}],"event_choices":[{"damage_healed":0,"gold_gain":0,"player_choice":"Leave","damage_taken":0,"max_hp_gain":0,"max_hp_loss":0,"event_name":"The Cleric","floor":4,"gold_loss":0},{"damage_healed":0,"gold_gain":0,"player_choice":"Forge","damage_taken":0,"max_hp_gain":0,"max_hp_loss":0,"event_name":"Accursed Blacksmith","floor":12,"gold_loss":0,"cards_upgraded":["Flying Knee"]},{"cards_removed":["Strike_G"],"damage_healed":0,"gold_gain":0,"player_choice":"Purged","damage_taken":0,"max_hp_gain":0,"max_hp_loss":0,"event_name":"Purifier","floor":20,"gold_loss":0},{"damage_healed":0,"gold_gain":0,"player_choice":"POTION ","damage_taken":12,"max_hp_gain":0,"max_hp_loss":0,"event_name":"Knowing Skull","floor":28,"potions_obtained":["EntropicBrew"],"gold_loss":0,"cards_obtained":[]},{"cards_removed":["Strike_G"],"damage_healed":0,"gold_gain":0,"player_choice":"Card Removal","damage_taken":0,"max_hp_gain":0,"max_hp_loss":0,"event_name":"Wheel of Change","floor":29,"gold_loss":0},{"damage_healed":0,"gold_gain":0,"player_choice":"Leave","damage_taken":0,"max_hp_gain":0,"max_hp_loss":0,"event_name":"conspire:Investor","floor":42,"gold_loss":0},{"damage_healed":0,"gold_gain":0,"player_choice":"Bought 3 Potions","damage_taken":0,"max_hp_gain":0,"max_hp_loss":0,"event_name":"The Woman in Blue","floor":47,"gold_loss":0}],"is_beta":false,"boss_relics":[{"not_picked":["HoveringKite","testmod-Fanaticism"],"picked":"Ring of Chaos"},{"not_picked":["energizedSpire:RedRose","aspiration:RitualDagger"],"picked":"SlaversCollar"}],"items_purged_floors":[],"is_endless":false,"potions_floor_spawned":[7,13,14,16,18,19,31,33,35,40,46,48],"killed_by":"Time Eater","ascension_level":0}}