{"host":"8lgo2trwv2o0qyml","time":1609804875,"event":{"mods":["BaseMod","Colored Map","Colored Powertips","DeckTracker","Highlight Path","Hubris","Infinite Spire","Minty Spire (QoL Compilation)","Quick Restart","Random Character Button","Relic Sorter","Replay The Spire","StSLib","SuperFastMode","Synergy Search","The Jungle"],"gold_per_floor":[114,114,129,229,248,248,280,280,306,43,62,76,94,119,119,215,215,233,233,233,246,261,286,286,286,286],"floor_reached":25,"playtime":1353,"items_purged":["Strike_R"],"score":233,"play_id":"3c4586db-debe-408f-b730-9e597c241f57","local_time":"20210104190115","is_ascension_mode":false,"campfire_choices":[{"data":"Inflame","floor":6,"key":"SMITH"},{"floor":8,"key":"REST"}],"circlet_count":0,"master_deck":["Strike_R","Strike_R","Strike_R","Strike_R","Defend_R","Defend_R","Defend_R","Defend_R","Bash","Flex","ReplayTheSpireMod:Strike From Hell","Shrug It Off","Inflame+1","Flame Barrier","Fire Breathing+1","Flex","PanicButton","Warcry+1","Wild Strike","Wild Strike","Fire Breathing","Flex","Clash","Headbutt","Double Tap","Anger+1","Intimidate","Pommel Strike+1","Headbutt+1"],"relics":["Burning Blood","Blue Doll","Replay:Mystery Machine","Potion Belt","BargainBundle","Chameleon Ring","Mark of Pain","Anchor","Incense Burner","infinitespire:EmpoweringShard"],"acts_visited":["Exordium","TheCity"],"potions_floor_usage":[16,16],"damage_taken":[{"damage":10,"enemies":"Cultist","floor":1,"turns":4},{"damage":5,"enemies":"2 Louse","floor":3,"turns":2},{"damage":3,"enemies":"Jaw Worm","floor":5,"turns":3},{"damage":35,"enemies":"Lagavulin","floor":7,"turns":10},{"damage":11,"enemies":"Lots of Slimes","floor":11,"turns":5},{"damage":4,"enemies":"Large Slime","floor":12,"turns":5},{"damage":7,"enemies":"Blue Slaver","floor":13,"turns":4},{"damage":44,"enemies":"3 Sentries","floor":14,"turns":6},{"damage":12,"enemies":"Hexaghost","floor":16,"turns":8},{"damage":29,"enemies":"2 Thieves","floor":18,"turns":4},{"damage":4,"enemies":"3 Byrds","floor":21,"turns":4},{"damage":12,"enemies":"Shelled Parasite and Fungi","floor":22,"turns":6},{"damage":25,"enemies":"Book of Stabbing","floor":23,"turns":5},{"damage":36,"enemies":"Centurion and Healer","floor":25,"turns":4}],"seed_played":"-8526128483873601245","potions_obtained":[{"floor":3,"key":"BlessingOfTheForge"},{"floor":5,"key":"Fire Potion"},{"floor":7,"key":"LiquidBronze"},{"floor":13,"key":"Doom Potion"},{"floor":22,"key":"Strength Potion"},{"floor":23,"key":"Dexterity Potion"}],"is_trial":false,"path_per_floor":["M","?","M","?","M","R","E","R","T","$","M","M","M","E","R_BF","B",null,"M","T","AVR","M","M","E","?","M"],"character_chosen":"IRONCLAD","items_purchased":["Fire Breathing+1","Flex","BargainBundle","PanicButton","AttackPotion","Ancient Potion","Warcry","Wild Strike"],"campfire_rested":1,"item_purchase_floors":[10,10,10,10,10,10,10,10],"current_hp_per_floor":[76,58,59,59,62,62,33,57,57,57,52,54,53,15,39,33,80,57,57,57,59,53,34,34,0,0],"gold":286,"neow_bonus":"THREE_CARDS","is_daily":false,"chose_seed":false,"campfire_upgraded":1,"win_rate":0.0,"timestamp":1609804875,"path_taken":["M","?","M","?","M","R","E","R","T","$","M","M","M","E","R_BF","BOSS","M","?","AVR","?","M","E","?","?"],"items_purchased_type":["Card","Card","Relic","Card","Potion","Potion","Card","Card"],"build_version":"2020-12-22","purchased_purges":1,"victory":false,"max_hp_per_floor":[80,80,80,80,80,80,80,80,80,80,80,80,80,80,80,80,80,80,80,80,80,80,80,80,80,80],"card_choices":[{"not_picked":["Blood for Blood","Hemokinesis"],"picked":"Flex","floor":0},{"not_picked":["Warcry","Pommel Strike"],"picked":"ReplayTheSpireMod:Strike From Hell","floor":1},{"not_picked":["Pommel Strike","Wild Strike"],"picked":"Shrug It Off","floor":3},{"not_picked":["Cleave","ReplayTheSpireMod:Muscle Training"],"picked":"Inflame","floor":5},{"not_picked":["Double Tap","True Grit"],"picked":"Flame Barrier","floor":7},{"not_picked":["Heavy Blade","Run Through"],"picked":"Fire Breathing","floor":11},{"not_picked":["Pommel Strike","Body Slam"],"picked":"Flex","floor":12},{"not_picked":["Warcry","Run Through"],"picked":"Clash","floor":13},{"not_picked":["Twin Strike","ReplayTheSpireMod:Strike From Hell"],"picked":"Headbutt","floor":14},{"not_picked":["Reaper","Brutality"],"picked":"Double Tap","floor":16},{"not_picked":["Uppercut","Burning Pact"],"picked":"Anger+1","floor":18},{"not_picked":["ReplayTheSpireMod:Strike From Hell+1","infinitespire:OneForAll+1"],"picked":"Intimidate","floor":21},{"not_picked":["Sword Boomerang","Entrench"],"picked":"Pommel Strike+1","floor":22},{"not_picked":["Perfected Strike+1","Bloodletting"],"picked":"Headbutt+1","floor":23}],"player_experience":22374,"relics_obtained":[{"floor":7,"key":"Replay:Mystery Machine"},{"floor":9,"key":"Potion Belt"},{"floor":14,"key":"Chameleon Ring"},{"floor":19,"key":"Anchor"},{"floor":23,"key":"infinitespire:EmpoweringShard"}],"event_choices":[{"damage_healed":0,"gold_gain":0,"player_choice":"Success","damage_taken":18,"relics_obtained":["Blue Doll"],"max_hp_gain":0,"max_hp_loss":0,"event_name":"Scrap Ooze","floor":2,"gold_loss":0},{"damage_healed":0,"gold_gain":100,"player_choice":"Gold","damage_taken":0,"max_hp_gain":0,"max_hp_loss":0,"event_name":"Wheel of Change","floor":4,"gold_loss":0},{"damage_healed":0,"gold_gain":0,"player_choice":"Ignored","damage_taken":0,"max_hp_gain":0,"max_hp_loss":0,"event_name":"Transmorgrifier","floor":24,"gold_loss":0}],"is_beta":false,"boss_relics":[{"not_picked":["hubris:HollowSoul","ReplayTheSpireMod:SealedPack"],"picked":"Mark of Pain"}],"items_purged_floors":[10],"is_endless":false,"potions_floor_spawned":[3,5,7,13,22,23],"killed_by":"Centurion and Healer","ascension_level":0}}