{"host":"0azimyi6n3ugndj4","time":1609810052,"event":{"mods":["2.2 Compatiblity","BaseMod","Bestiary","Conspire","Curses Come First","Defuse TimeMaze Blight","Hermit","Hubris","Hyrulean Relics","Infinite Spire","Jorbs\u0027s Wanderer Trilogy","Minty Spire (QoL Compilation)","Relic Stats","Replay The Spire","StSLib","SuperFastMode","The Cursed","The Hierophant","Uncapped","¡¼?Úª?ø«¡½REMEMod"],"gold_per_floor":[116,116,116,16,16,16,35,69,69,104,104,90,174,192,192,271,271,248,248,168,93,93,93,107,149,149,179,179],"floor_reached":27,"playtime":494,"items_purged":[],"score":620,"play_id":"394f814a-ee4d-4bbf-9641-3ab8a591f0a3","local_time":"20210105102732","daily_mods":["SealedDeck","Hoarder","Insanity","Chimera","Specialized","ControlledChaos","Allstar","Diverse","Colorless Cards","Heirloom","Time Dilation","Flight","Elite Swarm","Binary"],"is_ascension_mode":true,"campfire_choices":[{"floor":6,"key":"REST"},{"floor":15,"key":"REST"},{"data":"Wraith Form v2","floor":23,"key":"SMITH"}],"circlet_count":0,"master_deck":["Demon Form","Wraith Form v2+1","Echo Form","DevaForm","stsjorbsmod:ArcaneForm","stsjorbsmod:WastingForm","AscendersBane","Bash","Survivor","Eruption","Strike_R","Strike_G","Strike_B","Defend_R","Defend_G","Defend_P","Double Energy","TheCursedMod:SurpriseAttack","Barrage","Finisher","Compile Driver","JustLucky","ReplayTheSpireMod:Stacked","Ghostly Armor","hermit:Feint","hermit:HighCaliber","hierophant:CoinFling","stsjorbsmod:Hibernate","Heatsinks","hermit:Gestalt","LikeWater","stsjorbsmod:Firebolt","TheCursedMod:Stigma","Slice","Reflex","hierophant:Zeal","JustLucky","ReplayTheSpireMod:LeadingStrike","stsjorbsmod:BurningFlask","hermit:Manifest","Choke","stsjorbsmod:Materialize","TheCursedMod:CursedAmulet","Hidden Blade","Stack","Genetic Algorithm","stsjorbsmod:WanderingMind","Pummel","stsjorbsmod:Will","Sucker Punch","stsjorbsmod:Hurt","Fire Breathing","hierophant:Bribe","PiercingWail","hermit:Enervate","stsjorbsmod:LoseGrip","Riddle With Holes","TheCursedMod:HellfireBreathing","SignatureMove","Capacitor","Deadly Poison","stsjorbsmod:WanderingMind","hierophant:Community","hermit:ItchyTrigger","ReplayTheSpireMod:Stacked","Sweeping Beam","hermit:Desperado","hermit:Desperado","hermit:Desperado","hermit:Desperado","hermit:Desperado","hermit:Desperado","hermit:Desperado","hermit:Desperado","hermit:Desperado","hermit:Desperado","hermit:Desperado","hermit:Desperado","hermit:Desperado","hermit:Desperado","hermit:Desperado","TheCursedMod:CursedSpellbook","TheCursedMod:CursedSpellbook","TheCursedMod:CursedSpellbook","Anger","Anger","Anger","Flame Barrier","Flame Barrier","Flame Barrier","hermit:TrackingShot","hermit:TrackingShot","hermit:TrackingShot","REME_TwoStrings","REME_TwoStrings","REME_TwoStrings","REME_FirmDetermination","REME_FirmDetermination","REME_FirmDetermination","Bouncing Flask","Bouncing Flask","Bouncing Flask","Cleave","Cleave","Cleave","TheCursedMod:RapidMovement","TheCursedMod:RapidMovement","TheCursedMod:RapidMovement","hierophant:MorningPrayer","hierophant:MorningPrayer","hierophant:MorningPrayer","stsjorbsmod:Anxiety","stsjorbsmod:Anxiety","stsjorbsmod:Anxiety","Pot Of Greed","Pot Of Greed","Pot Of Greed","Pot Of Greed","Pot Of Greed","Pot Of Greed","Pot Of Greed","Pot Of Greed","Pot Of Greed","Pot Of Greed","Pot Of Greed","Pot Of Greed","Pot Of Greed","Pot Of Greed","Pot Of Greed","Pot Of Greed","Pot Of Greed","Pot Of Greed","Pot Of Greed","Pot Of Greed","Pot Of Greed","Pot Of Greed","Pot Of Greed","Pot Of Greed","Pot Of Greed","Pot Of Greed","Pot Of Greed","Pot Of Greed","Pot Of Greed","Pot Of Greed","Ghostly","Ghostly","Ghostly","hermit:BodyArmor+1","hermit:BodyArmor+1","hermit:BodyArmor+1","Regret","Regret"],"relics":["Burning Blood","Frozen Eye","Busted Crown","REME_ComplimentaryCards","Ice Cream","hubris:Icosahedron","Grinning Jar","zeldaRelics:CourageTriforce","Oddly Smooth Stone","ReplayTheSpireMod:CursedCoin","hubris:TenFootPole","Black Star","zeldaRelics:WisdomTriforce"],"acts_visited":["Exordium","TheCity"],"potions_floor_usage":[16,27,27,27],"damage_taken":[{"damage":7,"enemies":"Jaw Worm","floor":1,"turns":3},{"damage":1,"enemies":"2 Louse","floor":7,"turns":2},{"damage":38,"enemies":"Lagavulin","floor":8,"turns":6},{"damage":0,"enemies":"Gremlin Nob","floor":10,"turns":2},{"damage":4,"enemies":"Small Slimes","floor":14,"turns":2},{"damage":61,"enemies":"The Guardian","floor":16,"turns":6},{"damage":5,"enemies":"3 Byrds","floor":18,"turns":5},{"damage":5,"enemies":"Chosen","floor":24,"turns":3},{"damage":54,"enemies":"Book of Stabbing","floor":25,"turns":8},{"damage":20,"enemies":"Nightmare","floor":27,"turns":3}],"seed_played":"-3949208984016518215","potions_obtained":[{"floor":1,"key":"Toxic Potion"},{"floor":7,"key":"infinitespire:BlackPotion"},{"floor":8,"key":"BloodPotion"},{"floor":22,"key":"Venom Potion"},{"floor":22,"key":"EssenceOfSteel"},{"floor":25,"key":"REME_GoldPotion"}],"is_trial":true,"path_per_floor":["M","?","?","?","?","R","M","E","T","E","?","$","?","M","R","B",null,"M","?","?","?","?","R","M","E","T","NM"],"character_chosen":"IRONCLAD","items_purchased":["ReplayTheSpireMod:CursedCoin","hubris:TenFootPole"],"campfire_rested":2,"item_purchase_floors":[12,12],"current_hp_per_floor":[67,67,62,62,62,75,75,43,43,49,49,49,37,39,61,21,62,63,63,63,63,63,63,64,16,16,0,0],"gold":179,"neow_bonus":"","is_daily":false,"chose_seed":false,"campfire_upgraded":1,"win_rate":0.0,"timestamp":1609810052,"path_taken":["M","?","?","?","?","R","?","E","T","E","?","?","?","?","R","BOSS","M","?","?","?","?","R","?","E","T","NM"],"items_purchased_type":["Relic","Relic"],"build_version":"2020-12-22","purchased_purges":0,"victory":false,"max_hp_per_floor":[75,75,75,75,75,75,75,75,75,75,75,75,75,75,75,75,75,75,75,75,75,75,75,75,75,75,75,75],"relic_stats":{"Busted Crown":32,"counters":[10,40],"Black Star":1,"obtain_stats":[{"Ice Cream":0,"zeldaRelics:WisdomPiece":25,"ReplayTheSpireMod:CursedCoin":12,"Oddly Smooth Stone":11,"Burning Blood":0,"zeldaRelics:CourageTriforce":10,"zeldaRelics:WisdomTriforce":26,"Frozen Eye":0,"Busted Crown":0,"hubris:Icosahedron":2,"zeldaRelics:CouragePiece":8,"hubris:TenFootPole":12,"Black Star":17,"Grinning Jar":3,"REME_ComplimentaryCards":0},{"Ice Cream":0,"zeldaRelics:WisdomPiece":9,"ReplayTheSpireMod:CursedCoin":4,"Oddly Smooth Stone":4,"Burning Blood":0,"zeldaRelics:CourageTriforce":4,"zeldaRelics:WisdomTriforce":9,"Frozen Eye":0,"Busted Crown":0,"hubris:Icosahedron":1,"zeldaRelics:CouragePiece":3,"hubris:TenFootPole":4,"Black Star":6,"Grinning Jar":1,"REME_ComplimentaryCards":0},{"Ice Cream":0,"zeldaRelics:WisdomPiece":37,"ReplayTheSpireMod:CursedCoin":13,"Oddly Smooth Stone":13,"Burning Blood":0,"zeldaRelics:CourageTriforce":13,"zeldaRelics:WisdomTriforce":37,"Frozen Eye":0,"Busted Crown":0,"hubris:Icosahedron":3,"zeldaRelics:CouragePiece":11,"hubris:TenFootPole":13,"Black Star":21,"Grinning Jar":3,"REME_ComplimentaryCards":0}],"Burning Blood":49},"card_choices":[],"player_experience":1541064,"relics_obtained":[{"floor":8,"key":"zeldaRelics:CouragePiece"},{"floor":9,"key":"zeldaRelics:CouragePiece"},{"floor":10,"key":"zeldaRelics:CouragePiece"},{"floor":11,"key":"Oddly Smooth Stone"},{"floor":25,"key":"zeldaRelics:WisdomPiece"},{"floor":25,"key":"zeldaRelics:WisdomPiece"},{"floor":26,"key":"zeldaRelics:WisdomPiece"}],"event_choices":[{"damage_healed":0,"gold_gain":0,"player_choice":"Success","damage_taken":5,"relics_obtained":["Grinning Jar"],"max_hp_gain":0,"max_hp_loss":0,"event_name":"Scrap Ooze","floor":3,"gold_loss":0},{"damage_healed":0,"gold_gain":0,"player_choice":"Argue","damage_taken":0,"max_hp_gain":0,"max_hp_loss":0,"event_name":"conspire:LoneGhost","floor":4,"gold_loss":0},{"cards_removed":["Regret"],"damage_healed":0,"gold_gain":0,"player_choice":"Gave Gold","damage_taken":0,"max_hp_gain":0,"max_hp_loss":0,"event_name":"Beggar","floor":21,"gold_loss":75},{"damage_healed":0,"gold_gain":0,"player_choice":"Got Potions","damage_taken":0,"max_hp_gain":0,"max_hp_loss":0,"event_name":"Lab","floor":22,"gold_loss":0}],"is_beta":false,"boss_relics":[{"not_picked":["Snecko Eye","Runic Dome"],"picked":"Black Star"}],"items_purged_floors":[],"is_endless":false,"potions_floor_spawned":[1,7,8,25],"killed_by":"Nightmare","ascension_level":20}}