{"host":"tq7pufgtqftqw8yr","time":1609831168,"event":{"mods":["BaseMod","Downfall","Minty Spire (QoL Compilation)","StSLib"],"gold_per_floor":[99,110,122,122,132,57,57,71,71,87,100,85,116,116,132,227,227,227,240,240,250,263,263,263],"floor_reached":23,"playtime":2064,"items_purged":[],"score":212,"play_id":"7216c8fc-d317-4c47-a683-2cbf18ae423b","local_time":"20210105151928","is_ascension_mode":false,"campfire_choices":[{"floor":1.0,"key":"RECALL"},{"data":"sneckomod:Restock","floor":6.0,"key":"SMITH"},{"data":"sneckomod:UnknownRareAttack","floor":18,"key":"SMITH"}],"circlet_count":0,"master_deck":["sneckomod:Strike","sneckomod:Strike","sneckomod:Strike","sneckomod:Defend+1","sneckomod:Defend","sneckomod:Defend","sneckomod:TailWhip","sneckomod:SnekBite+1","sneckomod:Unknown","sneckomod:Unknown","sneckomod:Restock+1","sneckomod:ImprovisedAttack","sneckomod:UnknownBlock+1","Regret","sneckomod:Unknown0Cost","sneckomod:UnknownExhaust","Regret","sneckomod:UnknownClassPURPLE","sneckomod:UnknownClassRED","sneckomod:SerpentIdol","sneckomod:UnknownStrength+1","sneckomod:UnknownClassGUARDIAN","sneckomod:UnknownRareAttack+1","sneckomod:DiceCrush+1","sneckomod:DiceBlock","sneckomod:Unknown2Cost+1"],"relics":["sneckomod:SuperSneckoSoul","Pen Nib","downfall:HeartBlessingRed","Mummified Hand","Ornamental Fan"],"acts_visited":["Exordium","TheCity"],"potions_floor_usage":[23,23],"damage_taken":[{"damage":0.0,"enemies":"Small Slimes","floor":2.0,"turns":2.0},{"damage":6.0,"enemies":"Jaw Worm","floor":3.0,"turns":3.0},{"damage":12.0,"enemies":"2 Louse","floor":5.0,"turns":3.0},{"damage":3.0,"enemies":"Exordium Wildlife","floor":8.0,"turns":3.0},{"damage":2.0,"enemies":"Gremlin Gang","floor":10.0,"turns":3.0},{"damage":2,"enemies":"Exordium Thugs","floor":11,"turns":3},{"damage":3,"enemies":"downfall:FleeingMerchant","floor":12,"turns":4},{"damage":8,"enemies":"3 Louse","floor":13,"turns":2},{"damage":11,"enemies":"Blue Slaver","floor":15,"turns":3},{"damage":35,"enemies":"downfall:Silent","floor":16,"turns":5},{"damage":23,"enemies":"Shell Parasite","floor":19,"turns":4},{"damage":2,"enemies":"Chosen","floor":21,"turns":3},{"damage":32,"enemies":"Snake Plant","floor":22,"turns":3},{"damage":17,"enemies":"Sentry and Sphere","floor":23,"turns":5}],"seed_played":"7009637717616852895","potions_obtained":[{"floor":5.0,"key":"Weak Potion"},{"floor":8.0,"key":"EssenceOfSteel"},{"floor":10.0,"key":"LiquidMemories"},{"floor":13,"key":"Slimebound:ThreeZeroPotion"}],"is_trial":false,"path_per_floor":["R","M","M","?","M","R","T","M","?","M","M","$","M","?","M","B",null,"R","M","?","M","M","M"],"character_chosen":"THE_SNECKO","items_purchased":[],"campfire_rested":0,"item_purchase_floors":[],"current_hp_per_floor":[90,90,85,85,74,74,74,72,72,76,75,72,65,65,55,25,118,118,95,95,93,61,54,54],"gold":263,"neow_bonus":"ONE_RANDOM_RARE_CARD","is_daily":false,"chose_seed":false,"campfire_upgraded":2,"win_rate":0.0,"timestamp":1609831168,"path_taken":["R","M","M","?","M","R","T","M","?","?","M","$","M","?","M","BOSS","R","M","?","M","M","M"],"items_purchased_type":[],"build_version":"2020-12-22","purchased_purges":0,"victory":false,"max_hp_per_floor":[90,90,91,91,92,92,92,93,93,94,95,95,96,96,97,98,118,118,118,118,118,118,118,118],"card_choices":[{"not_picked":["sneckomod:WideSting","sneckomod:UnknownCommonAttack"],"picked":"sneckomod:ImprovisedAttack","floor":2.0},{"not_picked":["sneckomod:DiceBoulder","sneckomod:RainOfDice"],"picked":"sneckomod:UnknownBlock","floor":3.0},{"not_picked":["sneckomod:Nope","sneckomod:UnknownBlock"],"picked":"sneckomod:Unknown0Cost","floor":5.0},{"not_picked":["sneckomod:SoulRoll","sneckomod:ImprovisedAttack"],"picked":"sneckomod:UnknownExhaust","floor":8.0},{"not_picked":["sneckomod:UnknownCommonSkill","sneckomod:Unknown1Cost"],"picked":"sneckomod:UnknownClassPURPLE","floor":10.0},{"not_picked":["sneckomod:QuickBite","sneckomod:UnknownClassHEXA_GHOST_PURPLE"],"picked":"sneckomod:UnknownClassRED","floor":11},{"not_picked":["sneckomod:UnknownCommonAttack","sneckomod:UnknownClassTHE_CHAMP_GRAY"],"picked":"sneckomod:SerpentIdol","floor":12},{"not_picked":["sneckomod:UnknownStrike","sneckomod:WideSting"],"picked":"sneckomod:UnknownStrength","floor":13},{"not_picked":["sneckomod:UnknownCommonAttack","sneckomod:UnknownClassPURPLE"],"picked":"sneckomod:UnknownClassGUARDIAN","floor":15},{"not_picked":["sneckomod:UnknownColorless","sneckomod:DangerNoodle"],"picked":"sneckomod:UnknownRareAttack","floor":16},{"not_picked":["sneckomod:ImprovisedGuard","sneckomod:UnknownDexterity"],"picked":"sneckomod:DiceCrush+1","floor":19},{"not_picked":["sneckomod:ImprovisedAttack","sneckomod:UnknownCommonSkill"],"picked":"sneckomod:DiceBlock","floor":21},{"not_picked":["sneckomod:UnknownVulnerable","sneckomod:RainOfDice"],"picked":"sneckomod:Unknown2Cost+1","floor":22}],"player_experience":784235,"relics_obtained":[{"floor":7.0,"key":"Mummified Hand"}],"event_choices":[{"damage_healed":0.0,"max_hp_gain":0.0,"max_hp_loss":0.0,"gold_gain":0.0,"event_name":"Big Fish","player_choice":"Box","floor":4.0,"gold_loss":0.0,"damage_taken":0.0,"relics_obtained":["Pen Nib"],"cards_obtained":["Regret"]},{"damage_healed":0,"gold_gain":0,"player_choice":"Upgraded","damage_taken":0,"max_hp_gain":0,"max_hp_loss":0,"event_name":"Upgrade Shrine","floor":20,"gold_loss":0,"cards_upgraded":["sneckomod:UnknownStrength"]}],"is_beta":false,"boss_relics":[{"not_picked":["downfall:Hecktoplasm","Runic Pyramid"],"picked":"sneckomod:SuperSneckoSoul"}],"items_purged_floors":[],"is_endless":false,"potions_floor_spawned":[5,8,10,13,15,22],"killed_by":"Sentry and Sphere","ascension_level":0}}