{"host":"hwdg34753f7m8ow2","time":1609869324,"event":{"mods":["AchievementEnabler","BaseMod","Koishi","Marisa????????","Minty Spire (QoL Compilation)","Permanent Neow","Quick Restart","Shop Mod","StSLib","The Senshi","The Servant 0.9.4"],"gold_per_floor":[10,10,10,10,10,42,67,79,91,137,179,148,178,190,202,315,327,358,380,392,404,416,428,95,127,127,127,127],"floor_reached":27,"playtime":661,"items_purged":[],"score":270,"play_id":"6795b3d4-22f7-47a6-b066-8dcbb5640044","local_time":"20210105105524","is_ascension_mode":true,"campfire_choices":[{"data":"theSenshi:MoonKick","floor":8,"key":"SMITH"},{"data":"theSenshi:MoonPrincessHalation","floor":15,"key":"SMITH"},{"floor":23,"key":"REST"}],"circlet_count":0,"master_deck":["theSenshi:SailorKick","theSenshi:SailorKick","theSenshi:SailorKick","theSenshi:SailorKick","theSenshi:SailorBlock","theSenshi:SailorBlock","theSenshi:SailorBlock","theSenshi:SailorBlock","theSenshi:RoseThrow","theSenshi:MoonPrismPowerMakeUp","theSenshi:SailorStarFighterAssists","theSenshi:MoonKick+1","theSenshi:EncouragingSpeech","theSenshi:TallSilhouette","theSenshi:SailorJupiterAssists","theSenshi:MoonPrincessHalation+1","theSenshi:FatedKiss","theSenshi:MoonPower+1","theSenshi:VenusGlamour+1","J.A.X.","Necronomicurse","theSenshi:Sidestep"],"relics":["theSenshi:TransformationBroochRelic","StoneCalendar","Meat on the Bone","MawBank","Bottled Tornado","Juzu Bracelet","Odd Mushroom","Philosopher\u0027s Stone","Necronomicon","Ice Cream","Shuriken","Happy Flower"],"acts_visited":["Exordium","TheCity"],"potions_floor_usage":[16],"damage_taken":[{"damage":0,"enemies":"Cultist","floor":1,"turns":4},{"damage":36,"enemies":"Gremlin Nob","floor":6,"turns":5},{"damage":3,"enemies":"Jaw Worm","floor":7,"turns":4},{"damage":28,"enemies":"3 Sentries","floor":10,"turns":6},{"damage":10,"enemies":"The Mushroom Lair","floor":11,"turns":3},{"damage":2,"enemies":"Small Slimes","floor":13,"turns":2},{"damage":32,"enemies":"Slime Boss","floor":16,"turns":7},{"damage":24,"enemies":"Chosen","floor":18,"turns":5},{"damage":16,"enemies":"Spheric Guardian","floor":19,"turns":4},{"damage":52,"enemies":"Slavers","floor":25,"turns":4},{"damage":14,"enemies":"Gremlin Leader","floor":27,"turns":1}],"seed_played":"4742488907309321693","potions_obtained":[{"floor":1,"key":"SpeedPotion"},{"floor":11,"key":"FearPotion"},{"floor":13,"key":"AttackPotion"}],"is_trial":false,"path_per_floor":["M","$","?","?","$","E","M","R","T","E","?","?","M","?","R","B",null,"M","M","?","?","?","R","$","E","T","E"],"character_chosen":"THE_SENSHI","items_purchased":["Ice Cream","theSenshi:Sidestep"],"campfire_rested":1,"item_purchase_floors":[24,24],"current_hp_per_floor":[75,75,75,75,75,39,48,48,48,32,34,34,44,69,69,49,75,51,47,47,31,31,53,53,13,13,0,0],"gold":127,"neow_bonus":"ONE_RARE_RELIC","is_daily":false,"chose_seed":false,"campfire_upgraded":2,"win_rate":0.0,"timestamp":1609869324,"path_taken":["M","?","?","?","$","E","?","R","T","E","?","?","M","?","R","BOSS","M","M","?","?","?","R","$","E","T","E"],"items_purchased_type":["Relic","Card"],"build_version":"2020-12-22","purchased_purges":0,"victory":false,"max_hp_per_floor":[75,75,75,75,75,75,75,75,75,75,75,75,75,75,75,75,75,75,75,75,75,75,75,75,75,75,75,75],"card_choices":[{"not_picked":["theSenshi:MoonlightKnight","theSenshi:MoonPrincessHalation"],"picked":"theSenshi:SailorStarFighterAssists","floor":1},{"not_picked":["theSenshi:SailorStarMakerAssists","theSenshi:SailorPlanetAttack"],"picked":"theSenshi:MoonKick","floor":6},{"not_picked":["theSenshi:MoonlightKnight","theSenshi:SailorPlanetPower"],"picked":"theSenshi:EncouragingSpeech","floor":7},{"not_picked":["theSenshi:MoonPower","theSenshi:TuxedoMaskAssists"],"picked":"theSenshi:TallSilhouette","floor":10},{"not_picked":["theSenshi:LateForSchool","theSenshi:NeptunesGrace"],"picked":"theSenshi:SailorJupiterAssists","floor":11},{"not_picked":["theSenshi:LateForSchool","theSenshi:SailorVenusAssists"],"picked":"theSenshi:MoonPrincessHalation","floor":13},{"not_picked":["theSenshi:StudyParty","theSenshi:MoonEternalMakeUp"],"picked":"theSenshi:FatedKiss","floor":16},{"not_picked":["theSenshi:SailorMarsAssists","theSenshi:GatheringStrength"],"picked":"theSenshi:MoonPower+1","floor":18},{"not_picked":["theSenshi:PlutosSolemnity","theSenshi:MoonPower"],"picked":"theSenshi:VenusGlamour+1","floor":19},{"not_picked":["theSenshi:SailorVenusAssists","theSenshi:SailorChibiMoonAssists","theSenshi:MoonCrisisMakeUp"],"picked":"SKIP","floor":25}],"player_experience":724641,"relics_obtained":[{"floor":6,"key":"MawBank"},{"floor":9,"key":"Bottled Tornado"},{"floor":10,"key":"Juzu Bracelet"},{"floor":11,"key":"Odd Mushroom"},{"floor":21,"key":"Necronomicon"},{"floor":25,"key":"Shuriken"},{"floor":26,"key":"Happy Flower"}],"event_choices":[{"damage_healed":0,"gold_gain":0,"player_choice":"Ignored","damage_taken":0,"max_hp_gain":0,"max_hp_loss":0,"event_name":"Golden Wing","floor":3,"gold_loss":0},{"damage_healed":0,"gold_gain":0,"player_choice":"Gave Potion","damage_taken":0,"relics_obtained":["Meat on the Bone"],"max_hp_gain":0,"max_hp_loss":0,"event_name":"WeMeetAgain","floor":4,"gold_loss":0},{"damage_healed":0,"gold_gain":0,"player_choice":"Fought Mushrooms","damage_taken":0,"max_hp_gain":0,"max_hp_loss":0,"event_name":"Mushrooms","floor":11,"gold_loss":0},{"damage_healed":0,"gold_gain":0,"player_choice":"Left Gold","damage_taken":0,"max_hp_gain":0,"max_hp_loss":0,"event_name":"World of Goop","floor":12,"gold_loss":43},{"damage_healed":25,"gold_gain":0,"player_choice":"Banana","damage_taken":0,"max_hp_gain":0,"max_hp_loss":0,"event_name":"Big Fish","floor":14,"gold_loss":0},{"damage_healed":0,"gold_gain":0,"player_choice":"Obtain J.A.X.","damage_taken":0,"max_hp_gain":0,"max_hp_loss":0,"event_name":"Drug Dealer","floor":20,"gold_loss":0,"cards_obtained":["J.A.X."]},{"damage_healed":0,"gold_gain":0,"player_choice":"Obtained Book","damage_taken":16,"max_hp_gain":0,"max_hp_loss":0,"event_name":"Cursed Tome","floor":21,"gold_loss":0},{"damage_healed":0,"gold_gain":0,"player_choice":"Ignored","damage_taken":0,"max_hp_gain":0,"max_hp_loss":0,"event_name":"Vampires","floor":22,"gold_loss":0}],"is_beta":false,"boss_relics":[{"not_picked":["Velvet Choker","Fusion Hammer"],"picked":"Philosopher\u0027s Stone"}],"items_purged_floors":[],"is_endless":false,"potions_floor_spawned":[1,11,13],"killed_by":"Gremlin Leader","ascension_level":3}}