{"host":"cv77zuuuekizn3ic","time":1609838233,"event":{"mods":["AchievementEnabler","BaseMod","Marisa£®ÏF”Í°°ƒß¿Ì…≥£©","Minty Spire (QoL Compilation)","StSLib","Waifu the Spire","everything is the same but u backflip on backflip","slay the spire mod where everything is the same but ironclad has a cowboy hat"],"gold_per_floor":[15,15,15,34,34,34,34,72,99,99,199,222,245,195,195,293,293,316,316,146,161,185,185,185,185],"floor_reached":24,"playtime":1166,"items_purged":["Defend_B"],"score":320,"play_id":"5527dfaa-146d-4c75-bc29-22994f246b60","local_time":"20210105171713","is_ascension_mode":true,"campfire_choices":[{"data":"Fusion","floor":6.0,"key":"SMITH"},{"data":"Zap","floor":10,"key":"SMITH"},{"floor":15,"key":"REST"},{"data":"Dualcast","floor":23,"key":"SMITH"}],"circlet_count":0,"master_deck":["AscendersBane","Defend_B","Defend_B","Defend_B","Zap+1","Dualcast+1","Auto Shields","Fusion+1","Go for the Eyes+1","Compile Driver","Compile Driver","Echo Form","Fission","Core Surge","Sunder","Redo","Leap+1","Streamline"],"relics":["Cracked Core","Golden Idol","Boot","Dream Catcher","Runic Pyramid"],"acts_visited":["Exordium","TheCity"],"potions_floor_usage":[8,21,24],"damage_taken":[{"damage":3.0,"enemies":"2 Louse","floor":1.0,"turns":3.0},{"damage":1.0,"enemies":"Jaw Worm","floor":4.0,"turns":5.0},{"damage":23,"enemies":"Gremlin Nob","floor":8,"turns":5},{"damage":0,"enemies":"Cultist","floor":12,"turns":4},{"damage":13,"enemies":"Exordium Thugs","floor":13,"turns":5},{"damage":42,"enemies":"Slime Boss","floor":16,"turns":12},{"damage":10,"enemies":"3 Byrds","floor":18,"turns":5},{"damage":19,"enemies":"2 Thieves","floor":21,"turns":4},{"damage":0,"enemies":"Shelled Parasite and Fungi","floor":22,"turns":6},{"damage":25,"enemies":"Slavers","floor":24,"turns":2}],"seed_played":"-3737449939584054368","potions_obtained":[{"floor":4.0,"key":"Dexterity Potion"},{"floor":12,"key":"SteroidPotion"},{"floor":13,"key":"Strength Potion"},{"floor":18,"key":"Swift Potion"},{"floor":21,"key":"SteroidPotion"}],"is_trial":false,"path_per_floor":["M","?","?","M","T","R","?","E","T","R","?","M","M","?","R","B",null,"M","?","$","M","M","R","E"],"character_chosen":"DEFECT","items_purchased":["Sunder","Redo"],"campfire_rested":1,"item_purchase_floors":[20,20],"current_hp_per_floor":[65,65,65,64,64,64,64,41,41,41,41,41,28,28,48,6,53,43,43,43,24,24,24,0,0],"gold":185,"neow_bonus":"TRANSFORM_TWO_CARDS","is_daily":false,"chose_seed":false,"campfire_upgraded":3,"win_rate":0.0,"timestamp":1609838233,"path_taken":["M","?","?","?","?","R","?","E","T","R","?","M","?","?","R","BOSS","M","?","$","M","M","R","E"],"items_purchased_type":["Card","Card"],"build_version":"2020-12-22","purchased_purges":1,"victory":false,"max_hp_per_floor":[75,69,69,69,69,69,69,69,69,69,69,69,69,69,69,69,69,69,69,69,69,69,69,69,69],"card_choices":[{"not_picked":["Turbo","Loop"],"picked":"Go for the Eyes","floor":1.0},{"not_picked":["Gash","White Noise"],"picked":"Compile Driver","floor":4.0},{"not_picked":["Darkness","Melter","Blizzard"],"picked":"SKIP","floor":8},{"not_picked":["Auto Shields","Aggregate"],"picked":"Compile Driver","floor":12},{"not_picked":["Beam Cell","Leap"],"picked":"Echo Form","floor":13},{"not_picked":["Ball Lightning","Hologram"],"picked":"Fission","floor":15},{"not_picked":["All For One","Fission"],"picked":"Core Surge","floor":16},{"not_picked":["Steam","Go for the Eyes","Stack"],"picked":"SKIP","floor":18},{"not_picked":["Gash","Compile Driver"],"picked":"Leap+1","floor":21},{"not_picked":["Leap","Redo"],"picked":"Streamline","floor":22}],"player_experience":739907,"relics_obtained":[{"floor":5.0,"key":"Boot"},{"floor":8,"key":"Dream Catcher"}],"event_choices":[{"damage_healed":0.0,"max_hp_gain":0.0,"max_hp_loss":6.0,"gold_gain":0.0,"event_name":"Golden Idol","player_choice":"Lose Max HP","floor":2.0,"gold_loss":0.0,"damage_taken":0.0,"relics_obtained":["Golden Idol"]},{"damage_healed":0.0,"max_hp_gain":0.0,"max_hp_loss":0.0,"gold_gain":0.0,"event_name":"Upgrade Shrine","player_choice":"Upgraded","floor":3.0,"gold_loss":0.0,"damage_taken":0.0,"cards_upgraded":["Go for the Eyes"]},{"cards_removed":["Strike_B"],"damage_healed":0,"gold_gain":0,"player_choice":"Forget","damage_taken":0,"max_hp_gain":0,"max_hp_loss":0,"event_name":"Living Wall","floor":7,"gold_loss":0},{"damage_healed":0,"gold_gain":100,"player_choice":"Pray","damage_taken":0,"max_hp_gain":0,"max_hp_loss":0,"event_name":"Golden Shrine","floor":11,"gold_loss":0},{"cards_removed":["Strike_B"],"damage_healed":0,"gold_gain":0,"player_choice":"Card Removal","damage_taken":0,"max_hp_gain":0,"max_hp_loss":0,"event_name":"The Cleric","floor":14,"gold_loss":50},{"damage_healed":0,"gold_gain":0,"player_choice":"Ignored","damage_taken":0,"max_hp_gain":0,"max_hp_loss":0,"event_name":"Vampires","floor":19,"gold_loss":0}],"is_beta":false,"boss_relics":[{"not_picked":["Snecko Eye","Black Star"],"picked":"Runic Pyramid"}],"items_purged_floors":[20],"is_endless":false,"potions_floor_spawned":[4,12,13,18,21],"killed_by":"Slavers","ascension_level":13}}