{"host":"i4eavuqabbk5mi94","time":1609879215,"event":{"mods":["BaseMod","Googly Eyes","Minty Spire (QoL Compilation)"],"gold_per_floor":[117,117,132,151,167,167,167,167,216,216,233,266,282,382,382,483,483,496,512,31,130,130,161,161,161,161,161,161,161,161,189,189,290,290,307,132,132,147,147,147,179,3,48,48,81,105,122,152,152,152],"floor_reached":51,"playtime":15006,"items_purged":["Strike_G","Strike_G","Defend_G"],"score":860,"play_id":"c0b5b536-400b-456f-9f95-d590002faed0","local_time":"20210105204015","is_ascension_mode":true,"campfire_choices":[{"data":"Cloak And Dagger","floor":6,"key":"SMITH"},{"data":"Quick Slash","floor":8,"key":"SMITH"},{"data":"Blade Dance","floor":10,"key":"SMITH"},{"data":"Footwork","floor":15,"key":"SMITH"},{"data":"Noxious Fumes","floor":24,"key":"SMITH"},{"data":"PiercingWail","floor":27,"key":"SMITH"},{"data":"Caltrops","floor":30,"key":"SMITH"},{"floor":32,"key":"REST"},{"floor":40,"key":"REST"},{"data":"Accuracy","floor":44,"key":"SMITH"},{"floor":49,"key":"REST"}],"circlet_count":0,"master_deck":["Strike_G+1","Strike_G","Defend_G+1","Defend_G","Defend_G+1","Survivor","Neutralize+1","Cloak And Dagger+1","Quick Slash+1","Blade Dance+1","Footwork+1","Flying Knee","PiercingWail+1","Bullet Time","Bouncing Flask","Apotheosis","Noxious Fumes+1","Caltrops+1","Noxious Fumes+1","Footwork+1","Accuracy+1","Riddle With Holes+1","Footwork+1","Dodge and Roll+1"],"relics":["Ring of the Snake","Torii","Toy Ornithopter","Bronze Scales","Snecko Eye","Tiny Chest","Letter Opener","Gremlin Horn","Eternal Feather","Tough Bandages","Empty Cage","War Paint","Centennial Puzzle","Nunchaku","Bag of Preparation","Whetstone"],"acts_visited":["Exordium","TheCity","TheBeyond"],"potions_floor_usage":[11,12,16,23,33,38,41,41,45,50],"damage_taken":[{"damage":4,"enemies":"2 Louse","floor":1,"turns":3},{"damage":1,"enemies":"Cultist","floor":3,"turns":5},{"damage":0,"enemies":"Small Slimes","floor":4,"turns":3},{"damage":1,"enemies":"Exordium Thugs","floor":5,"turns":5},{"damage":7,"enemies":"Exordium Wildlife","floor":11,"turns":3},{"damage":7,"enemies":"Lagavulin","floor":12,"turns":6},{"damage":6,"enemies":"2 Fungi Beasts","floor":13,"turns":3},{"damage":27,"enemies":"Slime Boss","floor":16,"turns":10},{"damage":0,"enemies":"Shell Parasite","floor":18,"turns":4},{"damage":0,"enemies":"2 Thieves","floor":19,"turns":4},{"damage":4,"enemies":"Slavers","floor":23,"turns":5},{"damage":22,"enemies":"Gremlin Leader","floor":31,"turns":5},{"damage":28,"enemies":"Automaton","floor":33,"turns":9},{"damage":28,"enemies":"3 Shapes","floor":35,"turns":5},{"damage":18,"enemies":"3 Darklings","floor":38,"turns":4},{"damage":20,"enemies":"Reptomancer","floor":41,"turns":5},{"damage":21,"enemies":"Nemesis","floor":45,"turns":7},{"damage":20,"enemies":"4 Shapes","floor":47,"turns":3},{"damage":8,"enemies":"Reptomancer","floor":48,"turns":5},{"damage":21,"enemies":"Awakened One","floor":50,"turns":14}],"seed_played":"-5285617163854775199","potions_obtained":[{"floor":1,"key":"AttackPotion"},{"floor":3,"key":"AttackPotion"},{"floor":4,"key":"CultistPotion"},{"floor":12,"key":"PowerPotion"},{"floor":31,"key":"Weak Potion"},{"floor":33,"key":"Poison Potion"},{"floor":35,"key":"BlessingOfTheForge"},{"floor":38,"key":"ColorlessPotion"},{"floor":47,"key":"GhostInAJar"}],"is_trial":false,"path_per_floor":["M","?","M","M","M","R","?","R","T","R","M","E","M","?","R","B",null,"M","M","$","?","?","E","R","?","T","R","T","?","R","E","R","B",null,"M","$","?","M","?","R","E","$","T","R","E","T","M","E","R","B",null],"character_chosen":"THE_SILENT","items_purchased":["Apotheosis","Noxious Fumes","Tiny Chest","Accuracy","SkillPotion"],"campfire_rested":3,"item_purchase_floors":[20,20,20,36,42],"current_hp_per_floor":[66,66,65,65,64,64,64,64,64,64,62,60,54,54,54,32,70,70,70,70,70,70,67,67,67,67,67,67,54,66,44,75,47,75,47,47,47,34,34,68,55,55,55,67,51,51,31,23,57,41],"gold":152,"neow_bonus":"ONE_RARE_RELIC","is_daily":false,"chose_seed":false,"campfire_upgraded":8,"win_rate":0.0,"timestamp":1609879215,"path_taken":["M","?","?","M","M","R","?","R","T","R","?","E","M","?","R","BOSS","M","M","$","?","?","E","R","?","T","R","?","?","R","E","R","BOSS","M","$","?","M","?","R","E","$","T","R","E","?","M","E","R","BOSS"],"items_purchased_type":["Card","Card","Relic","Card","Potion"],"build_version":"2020-12-22","purchased_purges":3,"victory":true,"max_hp_per_floor":[70,70,70,70,70,70,70,70,70,70,70,70,70,70,70,70,70,70,70,70,70,70,70,70,70,70,70,70,75,75,75,75,75,75,75,75,75,75,75,75,75,75,75,75,75,75,75,75,75,75],"card_choices":[{"not_picked":["Calculated Gamble","Predator"],"picked":"Dagger Throw","floor":1},{"not_picked":["Masterful Stab","Dagger Spray"],"picked":"Cloak And Dagger","floor":3},{"not_picked":["Slice","Distraction"],"picked":"Quick Slash","floor":4},{"not_picked":["Dagger Throw","Deadly Poison"],"picked":"Blade Dance","floor":5},{"not_picked":["Dash","Deadly Poison"],"picked":"Footwork","floor":11},{"not_picked":["Blade Dance","Grand Finale"],"picked":"Flying Knee","floor":12},{"not_picked":["Slice","Backflip"],"picked":"PiercingWail","floor":13},{"not_picked":["Storm of Steel","Unload"],"picked":"Bullet Time","floor":16},{"not_picked":["Flechettes+1","Backflip"],"picked":"Bouncing Flask","floor":18},{"not_picked":["Prepared","Acrobatics","Slice"],"picked":"SKIP","floor":19},{"not_picked":["Outmaneuver","Masterful Stab","Well Laid Plans"],"picked":"SKIP","floor":23},{"not_picked":["Slice","Dodge and Roll","Cloak And Dagger+1"],"picked":"SKIP","floor":31},{"not_picked":["Flying Knee+1","Sucker Punch+1"],"picked":"Footwork+1","floor":35},{"not_picked":["Heel Hook+1","Bane+1","Burst"],"picked":"SKIP","floor":38},{"not_picked":["Prepared","PiercingWail","Acrobatics+1"],"picked":"SKIP","floor":41},{"not_picked":["Sucker Punch","PiercingWail"],"picked":"Riddle With Holes","floor":45},{"not_picked":["Backflip+1","Quick Slash"],"picked":"Footwork+1","floor":47},{"not_picked":["Noxious Fumes+1","Quick Slash"],"picked":"Dodge and Roll+1","floor":48}],"player_experience":374883,"relics_obtained":[{"floor":9,"key":"Toy Ornithopter"},{"floor":12,"key":"Bronze Scales"},{"floor":23,"key":"Letter Opener"},{"floor":26,"key":"Gremlin Horn"},{"floor":28,"key":"Eternal Feather"},{"floor":31,"key":"Tough Bandages"},{"floor":41,"key":"War Paint"},{"floor":43,"key":"Centennial Puzzle"},{"floor":45,"key":"Nunchaku"},{"floor":46,"key":"Bag of Preparation"},{"floor":48,"key":"Whetstone"}],"event_choices":[{"damage_healed":0,"gold_gain":0,"player_choice":"Upgraded","damage_taken":0,"max_hp_gain":0,"max_hp_loss":0,"event_name":"Upgrade Shrine","floor":2,"gold_loss":0,"cards_upgraded":["Neutralize"]},{"cards_removed":["Decay"],"damage_healed":0,"gold_gain":0,"player_choice":"Purged","damage_taken":0,"max_hp_gain":0,"max_hp_loss":0,"event_name":"Purifier","floor":7,"gold_loss":0},{"damage_healed":0,"gold_gain":100,"player_choice":"Pray","damage_taken":0,"max_hp_gain":0,"max_hp_loss":0,"event_name":"Golden Shrine","floor":14,"gold_loss":0},{"damage_healed":0,"gold_gain":99,"player_choice":"Stole From Cult","damage_taken":0,"max_hp_gain":0,"max_hp_loss":0,"event_name":"Nest","floor":21,"gold_loss":0},{"damage_healed":0,"gold_gain":0,"player_choice":"Read","damage_taken":0,"max_hp_gain":0,"max_hp_loss":0,"event_name":"The Library","floor":22,"gold_loss":0,"cards_obtained":["Caltrops"]},{"damage_healed":0,"gold_gain":0,"player_choice":"Copied","damage_taken":0,"max_hp_gain":0,"max_hp_loss":0,"event_name":"Duplicator","floor":25,"gold_loss":0,"cards_obtained":["Noxious Fumes"]},{"damage_healed":0,"gold_gain":0,"player_choice":"Shed Blood","damage_taken":18,"max_hp_gain":5,"max_hp_loss":0,"event_name":"Forgotten Altar","floor":29,"gold_loss":0},{"damage_healed":0,"gold_gain":0,"player_choice":"Ignored","damage_taken":0,"max_hp_gain":0,"max_hp_loss":0,"event_name":"Tomb of Lord Red Mask","floor":37,"gold_loss":0},{"cards_removed":["Dagger Throw"],"damage_healed":0,"gold_gain":0,"player_choice":"Removed Attack","damage_taken":0,"max_hp_gain":0,"max_hp_loss":0,"event_name":"Falling","floor":39,"gold_loss":0}],"is_beta":false,"boss_relics":[{"not_picked":["Busted Crown","HoveringKite"],"picked":"Snecko Eye"},{"not_picked":["Sozu","Pandora\u0027s Box"],"picked":"Empty Cage"}],"items_purged_floors":[20,36,42],"is_endless":false,"potions_floor_spawned":[1,3,4,12,31,33,35,38,47],"ascension_level":4}}