{"host":"hemshb5b6cie9gjx","time":1609839960,"event":{"mods":["2.2 Compatiblity","BaseMod","Better Match","Better Note","Better Sensory Stone","Better Third Choice","Better Vampires","BetterRewards","Colored Map","Colored Powertips","DeckTracker","Googly Eyes","Hubris","Minty Spire (QoL Compilation)","Permanent Neow","Random Character Button","Relic Stats","Replay The Spire","StSLib","SuperFastMode","Uncapped","slay the spire mod where everything is the same but ironclad has a cowboy hat"],"gold_per_floor":[112,127,127,127,145,145,45,66,90,151,151,232,307,321,321,450,450,470,470,470,116,134,134,159,159,228,143,68,32,67,67,67,195,195,214,238,238,571,44,44,44,44],"floor_reached":41,"playtime":1306,"items_purged":["Amnesia"],"score":607,"play_id":"277f5512-7741-46f1-b58a-ced7be1fc665","local_time":"20210105204600","is_ascension_mode":false,"campfire_choices":[{"floor":6,"key":"REST"},{"floor":11,"key":"REST"},{"floor":15,"key":"REST"},{"floor":23,"key":"REST"},{"floor":25,"key":"REST"},{"floor":32,"key":"REST"},{"floor":40,"key":"REST"}],"circlet_count":0,"master_deck":["Strike_B","Strike_B","Strike_B","Strike_B","Defend_B+1","Defend_B","Defend_B+1","Defend_B","Zap","Dualcast","Crystallizer","Fusion","Coolheaded","Leap","ReplayTheSpireMod:Calculation Training","Self Repair","Hologram","ReplayTheSpireMod:Calculation Training","Streamline","Redo","Echo Form","Ball Lightning+1","Cold Snap","Loop","Coolheaded","Blizzard","Flash of Steel","Leap","ReplayTheSpireMod:Reroute Power+1","FIFO Queue+1","Chill","Machine Learning+1","Leap+1","Auto Shields+1","hubris:EnhanceAbility+1","Conserve Battery+1"],"relics":["Cracked Core","Ring of Fury","ReplayTheSpireMod:Ring of Collecting","ReplayTheSpireMod:Ring of Challenge","Boot","Toy Ornithopter","Fusion Hammer","StrikeDummy","Golden Egg","Nunchaku","Geode","hubris:HollowSoul","Simple Rune","Toolbox"],"acts_visited":["Exordium","TheCity","TheBeyond"],"potions_floor_usage":[10,10,12,41,41],"damage_taken":[{"damage":7,"enemies":"Small Slimes","floor":1,"turns":3},{"damage":7,"enemies":"2 Louse","floor":2,"turns":2},{"damage":6,"enemies":"Cultist","floor":5,"turns":3},{"damage":23,"enemies":"Exordium Thugs","floor":8,"turns":6},{"damage":7,"enemies":"Blue Slaver","floor":10,"turns":4},{"damage":16,"enemies":"Replay:BlueRogue","floor":12,"turns":7},{"damage":18,"enemies":"3 Louse","floor":14,"turns":3},{"damage":30,"enemies":"The Guardian","floor":16,"turns":13},{"damage":8,"enemies":"Shell Parasite","floor":18,"turns":7},{"damage":27,"enemies":"Chosen","floor":22,"turns":5},{"damage":4,"enemies":"Snecko","floor":24,"turns":6},{"damage":20,"enemies":"Book of Stabbing","floor":30,"turns":7},{"damage":47,"enemies":"hubris:MusketHawk","floor":33,"turns":10},{"damage":42,"enemies":"3 Darklings","floor":35,"turns":7},{"damage":23,"enemies":"3 Shapes","floor":36,"turns":5},{"damage":14,"enemies":"Reptomancer","floor":41,"turns":2}],"seed_played":"5069133547544226365","potions_obtained":[{"floor":1,"key":"ColorlessPotion"},{"floor":5,"key":"ColorlessPotion"},{"floor":8,"key":"LifebloodPotion"},{"floor":24,"key":"Doom Potion"},{"floor":33,"key":"Ancient Potion"},{"floor":35,"key":"SkillPotion"}],"is_trial":false,"path_per_floor":["M","M","?","?","M","R","$","M","T","M","R","E","?","M","R","B",null,"M","?","T","$","M","R","M","R","T","?","?","$","E","$","R","B",null,"M","M","?","?","$","R","E"],"character_chosen":"DEFECT","items_purchased":["Crystallizer","Fusion","Coolheaded","Self Repair","Hologram","Loop","Coolheaded","Blizzard","Flash of Steel","FIFO Queue","hubris:EnhanceAbility","Conserve Battery","Simple Rune","Toolbox"],"campfire_rested":7,"item_purchase_floors":[0,0,0,7,7,21,21,21,21,29,39,39,39,39],"current_hp_per_floor":[41,34,34,34,28,48,48,32,32,32,52,43,32,14,34,11,69,68,68,68,68,55,69,69,69,69,69,69,69,63,63,69,29,69,41,25,25,25,25,45,0,0],"gold":44,"neow_bonus":"","is_daily":false,"chose_seed":false,"campfire_upgraded":0,"win_rate":0.0,"timestamp":1609839960,"path_taken":["M","M","?","?","M","R","$","M","T","M","R","E","?","M","R","BOSS","M","?","?","?","M","R","?","R","T","?","?","$","E","$","R","BOSS","M","M","?","?","$","R","E"],"items_purchased_type":["Card","Card","Card","Card","Card","Card","Card","Card","Card","Card","Card","Card","Relic","Relic"],"build_version":"2020-12-22","purchased_purges":1,"victory":false,"max_hp_per_floor":[75,75,75,69,69,69,69,69,69,69,69,69,69,69,69,69,69,69,69,69,69,69,69,69,69,69,69,69,69,69,69,69,69,69,69,69,69,69,69,69,69,69],"relic_stats":{"Nunchaku":[4],"counters":[16,92],"Boot":[23],"obtain_stats":[{"Golden Egg":26,"Golden Idol":4,"hubris:HollowSoul":34,"Geode":30,"Boot":9,"Nunchaku":27,"ReplayTheSpireMod:Ring of Collecting":3,"Toolbox":39,"Ring of Fury":3,"Simple Rune":39,"Fusion Hammer":17,"ReplayTheSpireMod:Ring of Challenge":9,"Cracked Core":0,"StrikeDummy":20,"Toy Ornithopter":12},{"Golden Egg":11,"Golden Idol":2,"hubris:HollowSoul":13,"Geode":12,"Boot":4,"Nunchaku":11,"ReplayTheSpireMod:Ring of Collecting":2,"Toolbox":15,"Ring of Fury":2,"Simple Rune":15,"Fusion Hammer":8,"ReplayTheSpireMod:Ring of Challenge":4,"Cracked Core":0,"StrikeDummy":9,"Toy Ornithopter":6},{"Golden Egg":59,"Golden Idol":5,"hubris:HollowSoul":76,"Geode":66,"Boot":14,"Nunchaku":59,"ReplayTheSpireMod:Ring of Collecting":5,"Toolbox":88,"Ring of Fury":5,"Simple Rune":88,"Fusion Hammer":41,"ReplayTheSpireMod:Ring of Challenge":14,"Cracked Core":0,"StrikeDummy":48,"Toy Ornithopter":25}],"Toy Ornithopter":5},"card_choices":[{"not_picked":["Stack","Rip and Tear"],"picked":"Leap","floor":1},{"not_picked":["Steam","ReplayTheSpireMod:Repulse"],"picked":"ReplayTheSpireMod:Calculation Training","floor":2},{"not_picked":["Beam Cell","Go for the Eyes"],"picked":"Darkness","floor":5},{"not_picked":["Steam","Cold Snap"],"picked":"ReplayTheSpireMod:Calculation Training","floor":8},{"not_picked":["Biased Cognition","Steam Power"],"picked":"Streamline","floor":10},{"not_picked":["Sunder","Panic Button","Steam Power"],"picked":"SKIP","floor":12},{"not_picked":["Leap","Barrage"],"picked":"Redo","floor":14},{"not_picked":["Hyperbeam","ReplayTheSpireMod:Omega Cannon"],"picked":"Echo Form","floor":16},{"not_picked":["Gash+1","Rip and Tear"],"picked":"Ball Lightning+1","floor":18},{"not_picked":["Cold Snap","Stack"],"picked":"Leap","floor":22},{"not_picked":["Rebound","Stack+1"],"picked":"ReplayTheSpireMod:Reroute Power+1","floor":24},{"not_picked":["Compile Driver","Hyperbeam"],"picked":"Chill","floor":30},{"not_picked":["Creative AI","All For One"],"picked":"Machine Learning","floor":33},{"not_picked":["Go for the Eyes","Turbo+1"],"picked":"Leap+1","floor":35},{"not_picked":["Gash","Turbo+1"],"picked":"Auto Shields+1","floor":36}],"player_experience":463234,"relics_obtained":[{"floor":3,"key":"Ring of Fury"},{"floor":3,"key":"ReplayTheSpireMod:Ring of Collecting"},{"floor":9,"key":"ReplayTheSpireMod:Ring of Challenge"},{"floor":9,"key":"Boot"},{"floor":12,"key":"Toy Ornithopter"},{"floor":20,"key":"StrikeDummy"},{"floor":26,"key":"Golden Egg"},{"floor":30,"key":"Geode"}],"event_choices":[{"damage_healed":0,"gold_gain":0,"player_choice":"Lose Max HP","damage_taken":0,"relics_obtained":["Golden Idol"],"max_hp_gain":0,"max_hp_loss":6,"event_name":"Golden Idol","floor":4,"gold_loss":0},{"damage_healed":0,"gold_gain":75,"player_choice":"Gold","damage_taken":11,"max_hp_gain":0,"max_hp_loss":0,"event_name":"betterThird:BetterGoop","floor":13,"gold_loss":0},{"cards_removed":["Echo Form"],"damage_healed":0,"gold_gain":0,"player_choice":"Take \u0026 Give","damage_taken":0,"max_hp_gain":0,"max_hp_loss":0,"event_name":"betterNote:BetterNote","floor":19,"gold_loss":0,"cards_obtained":["Cold Snap"]},{"damage_healed":0,"gold_gain":0,"player_choice":"Obtained Relic","damage_taken":0,"relics_obtained":["Nunchaku"],"max_hp_gain":0,"max_hp_loss":0,"event_name":"Addict","floor":27,"gold_loss":85},{"cards_removed":["Darkness"],"damage_healed":0,"gold_gain":0,"player_choice":"Gave Gold","damage_taken":0,"max_hp_gain":0,"max_hp_loss":0,"event_name":"Beggar","floor":28,"gold_loss":75},{"damage_healed":0,"gold_gain":0,"player_choice":"Ignored","damage_taken":0,"max_hp_gain":0,"max_hp_loss":0,"event_name":"Tomb of Lord Red Mask","floor":37,"gold_loss":0},{"damage_healed":0,"gold_gain":333,"player_choice":"Gave Idol","damage_taken":0,"max_hp_gain":0,"max_hp_loss":0,"event_name":"The Moai Head","floor":38,"relics_lost":["Golden Idol"],"gold_loss":0}],"is_beta":false,"boss_relics":[{"not_picked":["SlaversCollar","Black Star"],"picked":"Fusion Hammer"},{"not_picked":["Replay:Drink Me","Runic Dome"],"picked":"hubris:HollowSoul"}],"items_purged_floors":[21],"is_endless":false,"potions_floor_spawned":[1,5,8,24,33,35,36],"killed_by":"Reptomancer","ascension_level":0}}