{"host":"2lvuisjyit3p3u01","time":1609860361,"event":{"mods":["Act Like it!","BaseMod","Bestiary","Better Synergies","CapriCore","Colored Map","Colored Powertips","Duelist Mod","GifTheSpireLib","Minty Spire (QoL Compilation)","Quick Restart","Replay The Spire","StSLib"],"gold_per_floor":[144,199,199,199,219,251,101,121,121,21,48,48,67,67,67,193,493,511,511,522,538,171,171,21,36,36,36,53,53,53,65,65,169,169,211,211,211,227,33,33,84,84,84,84,119,0,0,37,37,37],"floor_reached":51,"playtime":2653,"items_purged":["theDuelist:DeltaMagnet","theDuelist:CastleWalls","theDuelist:CurseArmaments","Spreading Infection"],"score":1094,"play_id":"d7e314c0-340f-4bcd-95a8-874d0dca0ab1","local_time":"20210105172601","is_ascension_mode":true,"campfire_choices":[{"floor":15,"key":"REST"},{"data":"theDuelist:CyberDragonCore","floor":23,"key":"SMITH"},{"floor":30,"key":"REST"},{"data":"theDuelist:CoralDragon","floor":32,"key":"SMITH"},{"data":"theDuelist:DragonMastery","floor":40,"key":"SMITH"},{"data":"theDuelist:Mountain","floor":49,"key":"SMITH"}],"circlet_count":0,"master_deck":["theDuelist:BabyDragon+1","theDuelist:CastleWalls","theDuelist:CaveDragon+1","theDuelist:CaveDragon+1","theDuelist:LesserDragon+1","theDuelist:LesserDragon+1","theDuelist:Sparks","theDuelist:Sparks","theDuelist:YamataDragon+1","theDuelist:MythicWaterDragon+1","theDuelist:CyberDragonCore+1","theDuelist:CoralDragon+1","theDuelist:MirageDragon+1","theDuelist:BoosterDragon+1","theDuelist:DarkHorus+1","theDuelist:WaterDragon+1","ReplayTheSpireMod:Faulty Equipment","theDuelist:BusterDrake+1","theDuelist:Mountain+1","theDuelist:EvilMind","theDuelist:BabyDragon+1","theDuelist:DragonMastery+1","theDuelist:HorusServant","theDuelist:TwinBarrelDragon"],"relics":["theDuelist:MillenniumPuzzle","theDuelist:CardPoolRelic","theDuelist:CardPoolBasicRelic","theDuelist:BoosterPackPoolRelic","theDuelist:CardPoolAddRelic","theDuelist:CardPoolMinusRelic","theDuelist:CardPoolSaveRelic","theDuelist:CardPoolOptionsRelic","Bottled Lightning","Simple Rune","InkBottle","ReplayTheSpireMod:TigerMarble","Bloody Idol","Replay:Ancient Bell","theDuelist:MillenniumArmor","theDuelist:GoldenScale","Old Coin","theDuelist:ArmorPlateE","Bag of Marbles","theDuelist:MillenniumRod","Replay:Bottled Steam","Ancient Tea Set","theDuelist:ArmorPlateD","Pondfish Scales","theDuelist:ResummonBranch","Another Sword","Juzu Bracelet","Red Mask"],"acts_visited":["Exordium","TheCity","TheBeyond"],"potions_floor_usage":[16,16,18,31,33,33,33,38,41,45,48],"damage_taken":[{"damage":0,"enemies":"Jaw Worm","floor":1,"turns":2},{"damage":0,"enemies":"2 Louse","floor":5,"turns":2},{"damage":2,"enemies":"Lagavulin","floor":6,"turns":6},{"damage":0,"enemies":"Small Slimes","floor":8,"turns":2},{"damage":13,"enemies":"3 Sentries","floor":11,"turns":6},{"damage":0,"enemies":"2 Fungi Beasts","floor":13,"turns":3},{"damage":0,"enemies":"Fading Forest","floor":16,"turns":11},{"damage":0,"enemies":"3 Byrds","floor":18,"turns":4},{"damage":6,"enemies":"Spheric Guardian","floor":20,"turns":3},{"damage":5,"enemies":"Cultist and Chosen","floor":21,"turns":5},{"damage":28,"enemies":"Centurion and Healer","floor":25,"turns":4},{"damage":15,"enemies":"Chosen and Byrds","floor":28,"turns":5},{"damage":0,"enemies":"Snake Plant","floor":31,"turns":5},{"damage":0,"enemies":"Automaton","floor":33,"turns":9},{"damage":1,"enemies":"3 Darklings","floor":35,"turns":5},{"damage":40,"enemies":"3 Shapes","floor":38,"turns":4},{"damage":0,"enemies":"3 Shapes","floor":41,"turns":6},{"damage":0,"enemies":"Giant Head","floor":45,"turns":6},{"damage":1,"enemies":"Jaw Worm Horde","floor":48,"turns":5},{"damage":0,"enemies":"Awakened One","floor":50,"turns":7}],"seed_played":"647355400355419865","potions_obtained":[{"floor":6,"key":"theDuelist:StunPotion"},{"floor":13,"key":"Block Potion"},{"floor":14,"key":"theDuelist:GiftPotion"},{"floor":16,"key":"theDuelist:DragonfirePotion"},{"floor":20,"key":"Strength Potion"},{"floor":28,"key":"Ancient Potion"},{"floor":31,"key":"theDuelist:OrbBottle"},{"floor":33,"key":"AttackPotion"},{"floor":38,"key":"FearPotion"},{"floor":45,"key":"theDuelist:FireBottle"}],"is_trial":false,"path_per_floor":["M","?","?","?","M","E","$","M","T","$","E","?","M","?","R","B",null,"M","?","M","M","$","R","$","M","T","?","M","T","R","M","R","B",null,"M","?","?","M","$","R","?","?","T","?","E","?","?","M","R","B",null],"character_chosen":"THE_DUELIST","items_purchased":["theDuelist:MirageDragon","PowerPotion","theDuelist:ArmorPlateE","Bag of Marbles","theDuelist:Mountain","Ancient Tea Set","PowerPotion"],"campfire_rested":2,"item_purchase_floors":[7,7,22,22,22,39,39],"current_hp_per_floor":[80,48,48,42,42,40,40,40,40,40,27,27,27,27,49,63,74,74,74,73,73,73,73,73,50,50,58,48,48,72,77,77,82,82,82,78,78,43,43,43,48,48,48,48,53,53,78,78,78,78],"gold":37,"neow_bonus":"UPGRADE_CARD","is_daily":false,"chose_seed":false,"campfire_upgraded":4,"win_rate":0.0,"timestamp":1609860361,"path_taken":["M","?","?","?","?","E","$","M","T","$","E","?","M","?","R","BOSS","M","?","M","M","$","R","$","M","T","?","?","?","R","M","R","BOSS","M","?","?","?","$","R","?","?","T","?","E","?","?","M","R","BOSS"],"items_purchased_type":["Card","Potion","Relic","Relic","Card","Relic","Potion"],"build_version":"2020-12-22","purchased_purges":4,"victory":true,"max_hp_per_floor":[80,80,80,80,80,80,80,80,80,80,80,74,74,74,74,74,74,74,74,74,74,74,74,74,74,74,82,82,82,82,82,82,82,82,82,78,78,78,78,78,78,78,78,78,78,78,78,78,78,78],"card_choices":[{"not_picked":["theDuelist:InfernityDoomDragon","theDuelist:GiantRex","theDuelist:Frostosaurus","theDuelist:FrostflameDragon"],"picked":"theDuelist:MythicWaterDragon","floor":1},{"not_picked":["theDuelist:CyberValley","theDuelist:BlackPtera","theDuelist:SphereChaos","theDuelist:Destroyersaurus"],"picked":"theDuelist:CyberDragonCore","floor":2},{"not_picked":["theDuelist:BlackPtera","theDuelist:SilverDragon","theDuelist:Anthrosaurus","theDuelist:ArmedDragon3"],"picked":"theDuelist:CoralDragon","floor":2},{"not_picked":["theDuelist:Destroyersaurus","theDuelist:CyberDragonNachster","theDuelist:BlackPtera","theDuelist:SoulCharge","theDuelist:DragonMirror"],"picked":"SKIP","floor":5},{"not_picked":["theDuelist:BlackBrutdrago","theDuelist:Duoterion","theDuelist:DragonPiper","theDuelist:Earthquake","theDuelist:CyberDragonCore"],"picked":"SKIP","floor":6},{"not_picked":["theDuelist:MadSwordBeast","theDuelist:GalaxyTyranno","theDuelist:DarkDriceratops","theDuelist:BlackBrachios","theDuelist:Beatraptor"],"picked":"SKIP","floor":8},{"not_picked":["theDuelist:Mountain","theDuelist:GalaxySoldier","theDuelist:AutorokketDragon","theDuelist:SystemDown"],"picked":"theDuelist:BoosterDragon","floor":11},{"not_picked":["theDuelist:LavaDragon","theDuelist:BlackStego","theDuelist:LordD","theDuelist:Mountain"],"picked":"theDuelist:DarkHorus","floor":13},{"not_picked":["theDuelist:Scapegoat","theDuelist:Lancephorhynchus","theDuelist:DoomkaiserDragon","theDuelist:ArmedProtectorDragon"],"picked":"theDuelist:WaterDragon","floor":16},{"not_picked":["Looming Evil","Amnesia"],"picked":"ReplayTheSpireMod:Faulty Equipment","floor":17},{"not_picked":["CurseOfTheBell","theDuelist:CursedBill"],"picked":"theDuelist:CurseArmaments","floor":17},{"not_picked":["Hallucinations","ReplayTheSpireMod:Restless Dread"],"picked":"Spreading Infection","floor":17},{"not_picked":["theDuelist:MirageDragon","theDuelist:MoltenDestruction","theDuelist:BusterBlader","theDuelist:Berserking"],"picked":"theDuelist:BusterDrake+1","floor":18},{"not_picked":["theDuelist:Earthquake","theDuelist:SphereChaos","theDuelist:BusterDrake","theDuelist:DefenseZone+1","theDuelist:BlackVeloci"],"picked":"SKIP","floor":20},{"not_picked":["theDuelist:BattleguardKing","theDuelist:BigFire","theDuelist:LightningDarts","theDuelist:RainbowOverdragon","theDuelist:SmashingGround"],"picked":"SKIP","floor":21},{"not_picked":["theDuelist:DreadnoughtDreadnoid","theDuelist:DarkDriceratops","theDuelist:DarkHorus","theDuelist:BlackBrutdrago+1"],"picked":"theDuelist:EvilMind","floor":25},{"not_picked":["theDuelist:CyberDinosaur","theDuelist:BlackPtera+1","theDuelist:GenesisDragon","theDuelist:CyberDragon","theDuelist:Beatraptor"],"picked":"SKIP","floor":28},{"not_picked":["theDuelist:ViceDragon","theDuelist:DefenseDraw+1","theDuelist:MoltenDestruction","theDuelist:ScrapIronScarecrow"],"picked":"theDuelist:BabyDragon","floor":31},{"not_picked":["theDuelist:WaterDragon","theDuelist:QueenDragunDjinn","theDuelist:BlueDuston+1","theDuelist:BlasterDragonInfernos"],"picked":"theDuelist:DragonMastery","floor":33},{"not_picked":["theDuelist:MadSwordBeast+1","theDuelist:BlueEyes","theDuelist:RedRisingDragon+1","theDuelist:CyberRevsystem","theDuelist:Vandalgyon+1"],"picked":"SKIP","floor":35},{"not_picked":["Good Instincts","Panacea","PanicButton+1","Transmutation+1"],"picked":"SKIP","floor":38},{"not_picked":["theDuelist:YamataDragon+1","theDuelist:Kabazauls","theDuelist:AquaDolphin","theDuelist:ExploderDragon"],"picked":"theDuelist:HorusServant","floor":41},{"not_picked":["theDuelist:MadSwordBeast","theDuelist:OneDayPeace","theDuelist:DarkstormDragon","theDuelist:AtomicScrapDragon+1"],"picked":"theDuelist:TwinBarrelDragon","floor":45},{"not_picked":["theDuelist:Sabersaurus+1","theDuelist:TailSwipe+1","theDuelist:ChimeratechOverdragon"],"picked":"SKIP","floor":48}],"player_experience":254031,"relics_obtained":[{"floor":2,"key":"Bottled Lightning"},{"floor":6,"key":"Simple Rune"},{"floor":9,"key":"InkBottle"},{"floor":11,"key":"ReplayTheSpireMod:TigerMarble"},{"floor":26,"key":"theDuelist:MillenniumRod"},{"floor":29,"key":"Replay:Bottled Steam"},{"floor":41,"key":"theDuelist:ArmorPlateD"},{"floor":41,"key":"Pondfish Scales"},{"floor":41,"key":"theDuelist:ResummonBranch"},{"floor":43,"key":"Another Sword"},{"floor":45,"key":"Juzu Bracelet"}],"event_choices":[{"damage_healed":0,"gold_gain":0,"player_choice":"Delta Electro","duelist":true,"damage_taken":0,"max_hp_gain":0,"max_hp_loss":0,"event_name":"Egyptian Village","floor":3,"gold_loss":0,"cards_obtained":["Delta Electromagnet Warrior"]},{"damage_healed":0,"gold_gain":0,"player_choice":"Dig - random Duelist relic","duelist":true,"damage_taken":0,"max_hp_gain":0,"max_hp_loss":0,"event_name":"Aknamkanon\u0027s Tomb","floor":4,"gold_loss":0},{"damage_healed":0,"gold_gain":0,"player_choice":"Lose Max HP","damage_taken":0,"relics_obtained":["Golden Idol"],"max_hp_gain":0,"max_hp_loss":6,"event_name":"Golden Idol","floor":12,"gold_loss":0},{"damage_healed":0,"gold_gain":0,"player_choice":"Got Potions","damage_taken":0,"max_hp_gain":0,"max_hp_loss":0,"event_name":"Lab","floor":14,"gold_loss":0},{"damage_healed":0,"gold_gain":0,"player_choice":"Gave Idol","damage_taken":0,"relics_obtained":["Bloody Idol"],"max_hp_gain":0,"max_hp_loss":0,"event_name":"Forgotten Altar","floor":19,"relics_lost":["Golden Idol"],"gold_loss":0},{"total_magic_score":58,"gold_gain":0,"duelist":true,"damage_taken":0,"relics_obtained":[],"points":18,"max_hp_gain":8,"max_hp_loss":0,"spent_points":{"magic":4,"greed":0,"war":0,"power":4,"hunger":4},"event_name":"Nameless Tomb","hunger_reward":4,"floor":27,"gold_loss":0,"cards_obtained":[]},{"damage_healed":0,"gold_gain":0,"player_choice":"Max HP","damage_taken":0,"max_hp_gain":0,"max_hp_loss":4,"event_name":"Winding Halls","floor":36,"gold_loss":0},{"damage_healed":0,"gold_gain":0,"player_choice":"Memory 1","damage_taken":0,"max_hp_gain":0,"max_hp_loss":0,"event_name":"SensoryStone","floor":37,"gold_loss":0},{"damage_healed":0,"gold_gain":0,"player_choice":"Fight","duelist":true,"damage_taken":0,"max_hp_gain":0,"max_hp_loss":0,"event_name":"Battle City","floor":41,"gold_loss":0},{"damage_healed":0,"gold_gain":0,"player_choice":"Ignored","damage_taken":0,"max_hp_gain":0,"max_hp_loss":0,"event_name":"Mysterious Sphere","floor":42,"gold_loss":0},{"damage_healed":0,"gold_gain":0,"player_choice":"0 cards matched","damage_taken":0,"max_hp_gain":0,"max_hp_loss":0,"event_name":"Match and Keep!","floor":44,"gold_loss":0,"cards_obtained":[]},{"damage_healed":0,"gold_gain":0,"player_choice":"Paid","damage_taken":0,"relics_obtained":["Red Mask"],"max_hp_gain":0,"max_hp_loss":0,"event_name":"Tomb of Lord Red Mask","floor":46,"gold_loss":119},{"damage_healed":0,"gold_gain":0,"player_choice":"Offering - offered Tribute Egg","duelist":true,"damage_taken":0,"max_hp_gain":0,"max_hp_loss":0,"event_name":"Tomb of the Nameless","floor":47,"gold_loss":0}],"is_beta":false,"boss_relics":[{"not_picked":["Cursed Key","SacredBark"],"picked":"Replay:Ancient Bell"},{"not_picked":["Lantern","Potion Belt"],"picked":"theDuelist:MillenniumArmor"},{"not_picked":["Replay:Accelerometer","Mummified Hand"],"picked":"theDuelist:GoldenScale"},{"not_picked":["theDuelist:BoosterPackMonsterEgg","Lizard Tail"],"picked":"Old Coin"},{"not_picked":["Inserter","Abe\u0027s Treasure","ReplayTheSpireMod:DimensionalGlitch"]}],"items_purged_floors":[7,10,22,24],"is_endless":false,"potions_floor_spawned":[6,13,16,20,28,31,33,38,45],"ascension_level":2}}