{"host":"06rryluxft509x3v","time":1609820286,"event":{"mods":["Act Like it!","Aspiration","BaseMod","Conspire","Energized Spire","Friendly Minions","GifTheSpireLib","Halation","Hubris","Infinite Spire","Minty Spire (QoL Compilation)","Random Character Button","Replay The Spire","Spikes Relics","StSLib","Stuff the Spire"],"gold_per_floor":[13,13,13,23,43,43,68,68,68,81,112,122,141,171,171,273,273,293,310,310,323,333,365,365,365,365,184,212,212,223,242,242,242,242],"floor_reached":33,"playtime":2654,"items_purged":["Strike_R"],"score":384,"play_id":"5555382b-373c-4a90-8be3-8d35aef7b5d1","local_time":"20210105001806","is_ascension_mode":true,"campfire_choices":[{"data":"Bash","floor":6,"key":"SMITH"},{"data":"Strike_R","floor":6,"key":"SMITH"},{"data":"Anger","floor":8,"key":"SMITH"},{"data":"Strike_R","floor":8,"key":"SMITH"},{"data":"Shockwave","floor":15,"key":"SMITH"},{"data":"ReplayTheSpireMod:Limb From Limb","floor":15,"key":"SMITH"},{"data":"Barricade","floor":24,"key":"SMITH"},{"data":"ReplayTheSpireMod:Limb From Limb","floor":24,"key":"SMITH"},{"floor":32,"key":"REST"}],"circlet_count":0,"master_deck":["Strike_R+1","Strike_R+1","Strike_R+1","Strike_R+1","Defend_R+1","Defend_R+1","Defend_R+1","Defend_R+1","Bash+1","Anger+1","Shockwave+1","ReplayTheSpireMod:Limb From Limb+1","ReplayTheSpireMod:Limb From Limb+1","hubris:SharpeningStone","Barricade+1","Cleave+1","Warcry+1","infinitespire:OneForAll+1","hubris:Rewind","StuffTheSpire:TitanForm"],"relics":["Burning Blood","halation:PenCase","Blood Vial","ReplayTheSpireMod:Shallot","StuffTheSpire:Wildfire","InkBottle","infinitespire:Burning Sword","Pocketwatch","Membership Card","Regal Pillow"],"acts_visited":["Exordium","TheCity"],"potions_floor_usage":[7,13,18,22,23,28,33],"damage_taken":[{"damage":8,"enemies":"Jaw Worm","floor":1,"turns":4},{"damage":10,"enemies":"Cultist","floor":4,"turns":5},{"damage":11,"enemies":"conspire:RoseBush","floor":5,"turns":4},{"damage":32,"enemies":"Gremlin Nob","floor":7,"turns":4},{"damage":3,"enemies":"conspire:2 RoseBushes","floor":10,"turns":5},{"damage":0,"enemies":"Replay:BlueRogue","floor":11,"turns":4},{"damage":8,"enemies":"2 Fungi Beasts","floor":12,"turns":4},{"damage":0,"enemies":"Blue Slaver","floor":13,"turns":2},{"damage":8,"enemies":"Lagavulin","floor":14,"turns":4},{"damage":20,"enemies":"Fading Forest","floor":16,"turns":11},{"damage":11,"enemies":"conspire:FuzzyDice","floor":18,"turns":5},{"damage":4,"enemies":"2 Thieves","floor":19,"turns":3},{"damage":0,"enemies":"Centurion and Healer","floor":21,"turns":3},{"damage":0,"enemies":"Snake Plant","floor":22,"turns":2},{"damage":26,"enemies":"Nightmare","floor":23,"turns":6},{"damage":39,"enemies":"Replay:Snechameleon","floor":28,"turns":6},{"damage":8,"enemies":"Shelled Parasite and Fungi","floor":30,"turns":2},{"damage":0,"enemies":"Snecko","floor":31,"turns":2},{"damage":87,"enemies":"Champ","floor":33,"turns":6}],"seed_played":"5483461522128217173","potions_obtained":[{"floor":4,"key":"Swift Potion"},{"floor":7,"key":"Doom Potion"},{"floor":10,"key":"AttackPotion"},{"floor":12,"key":"Dexterity Potion"},{"floor":16,"key":"Doom Potion"},{"floor":19,"key":"SpeedPotion"},{"floor":20,"key":"infinitespire:BlackPotion"},{"floor":30,"key":"CultistPotion"}],"is_trial":false,"path_per_floor":["M","$","?","M","M","R","E","R","T","M","E","M","M","E","R","B",null,"M","M","?","M","M","NM","R","?","T","$","E","?","M","M","R","B"],"character_chosen":"IRONCLAD","items_purchased":["Membership Card"],"campfire_rested":1,"item_purchase_floors":[27],"current_hp_per_floor":[78,78,78,74,69,69,43,43,43,48,56,56,64,64,64,52,80,75,79,79,80,80,60,60,63,63,63,32,32,32,40,79,0,0],"gold":242,"neow_bonus":"ONE_RARE_RELIC","is_daily":false,"chose_seed":false,"campfire_upgraded":8,"win_rate":0.0,"timestamp":1609820286,"path_taken":["M","$","?","M","M","R","E","R","T","M","E","M","M","E","R","BOSS","M","M","?","?","M","NM","R","?","T","$","E","?","M","M","R","BOSS"],"items_purchased_type":["Relic"],"build_version":"2020-12-22","purchased_purges":1,"victory":false,"max_hp_per_floor":[80,80,80,80,80,80,80,80,80,80,80,80,80,80,80,80,80,80,80,80,80,80,80,80,83,83,83,83,83,83,83,83,83,83],"card_choices":[{"not_picked":["Havoc","Entrench","True Grit"],"picked":"SKIP","floor":1},{"not_picked":["ReplayTheSpireMod:Strike From Hell","Clothesline","hubris:ReadiedAction"],"picked":"SKIP","floor":4},{"not_picked":["Rupture","StuffTheSpire:RockThrow","Dark Embrace"],"picked":"SKIP","floor":5},{"not_picked":["Shrug It Off","Demonic Infusion"],"picked":"Anger","floor":7},{"not_picked":["Wild Strike","Disarm"],"picked":"Shockwave","floor":10},{"not_picked":["Armaments","Iron Wave"],"picked":"ReplayTheSpireMod:Limb From Limb","floor":11},{"not_picked":["Twin Strike","Replay:Undeath\u0027s Touch","StuffTheSpire:RagingBull"],"picked":"SKIP","floor":12},{"not_picked":["Warcry","StuffTheSpire:Incineration"],"picked":"ReplayTheSpireMod:Limb From Limb","floor":13},{"not_picked":["ReplayTheSpireMod:Strike From Hell","Body Slam"],"picked":"hubris:SharpeningStone","floor":14},{"not_picked":["Fiend Fire","Corruption"],"picked":"Barricade","floor":16},{"not_picked":["Headbutt+1","Twin Strike"],"picked":"Cleave+1","floor":18},{"not_picked":["Sword Boomerang","StuffTheSpire:RockThrow"],"picked":"Warcry+1","floor":19},{"not_picked":["Clothesline+1","Body Slam"],"picked":"infinitespire:OneForAll+1","floor":21},{"not_picked":["StuffTheSpire:RockThrow+1","Cleave","Reckless Charge"],"picked":"SKIP","floor":22},{"not_picked":["hubris:InfiniteBlow+61","ReplayTheSpireMod:Echoes of Time"],"picked":"hubris:Rewind","floor":23},{"not_picked":["Feel No Pain","Abandon","Perfected Strike"],"picked":"SKIP","floor":23},{"not_picked":["BarbarianYell","Wild Strike"],"picked":"StuffTheSpire:TitanForm","floor":28},{"not_picked":["Headbutt","Pommel Strike","Havoc"],"picked":"SKIP","floor":30},{"not_picked":["Clash","Thunderclap","StuffTheSpire:TitanForm"],"picked":"SKIP","floor":31}],"player_experience":202812,"relics_obtained":[{"floor":7,"key":"Blood Vial"},{"floor":9,"key":"ReplayTheSpireMod:Shallot"},{"floor":11,"key":"StuffTheSpire:Wildfire"},{"floor":14,"key":"InkBottle"},{"floor":26,"key":"Pocketwatch"},{"floor":28,"key":"Regal Pillow"}],"event_choices":[{"damage_healed":0,"gold_gain":0,"player_choice":"Ignored","damage_taken":0,"max_hp_gain":0,"max_hp_loss":0,"event_name":"WeMeetAgain","floor":3,"gold_loss":0},{"damage_healed":0,"gold_gain":0,"player_choice":"Got Potions","damage_taken":0,"max_hp_gain":0,"max_hp_loss":0,"event_name":"Lab","floor":20,"gold_loss":0},{"damage_healed":0,"gold_gain":0,"player_choice":"Simplicity","damage_taken":0,"max_hp_gain":0,"max_hp_loss":0,"event_name":"Back to Basics","floor":29,"gold_loss":0,"cards_upgraded":["Strike_R","Strike_R","Defend_R","Defend_R","Defend_R","Defend_R"]}],"is_beta":false,"boss_relics":[{"not_picked":["hubris:Stopwatch","Ooze Armor"],"picked":"infinitespire:Burning Sword"}],"items_purged_floors":[27],"is_endless":true,"potions_floor_spawned":[4,7,10,12,16,19,21,30],"killed_by":"Champ","ascension_level":3}}