{"host":"fn5w42qzz69x191g","time":1609879219,"event":{"mods":["Ascension Reborn","BaseMod","Friendly Minions","Minty Spire (QoL Compilation)","RRrroohrrRGHHhhh!!","Replay The Spire","StSLib","SuperFastMode","The Jungle"],"gold_per_floor":[119,137,156,70,70,96,96,114,138,168,168,187,187,206,206,206,206],"floor_reached":16,"playtime":813,"items_purged":[],"score":118,"play_id":"482495fe-a01f-4ad6-baf6-b48cbf6de4bb","local_time":"20210106054019","is_ascension_mode":true,"campfire_choices":[{"data":"rorgmod:Wraith Form","floor":7,"key":"SMITH"},{"data":"Bouncing Flask","floor":11,"key":"SMITH"},{"floor":15,"key":"REST"}],"circlet_count":0,"master_deck":["Strike_G","Strike_G","Strike_G","Strike_G","Strike_G","Defend_G","Defend_G+1","Defend_G","Defend_G","Defend_G","Survivor","Neutralize","Dodge and Roll","Quick Slash","Sneak Up+1","Noxious Fumes","Deadly Poison+1","rorgmod:Wraith Form+1","Dagger Throw","Bouncing Flask+1","Poisoned Stab","Bane"],"relics":["Ring of the Snake","NeowsBlessing","War Paint","Snake Skull","Replay:Rubber Ducky"],"acts_visited":["Exordium"],"potions_floor_usage":[12,16],"damage_taken":[{"damage":0,"enemies":"Jaw Worm","floor":1,"turns":1},{"damage":0,"enemies":"2 Louse","floor":2,"turns":1},{"damage":0,"enemies":"Cultist","floor":3,"turns":1},{"damage":31,"enemies":"3 Sentries","floor":6,"turns":10},{"damage":6,"enemies":"2 Fungi Beasts","floor":8,"turns":6},{"damage":11,"enemies":"Lagavulin","floor":10,"turns":6},{"damage":11,"enemies":"Gremlin Gang","floor":12,"turns":4},{"damage":0,"enemies":"Exordium Wildlife","floor":14,"turns":3},{"damage":36,"enemies":"Slime Boss","floor":16,"turns":5}],"seed_played":"-424883375085881798","potions_obtained":[{"floor":1,"key":"Adrenaline Potion"},{"floor":10,"key":"Poison Potion"},{"floor":14,"key":"LiquidBronze"}],"is_trial":false,"path_per_floor":["M","M","M","$","?","E","R","M","T","E","R","M","?","M","R","B"],"character_chosen":"THE_SILENT","items_purchased":["Noxious Fumes","Deadly Poison"],"campfire_rested":1,"item_purchase_floors":[4,4],"current_hp_per_floor":[70,70,70,70,70,39,39,33,33,22,22,11,11,11,32,0,0],"gold":206,"neow_bonus":"THREE_ENEMY_KILL","is_daily":false,"chose_seed":false,"campfire_upgraded":2,"win_rate":0.0,"timestamp":1609879219,"path_taken":["M","M","M","$","?","E","R","M","T","E","R","M","?","M","R","BOSS"],"items_purchased_type":["Card","Card"],"build_version":"2020-12-22","purchased_purges":0,"victory":false,"max_hp_per_floor":[70,70,70,70,70,70,70,70,70,70,70,70,70,70,70,70,70],"card_choices":[{"not_picked":["Cloak And Dagger","Hidden Blade"],"picked":"Dodge and Roll","floor":1},{"not_picked":["Tactician","Dodge and Roll"],"picked":"Quick Slash","floor":2},{"not_picked":["Outmaneuver","Toxin Wave"],"picked":"Sneak Up","floor":3},{"not_picked":["Concentrate","Infinite Blades"],"picked":"rorgmod:Wraith Form","floor":6},{"not_picked":["rorgmod:Tendon Slice","Eviscerate"],"picked":"Dagger Throw","floor":8},{"not_picked":["PiercingWail","ReplayTheSpireMod:Speed Training"],"picked":"Bouncing Flask","floor":10},{"not_picked":["Flying Knee","Backstab"],"picked":"Poisoned Stab","floor":12},{"not_picked":["Flechettes","Masterful Stab"],"picked":"Bane","floor":14}],"player_experience":492967,"relics_obtained":[{"floor":6,"key":"War Paint"},{"floor":9,"key":"Snake Skull"},{"floor":10,"key":"Replay:Rubber Ducky"}],"event_choices":[{"damage_healed":0,"gold_gain":0,"player_choice":"Grow","damage_taken":0,"max_hp_gain":0,"max_hp_loss":0,"event_name":"Living Wall","floor":5,"gold_loss":0,"cards_upgraded":["Sneak Up"]},{"damage_healed":0,"gold_gain":0,"player_choice":"Ignored","damage_taken":0,"max_hp_gain":0,"max_hp_loss":0,"event_name":"Golden Wing","floor":13,"gold_loss":0}],"is_beta":false,"boss_relics":[],"items_purged_floors":[],"is_endless":false,"potions_floor_spawned":[1,10,14],"killed_by":"Slime Boss","ascension_level":1}}