{"host":"udml3bba5m6xpjx7","time":1609885373,"event":{"mods":["BaseMod","Better Match","Better Third Choice","Block Reminder","Downfall","Minty Spire (QoL Compilation)","Rare Cards Sparkle","Relic Stats","StSLib","Swap Starting Deck Mod"],"gold_per_floor":[99,114,127,183,283,122,122,122,135,235,16,29,29,42,59,159,159,159,176,193,204,204,221,246,246,276,289,309,46,46,46,46],"floor_reached":30,"playtime":3557,"items_purged":[],"score":244,"play_id":"02a9c289-e440-4fe2-89b4-faa7a8ed1aae","local_time":"20210105142253","is_ascension_mode":false,"campfire_choices":[{"data":"hexamod:Float","floor":1,"key":"SMITH"},{"floor":13,"key":"REST"},{"data":"hexamod:HauntingEcho","floor":18,"key":"SMITH"}],"circlet_count":0,"master_deck":["hexamod:Strike+1","hexamod:Strike+1","hexamod:Defend+1","hexamod:Defend+1","hexamod:Defend+1","hexamod:Defend","hexamod:Sear","hexamod:Float+1","hexamod:SixthSeal","hexamod:BacktrackSmack+1","hexamod:HauntingEcho+1","hexamod:RadiantFlame","hexamod:FourthSeal","hexamod:FastForward+1","hexamod:HauntingEcho+1","hexamod:FastForward+1","hexamod:GhostShield+1","hexamod:FirstSeal","hexamod:FirstSeal","hexamod:NightmareGuise","hexamod:Rewind+1","hexamod:EmpoweredFlame+1","hexamod:EmpoweredFlame+1","hexamod:AdvancingGuard"],"relics":["hexamod:SpiritBrand","InkBottle","OrangePellets","Bottled Flame","Orrery","expansioncontent:StudyCardRelic","Potion Belt","hexamod:InflammatoryLetter","Tiny Chest","Membership Card","Boot"],"acts_visited":["Exordium","TheCity"],"potions_floor_usage":[11,26,26,30,30,30],"damage_taken":[{"damage":1,"enemies":"Jaw Worm","floor":2,"turns":5},{"damage":3,"enemies":"Small Slimes","floor":3,"turns":3},{"damage":22,"enemies":"3 Sentries","floor":4,"turns":9},{"damage":43,"enemies":"downfall:Heads","floor":5,"turns":8},{"damage":0,"enemies":"downfall:FleeingMerchant","floor":6,"turns":4},{"damage":0,"enemies":"2 Louse","floor":9,"turns":3},{"damage":0,"enemies":"downfall:FleeingMerchant","floor":11,"turns":4},{"damage":0,"enemies":"Large Slime","floor":12,"turns":4},{"damage":4,"enemies":"Red Slaver","floor":14,"turns":4},{"damage":11,"enemies":"3 Louse","floor":15,"turns":5},{"damage":13,"enemies":"downfall:Watcher","floor":16,"turns":8},{"damage":12,"enemies":"Spheric Guardian","floor":19,"turns":4},{"damage":0,"enemies":"Snecko","floor":20,"turns":7},{"damage":18,"enemies":"Cultist and Chosen","floor":21,"turns":7},{"damage":17,"enemies":"Snake Plant","floor":23,"turns":4},{"damage":49,"enemies":"Gremlin Leader","floor":26,"turns":4},{"damage":0,"enemies":"Centurion and Healer","floor":27,"turns":6},{"damage":13,"enemies":"Cultist and Chosen","floor":28,"turns":7},{"damage":2,"enemies":"downfall:FleeingMerchant","floor":29,"turns":4},{"damage":28,"enemies":"3 Cultists","floor":30,"turns":5}],"seed_played":"3606449353963512941","potions_obtained":[{"floor":3,"key":"SteroidPotion"},{"floor":4,"key":"Ancient Potion"},{"floor":9,"key":"Strength Potion"},{"floor":9,"key":"Block Potion"},{"floor":15,"key":"Fire Potion"},{"floor":15,"key":"Weak Potion"},{"floor":20,"key":"CultistPotion"},{"floor":21,"key":"Dexterity Potion"},{"floor":26,"key":"SteroidPotion"},{"floor":27,"key":"PowerPotion"},{"floor":28,"key":"Ancient Potion"},{"floor":28,"key":"BlessingOfTheForge"},{"floor":29,"key":"DistilledChaos"}],"is_trial":false,"path_per_floor":["R","M","M","?","?","$","T","?","M","?","$","M","R","M","M","B",null,"R","M","M","M","?","M","T","T","E","M","M","$","M"],"character_chosen":"THE_SPIRIT","items_purchased":["OrangePellets","hexamod:FastForward","Orrery","Membership Card","hexamod:AdvancingGuard","Boot"],"campfire_rested":1,"item_purchase_floors":[6,11,11,29,29,29],"current_hp_per_floor":[70,69,66,44,1,1,1,1,1,1,1,15,36,39,28,22,70,70,65,70,66,66,63,63,63,28,42,29,27,0,0,0],"gold":46,"neow_bonus":"ONE_RANDOM_RARE_CARD","is_daily":false,"chose_seed":false,"campfire_upgraded":2,"win_rate":0.0,"timestamp":1609885373,"path_taken":["R","M","M","?","?","$","T","?","M","?","?","?","R","M","M","BOSS","R","M","M","M","?","?","T","?","E","M","M","$","M"],"items_purchased_type":["Relic","Card","Relic","Relic","Card","Relic"],"build_version":"2020-12-22","purchased_purges":0,"victory":false,"max_hp_per_floor":[70,70,70,70,70,70,70,70,70,70,70,70,70,70,70,70,70,70,70,70,70,70,70,70,70,70,70,70,70,70,70,70],"relic_stats":{"OrangePellets":[6],"counters":[20,105],"Tiny Chest":0,"Boot":[0],"obtain_stats":[{"Potion Belt":24,"OrangePellets":6,"Bottled Flame":7,"Orrery":11,"Tiny Chest":26,"hexamod:InflammatoryLetter":25,"expansioncontent:StudyCardRelic":17,"Membership Card":29,"Boot":29,"hexamod:SpiritBrand":0,"InkBottle":4},{"Potion Belt":15,"OrangePellets":5,"Bottled Flame":5,"Orrery":7,"Tiny Chest":16,"hexamod:InflammatoryLetter":15,"expansioncontent:StudyCardRelic":11,"Membership Card":19,"Boot":19,"hexamod:SpiritBrand":0,"InkBottle":3},{"Potion Belt":79,"OrangePellets":29,"Bottled Flame":29,"Orrery":36,"Tiny Chest":83,"hexamod:InflammatoryLetter":79,"expansioncontent:StudyCardRelic":57,"Membership Card":100,"Boot":100,"hexamod:SpiritBrand":0,"InkBottle":17}],"InkBottle":[31]},"card_choices":[{"not_picked":["hexamod:EtherealExpedition","hexamod:ShieldOfDarkness"],"picked":"hexamod:BacktrackSmack","floor":2},{"not_picked":["hexamod:InspiringFlames","hexamod:CatchUp"],"picked":"hexamod:HauntingEcho","floor":3},{"not_picked":["hexamod:GhostflameInferno","hexamod:SwordOfDarkness","hexamod:HeatShield"],"picked":"SKIP","floor":6},{"not_picked":["hexamod:Rewind","hexamod:GhostLash"],"picked":"hexamod:FastForward","floor":9},{"not_picked":["hexamod:Haunt","hexamod:AdvancingGuard"],"picked":"hexamod:HauntingEcho","floor":11},{"not_picked":["hexamod:Rewind","hexamod:HeatMetal"],"picked":"hexamod:GhostShield","floor":11},{"not_picked":["hexamod:BurningTouch","hexamod:FlamesFromBeyond"],"picked":"hexamod:FirstSeal","floor":11},{"not_picked":["hexamod:BacktrackSmack","hexamod:GhostflameBarrier"],"picked":"hexamod:FirstSeal","floor":11},{"not_picked":["hexamod:RainOfEmbers","hexamod:BurningTouch","hexamod:SkipABeat"],"picked":"SKIP","floor":12},{"not_picked":["hexamod:VolcanoVisage","hexamod:FastForward"],"picked":"hexamod:NightmareGuise","floor":14},{"not_picked":["hexamod:FastForward","hexamod:Firestarter","hexamod:SuperheatedStrike"],"picked":"SKIP","floor":15},{"not_picked":["hexamod:FirstSeal","hexamod:EmpoweredFlame+1"],"picked":"hexamod:Rewind","floor":19},{"not_picked":["hexamod:NightmareGuise","hexamod:InspiringFlames","hexamod:ExtraCrispy"],"picked":"SKIP","floor":20},{"not_picked":["hexamod:HeatShield","hexamod:Haunt+1","hexamod:SwordOfDarkness"],"picked":"SKIP","floor":21},{"not_picked":["hexamod:Hexaguard","hexamod:Again"],"picked":"hexamod:EmpoweredFlame+1","floor":23},{"not_picked":["hexamod:FourthSeal","hexamod:NightmareGuise+1","hexamod:RadiantFlame"],"picked":"SKIP","floor":26},{"not_picked":["hexamod:GhostShield+1","hexamod:BacktrackSmack","hexamod:SpectralSpark+1"],"picked":"SKIP","floor":27},{"not_picked":["hexamod:SwordOfDarkness","hexamod:SixthSeal","hexamod:GhostOfSpirePast+1"],"picked":"SKIP","floor":28},{"not_picked":["hexamod:SoulSteal","hexamod:GhostLash+1"],"picked":"hexamod:EmpoweredFlame+1","floor":29}],"player_experience":155917,"relics_obtained":[{"floor":4,"key":"InkBottle"},{"floor":7,"key":"Bottled Flame"},{"floor":24,"key":"Potion Belt"},{"floor":25,"key":"hexamod:InflammatoryLetter"},{"floor":26,"key":"Tiny Chest"}],"event_choices":[],"is_beta":false,"boss_relics":[{"not_picked":["Runic Dome","Empty Cage"],"picked":"expansioncontent:StudyCardRelic"}],"items_purged_floors":[],"is_endless":false,"potions_floor_spawned":[3,4,9,15,16,21,27,28],"killed_by":"3 Cultists","ascension_level":0}}