{"host":"2n2g1vowfllvjtvi","time":1609883221,"event":{"mods":["AchievementEnabler","BaseMod","Custom Start","GifTheSpireLib","Keyboard Shortcuts","Minty Spire (QoL Compilation)","Quick Restart","Rare Cards Sparkle","StSLib","SuperFastMode"],"gold_per_floor":[114,13,13,25,25,25,25,53,78,78,94,94,110,126,126,200,200,213,233,249,249,6,31,45,59,59,79,79,79],"floor_reached":28,"playtime":1454,"items_purged":["Strike_R","Strike_R"],"score":467,"play_id":"8820d224-6b4f-4a9c-86b8-00f3ece3f7f7","local_time":"20210106064701","is_ascension_mode":true,"campfire_choices":[{"data":"Armaments","floor":6.0,"key":"SMITH"},{"floor":10.0,"key":"RECALL"},{"data":"Fire Breathing","floor":15.0,"key":"SMITH"}],"circlet_count":0,"master_deck":["AscendersBane","Strike_R","Defend_R","Defend_R","Defend_R","Bash+1","Reckless Charge","Armaments+1","Cleave","Dark Embrace","Fire Breathing+1","Immolate","Feed","Seeing Red","Second Wind","Intimidate+1","Feel No Pain","Flame Barrier"],"relics":["Burning Blood","NeowsBlessing","Question Card","Centennial Puzzle","Ancient Tea Set","Coffee Dripper","PreservedInsect","Regal Pillow","HornCleat"],"acts_visited":["Exordium","TheCity"],"potions_floor_usage":[18,18,23,25,27],"damage_taken":[{"damage":0.0,"enemies":"Cultist","floor":1.0,"turns":1.0},{"damage":0.0,"enemies":"Jaw Worm","floor":4.0,"turns":1.0},{"damage":0.0,"enemies":"Lagavulin","floor":8.0,"turns":1.0},{"damage":3.0,"enemies":"2 Louse","floor":11.0,"turns":2.0},{"damage":16.0,"enemies":"Gremlin Gang","floor":13.0,"turns":5.0},{"damage":6.0,"enemies":"Looter","floor":14.0,"turns":3.0},{"damage":9.0,"enemies":"Slime Boss","floor":16.0,"turns":6.0},{"damage":11,"enemies":"2 Thieves","floor":18,"turns":4},{"damage":1,"enemies":"Spheric Guardian","floor":19,"turns":3},{"damage":21,"enemies":"Shelled Parasite and Fungi","floor":20,"turns":3},{"damage":21,"enemies":"Gremlin Leader","floor":23,"turns":4},{"damage":21,"enemies":"Cultist and Chosen","floor":24,"turns":4},{"damage":23,"enemies":"Sentry and Sphere","floor":25,"turns":4},{"damage":20,"enemies":"Shelled Parasite and Fungi","floor":27,"turns":4}],"seed_played":"2053510342231760751","potions_obtained":[{"floor":8.0,"key":"SteroidPotion"},{"floor":14.0,"key":"Energy Potion"},{"floor":16.0,"key":"EntropicBrew"},{"floor":19,"key":"PowerPotion"},{"floor":23,"key":"BloodPotion"},{"floor":24,"key":"AttackPotion"}],"is_trial":false,"path_per_floor":["M","$","?","M","?","R","?","E","T","R","M","?","M","M","R","B",null,"M","M","M","?","$","E","M","M","T","M","R"],"character_chosen":"IRONCLAD","items_purchased":["Armaments","PreservedInsect"],"campfire_rested":0,"item_purchase_floors":[2,22],"current_hp_per_floor":[74,74,74,75,68,68,68,74,74,74,75,75,65,65,65,62,72,70,75,60,60,60,60,48,31,31,17,17,17],"gold":79,"neow_bonus":"THREE_ENEMY_KILL","is_daily":false,"chose_seed":false,"campfire_upgraded":2,"win_rate":0.0,"timestamp":1609883221,"path_taken":["M","$","?","?","?","R","?","E","T","R","?","?","?","M","R","BOSS","M","M","M","?","$","E","M","M","T","M","R"],"items_purchased_type":["Card","Relic"],"build_version":"2020-12-22","purchased_purges":2,"victory":false,"max_hp_per_floor":[75,75,75,75,75,75,75,75,75,75,75,75,75,75,75,75,75,78,78,78,78,78,78,81,81,81,81,81,81],"card_choices":[{"not_picked":["Cleave","Shockwave"],"picked":"Reckless Charge","floor":1.0},{"not_picked":["Burning Pact","Sword Boomerang","Warcry"],"picked":"SKIP","floor":4.0},{"not_picked":["Entrench","Power Through"],"picked":"Cleave","floor":8.0},{"not_picked":["Flex","Twin Strike","Reckless Charge"],"picked":"Dark Embrace","floor":11.0},{"not_picked":["Headbutt","Dual Wield","Iron Wave"],"picked":"Fire Breathing","floor":13.0},{"not_picked":["Anger","Perfected Strike","Shrug It Off"],"picked":"Immolate","floor":14.0},{"not_picked":["Demon Form","Limit Break","Juggernaut"],"picked":"Feed","floor":16.0},{"not_picked":["Perfected Strike","True Grit","Armaments"],"picked":"Seeing Red","floor":18},{"not_picked":["Combust+1","Thunderclap","Flex"],"picked":"Second Wind","floor":19},{"not_picked":["Clash","True Grit","Anger"],"picked":"Intimidate+1","floor":20},{"not_picked":["Battle Trance","Anger+1","Metallicize","Twin Strike"],"picked":"SKIP","floor":23},{"not_picked":["Metallicize","Flame Barrier","Headbutt+1"],"picked":"Feel No Pain","floor":24},{"not_picked":["Pommel Strike","Rage","Body Slam+1","Limit Break"],"picked":"SKIP","floor":25},{"not_picked":["Seeing Red","Perfected Strike","Iron Wave"],"picked":"Flame Barrier","floor":27}],"player_experience":419005,"relics_obtained":[{"floor":8.0,"key":"Question Card"},{"floor":9.0,"key":"Centennial Puzzle"},{"floor":23,"key":"Regal Pillow"},{"floor":26,"key":"HornCleat"}],"event_choices":[{"cards_removed":["Defend_R"],"damage_healed":0.0,"max_hp_gain":0.0,"max_hp_loss":0.0,"gold_gain":0.0,"event_name":"Purifier","player_choice":"Purged","floor":3.0,"gold_loss":0.0,"damage_taken":0.0},{"cards_removed":["Strike_R"],"damage_healed":0.0,"max_hp_gain":0.0,"max_hp_loss":0.0,"gold_gain":0.0,"event_name":"Golden Wing","player_choice":"Card Removal","floor":5.0,"gold_loss":0.0,"damage_taken":7.0},{"damage_healed":0.0,"max_hp_gain":0.0,"max_hp_loss":0.0,"gold_gain":0.0,"event_name":"Upgrade Shrine","player_choice":"Upgraded","floor":7.0,"gold_loss":0.0,"damage_taken":0.0,"cards_upgraded":["Bash"]},{"damage_healed":0.0,"max_hp_gain":0.0,"max_hp_loss":0.0,"gold_gain":0.0,"event_name":"WeMeetAgain","player_choice":"Gave Potion","floor":12.0,"gold_loss":0.0,"damage_taken":0.0,"relics_obtained":["Ancient Tea Set"]},{"cards_removed":["Strike_R"],"damage_healed":0,"gold_gain":0,"player_choice":"Elegance","damage_taken":0,"max_hp_gain":0,"max_hp_loss":0,"event_name":"Back to Basics","floor":21,"gold_loss":0}],"is_beta":false,"boss_relics":[{"not_picked":["Pandora\u0027s Box","Empty Cage"],"picked":"Coffee Dripper"}],"items_purged_floors":[2,22],"is_endless":false,"potions_floor_spawned":[8,14,16,19,23,24],"ascension_level":15}}