{"host":"h4lp0eeso8a0ssq0","time":1609826593,"event":{"mods":["2.2 Compatiblity","AchievementEnabler","BaseMod","CapriCore","Colored Map","Minty Spire (QoL Compilation)","StSLib","SuperFastMode"],"gold_per_floor":[118,130,130,145,245,245,271,291,314,327,327,197,231,243,243,347,347,358,457,457,58,74,74,94,109,135,147,162,72,22,37,37,133,133,143,93,93,43,56,91,101,101,127,153,179,70,101,117,117,117,117,117,28,53,53],"floor_reached":56,"playtime":2570,"items_purged":["Strike_P","Strike_P","Strike_P+1","Defend_P","DeceiveReality","Judgement+1","Vigilance+1"],"score":1273,"play_id":"d42f638e-54c8-4d9d-9ea1-9aeb8c3a2fc9","local_time":"20210105150313","is_ascension_mode":false,"campfire_choices":[{"data":"Eruption","floor":6.0,"key":"SMITH"},{"data":"Judgement","floor":11.0,"key":"SMITH"},{"data":"Adaptation","floor":15.0,"key":"SMITH"},{"data":"Tantrum","floor":23.0,"key":"SMITH"},{"data":"MentalFortress","floor":32.0,"key":"SMITH"},{"floor":49.0,"key":"RECALL"},{"data":"Adaptation","floor":52.0,"key":"SMITH"}],"circlet_count":0,"master_deck":["Eruption+1","ClearTheMind+1","InnerPeace+1","Adaptation+1","Perseverance+1","DeusExMachina+1","CutThroughFate+1","MentalFortress+1","Study+1","TalkToTheHand+1","Adaptation+1","Fasting2"],"relics":["PureWater","NeowsBlessing","Akabeko","Smiling Mask","Astrolabe","Nloth\u0027s Gift","Matryoshka","Whetstone","Black Star","Anchor","MealTicket","PreservedInsect","Dream Catcher","MawBank","Singing Bowl","Du-Vu Doll","Orichalcum","Damaru"],"acts_visited":["Exordium","TheCity","TheBeyond","TheEnding"],"potions_floor_usage":[],"damage_taken":[{"damage":0.0,"enemies":"2 Louse","floor":1.0,"turns":2.0},{"damage":0.0,"enemies":"Small Slimes","floor":2.0,"turns":1.0},{"damage":0.0,"enemies":"Cultist","floor":4.0,"turns":1.0},{"damage":16.0,"enemies":"Gremlin Nob","floor":7.0,"turns":3.0},{"damage":0.0,"enemies":"Looter","floor":8.0,"turns":2.0},{"damage":0.0,"enemies":"2 Fungi Beasts","floor":10.0,"turns":1.0},{"damage":3.0,"enemies":"Lagavulin","floor":13.0,"turns":6.0},{"damage":0.0,"enemies":"Red Slaver","floor":14.0,"turns":3.0},{"damage":24.0,"enemies":"Hexaghost","floor":16.0,"turns":9.0},{"damage":0.0,"enemies":"3 Byrds","floor":18.0,"turns":3.0},{"damage":7.0,"enemies":"Shell Parasite","floor":22.0,"turns":2.0},{"damage":8.0,"enemies":"Centurion and Healer","floor":24.0,"turns":4.0},{"damage":0.0,"enemies":"Sentry and Sphere","floor":25.0,"turns":2.0},{"damage":0.0,"enemies":"Snake Plant","floor":27.0,"turns":3.0},{"damage":0.0,"enemies":"3 Cultists","floor":28.0,"turns":3.0},{"damage":0.0,"enemies":"Chosen and Byrds","floor":31.0,"turns":3.0},{"damage":8.0,"enemies":"Automaton","floor":33.0,"turns":5.0},{"damage":3.0,"enemies":"3 Shapes","floor":35.0,"turns":3.0},{"damage":0.0,"enemies":"Orb Walker","floor":39.0,"turns":3.0},{"damage":43.0,"enemies":"Giant Head","floor":40.0,"turns":7.0},{"damage":0.0,"enemies":"Maw","floor":41.0,"turns":3.0},{"damage":0.0,"enemies":"4 Shapes","floor":44.0,"turns":2.0},{"damage":0.0,"enemies":"Jaw Worm Horde","floor":45.0,"turns":2.0},{"damage":0.0,"enemies":"Nemesis","floor":47.0,"turns":3.0},{"damage":0.0,"enemies":"Transient","floor":48.0,"turns":2.0},{"damage":14.0,"enemies":"Time Eater","floor":50.0,"turns":13.0},{"damage":0.0,"enemies":"Shield and Spear","floor":54.0,"turns":2.0},{"damage":36,"enemies":"The Heart","floor":55,"turns":5}],"seed_played":"6696561157303682691","potions_obtained":[{"floor":1.0,"key":"Weak Potion"},{"floor":4.0,"key":"Ancient Potion"},{"floor":7.0,"key":"Explosive Potion"},{"floor":13.0,"key":"Fruit Juice"},{"floor":14.0,"key":"AttackPotion"},{"floor":18.0,"key":"Block Potion"},{"floor":33.0,"key":"SneckoOil"},{"floor":40.0,"key":"Weak Potion"},{"floor":41.0,"key":"LiquidMemories"},{"floor":47.0,"key":"Strength Potion"}],"is_trial":false,"path_per_floor":["M","M","?","M","?","R","E","M","T","M","R","$","E","M","R","B",null,"M","?","?","$","M","R","M","M","T","M","M","?","$","M","R","B",null,"M","$","?","$","M","E","M","?","T","M","M","$","E","M","R","B",null,"R","$","E","B",null],"character_chosen":"WATCHER","items_purchased":["Adaptation","FairyPotion","Matryoshka","Adaptation","Fasting2"],"campfire_rested":0,"item_purchase_floors":[12,21,21,46,53],"current_hp_per_floor":[72,72,77,77,77,77,61,61,61,61,61,61,58,63,63,39,82,82,82,82,82,75,75,67,67,67,67,67,67,67,67,67,59,82,79,79,78,78,78,35,35,35,35,35,35,50,52,54,54,40,82,82,82,84,48],"gold":53,"neow_bonus":"THREE_ENEMY_KILL","is_daily":false,"chose_seed":false,"campfire_upgraded":6,"win_rate":0.0,"timestamp":1609826593,"path_taken":["M","M","?","M","?","R","E","M","T","?","R","$","E","M","R","BOSS","M","?","?","$","M","R","M","M","T","?","M","?","$","M","R","BOSS","M","$","?","$","M","E","M","?","T","?","M","$","E","M","R","BOSS","R","$","E","BOSS"],"items_purchased_type":["Card","Potion","Relic","Card","Card"],"build_version":"2020-12-22","purchased_purges":7,"victory":true,"max_hp_per_floor":[72,72,77,77,77,77,77,77,77,77,77,77,77,82,82,82,82,82,82,82,82,82,82,82,82,82,82,82,82,82,82,82,82,82,82,82,78,78,78,78,78,78,78,78,78,78,80,82,82,82,82,82,82,84,84],"card_choices":[{"not_picked":["Halt","Indignation"],"picked":"Tantrum","floor":1.0},{"not_picked":["JustLucky","Halt"],"picked":"ClearTheMind","floor":2.0},{"not_picked":["Prostrate","Evaluate"],"picked":"Judgement","floor":4.0},{"not_picked":["ClearTheMind","Protect","EmptyFist"],"picked":"SKIP","floor":7.0},{"not_picked":["FlurryOfBlows","EmptyBody"],"picked":"DeceiveReality","floor":8.0},{"not_picked":["ThirdEye","BowlingBash"],"picked":"InnerPeace","floor":10.0},{"not_picked":["Crescendo","FlurryOfBlows","JustLucky"],"picked":"SKIP","floor":13.0},{"not_picked":["Prostrate","SashWhip","EmptyBody"],"picked":"SKIP","floor":14.0},{"not_picked":["Crescendo","PathToVictory+1","Weave"],"picked":"SKIP","floor":18.0},{"not_picked":["EmptyFist","Prostrate","Consecrate"],"picked":"SKIP","floor":22.0},{"not_picked":["EmptyMind+1","Crescendo+1"],"picked":"MentalFortress","floor":24.0},{"not_picked":["Indignation+1","Wallop","FlurryOfBlows"],"picked":"SKIP","floor":25.0},{"not_picked":["FollowUp","Swivel","EmptyFist"],"picked":"SKIP","floor":27.0},{"not_picked":["ClearTheMind","ThirdEye","SignatureMove+1"],"picked":"SKIP","floor":28.0},{"not_picked":["Perseverance","CutThroughFate","BowlingBash"],"picked":"SKIP","floor":31.0},{"not_picked":["Wireheading","CutThroughFate","Consecrate"],"picked":"SKIP","floor":35.0},{"not_picked":["EmptyBody+1","CarveReality+1","Conclude+1"],"picked":"SKIP","floor":39.0},{"not_picked":["Meditate","DeceiveReality+1"],"picked":"Study+1","floor":40.0},{"not_picked":["BowlingBash","Ragnarok"],"picked":"TalkToTheHand+1","floor":41.0},{"not_picked":["InnerPeace+1","CutThroughFate+1","EmptyFist+1"],"picked":"SKIP","floor":44.0},{"not_picked":["PathToVictory","Crescendo+1","WaveOfTheHand"],"picked":"SKIP","floor":45.0},{"not_picked":["WreathOfFlame","Consecrate+1","Adaptation"],"picked":"Singing Bowl","floor":47.0},{"not_picked":["Meditate","Evaluate+1","FollowUp+1"],"picked":"Singing Bowl","floor":48.0},{"not_picked":["WreathOfFlame+1","JustLucky","Indignation"],"picked":"Singing Bowl","floor":54.0}],"player_experience":70046,"relics_obtained":[{"floor":7.0,"key":"Akabeko"},{"floor":9.0,"key":"Smiling Mask"},{"floor":13.0,"key":"War Paint"},{"floor":26.0,"key":"Whetstone"},{"floor":40.0,"key":"Anchor"},{"floor":40.0,"key":"MealTicket"},{"floor":43.0,"key":"Dream Catcher"},{"floor":43.0,"key":"MawBank"},{"floor":47.0,"key":"Singing Bowl"},{"floor":47.0,"key":"Du-Vu Doll"},{"floor":54.0,"key":"Orichalcum"},{"floor":54.0,"key":"Damaru"}],"event_choices":[{"damage_healed":0.0,"max_hp_gain":5.0,"max_hp_loss":0.0,"gold_gain":0.0,"event_name":"Big Fish","player_choice":"Donut","floor":3.0,"gold_loss":0.0,"damage_taken":0.0},{"damage_healed":0.0,"max_hp_gain":0.0,"max_hp_loss":0.0,"gold_gain":100.0,"event_name":"Wheel of Change","player_choice":"Gold","floor":5.0,"gold_loss":0.0,"damage_taken":0.0},{"damage_healed":0.0,"max_hp_gain":0.0,"max_hp_loss":0.0,"gold_gain":99.0,"event_name":"Nest","player_choice":"Stole From Cult","floor":19.0,"gold_loss":0.0,"damage_taken":0.0},{"damage_healed":0.0,"max_hp_gain":0.0,"max_hp_loss":0.0,"gold_gain":0.0,"event_name":"N\u0027loth","player_choice":"Traded Relic","floor":20.0,"relics_lost":["War Paint"],"gold_loss":0.0,"damage_taken":0.0,"relics_obtained":["Nloth\u0027s Gift"]},{"cards_removed":["Defend_P"],"damage_healed":0.0,"max_hp_gain":0.0,"max_hp_loss":0.0,"gold_gain":0.0,"event_name":"Designer","player_choice":"Upgrade and Remove","floor":29.0,"gold_loss":90.0,"damage_taken":0.0,"cards_upgraded":["Vigilance"]},{"damage_healed":0.0,"max_hp_gain":0.0,"max_hp_loss":4.0,"gold_gain":0.0,"event_name":"Winding Halls","player_choice":"Max HP","floor":37.0,"gold_loss":0.0,"damage_taken":0.0},{"cards_removed":["Tantrum"],"damage_healed":0.0,"max_hp_gain":0.0,"max_hp_loss":0.0,"gold_gain":0.0,"event_name":"WeMeetAgain","player_choice":"Gave Card","floor":42.0,"gold_loss":0.0,"damage_taken":0.0,"relics_obtained":["PreservedInsect"]}],"is_beta":false,"boss_relics":[{"not_picked":["Pandora\u0027s Box","Snecko Eye"],"picked":"Astrolabe"},{"not_picked":["SlaversCollar","Tiny House"],"picked":"Black Star"}],"items_purged_floors":[12,21,30,36,38,46,53],"is_endless":false,"potions_floor_spawned":[1,4,7,13,14,18,22,25,33,40,41,45,47,48],"ascension_level":0}}