{"host":"qekv59dthhdg54sz","time":1609831478,"event":{"mods":["AchievementEnabler","BaseMod","Colored Map","DeckTracker","KOR Keyword Fix","Minty Spire (QoL Compilation)","Rare Cards Sparkle","StSLib","SuperFastMode"],"gold_per_floor":[113,113,113,125,125,125,145,173,173,98,98,122,136,136,136,215,215,234,266,278,278,328,328,339,339,363,363,377,396,102,118,118,192,192,209,219,161,161,161],"floor_reached":38,"playtime":1136,"items_purged":["Strike_G","Defend_G"],"score":788,"play_id":"8ec70368-6ef3-4ce4-8367-074bf553c8ce","local_time":"20210105162438","is_ascension_mode":true,"campfire_choices":[{"data":"Neutralize","floor":6.0,"key":"SMITH"},{"data":"Terror","floor":11.0,"key":"SMITH"},{"data":"Expertise","floor":15.0,"key":"SMITH"},{"data":"Venomology","floor":25,"key":"SMITH"},{"data":"Finisher","floor":27,"key":"SMITH"},{"floor":32,"key":"REST"}],"circlet_count":0,"master_deck":["AscendersBane","Defend_G","Defend_G","Defend_G","Defend_G","Survivor","Neutralize+1","Venomology+1","Quick Slash","Backstab","Dagger Throw","Terror+1","Expertise+1","Finisher+1","Die Die Die","CurseOfTheBell","Backflip","Dagger Spray","Flying Knee","Wraith Form v2","Tactician+1","Well Laid Plans"],"relics":["Ring of the Snake","Darkstone Periapt","Matryoshka","Eternal Feather","Kunai","Odd Mushroom","Pantograph","Shuriken","Calling Bell","Regal Pillow","Mummified Hand","The Specimen","Red Mask","Akabeko","Membership Card","Bag of Preparation","Empty Cage"],"acts_visited":["Exordium","TheCity","TheBeyond"],"potions_floor_usage":[23,24,24,28,28,29,29,33,33,36,38,38],"damage_taken":[{"damage":7.0,"enemies":"Jaw Worm","floor":1.0,"turns":7.0},{"damage":1.0,"enemies":"Small Slimes","floor":4.0,"turns":6.0},{"damage":0.0,"enemies":"2 Louse","floor":7.0,"turns":2.0},{"damage":7.0,"enemies":"Gremlin Nob","floor":8.0,"turns":4.0},{"damage":23.0,"enemies":"The Mushroom Lair","floor":12.0,"turns":5.0},{"damage":1.0,"enemies":"Exordium Wildlife","floor":13.0,"turns":3.0},{"damage":16.0,"enemies":"Hexaghost","floor":16.0,"turns":9.0},{"damage":5.0,"enemies":"Spheric Guardian","floor":18.0,"turns":3.0},{"damage":11.0,"enemies":"Masked Bandits","floor":19.0,"turns":4.0},{"damage":6.0,"enemies":"Chosen","floor":20.0,"turns":5.0},{"damage":0,"enemies":"Book of Stabbing","floor":23,"turns":1},{"damage":16,"enemies":"Snecko","floor":24,"turns":4},{"damage":0,"enemies":"3 Cultists","floor":28,"turns":5},{"damage":7,"enemies":"Cultist and Chosen","floor":29,"turns":4},{"damage":9,"enemies":"Snake Plant","floor":31,"turns":3},{"damage":31,"enemies":"Collector","floor":33,"turns":7},{"damage":29,"enemies":"3 Darklings","floor":35,"turns":10},{"damage":8,"enemies":"Orb Walker","floor":36,"turns":2},{"damage":21,"enemies":"Spire Growth","floor":38,"turns":5}],"seed_played":"-6302645439681305476","potions_obtained":[{"floor":4.0,"key":"GhostInAJar"},{"floor":8.0,"key":"LiquidMemories"},{"floor":16.0,"key":"SteroidPotion"},{"floor":20.0,"key":"SmokeBomb"},{"floor":24,"key":"Energy Potion"},{"floor":28,"key":"GamblersBrew"},{"floor":33,"key":"SpeedPotion"}],"is_trial":false,"path_per_floor":["M","?","?","M","?","R","M","E","T","$","R","?","M","T","R","B",null,"M","?","M","?","?","E","M","R","T","R","M","M","$","M","R","B",null,"M","M","$","M"],"character_chosen":"THE_SILENT","items_purchased":["Membership Card","Bag of Preparation","Well Laid Plans","DistilledChaos"],"campfire_rested":1,"item_purchase_floors":[30,30,37,37],"current_hp_per_floor":[52,45,45,44,33,33,33,26,26,26,35,12,11,11,20,29,58,53,42,36,36,36,36,20,32,32,44,44,37,37,28,66,35,58,29,21,21,0,0],"gold":161,"neow_bonus":"THREE_RARE_CARDS","is_daily":false,"chose_seed":true,"campfire_upgraded":5,"win_rate":0.0,"timestamp":1609831478,"path_taken":["M","?","?","M","?","R","M","E","T","$","R","?","?","?","R","BOSS","M","?","M","?","?","E","?","R","T","R","M","M","$","M","R","BOSS","M","M","$","M"],"items_purchased_type":["Relic","Relic","Card","Potion"],"build_version":"2020-12-22","purchased_purges":2,"victory":false,"max_hp_per_floor":[60,60,60,60,60,60,60,60,60,60,60,60,60,60,60,60,66,66,66,66,66,66,66,66,66,66,66,66,66,66,66,66,66,66,66,66,66,66,66],"card_choices":[{"not_picked":["Unload","Envenom"],"picked":"Venomology","floor":0.0},{"not_picked":["Sucker Punch","Setup"],"picked":"Quick Slash","floor":1.0},{"not_picked":["Flying Knee","Crippling Poison"],"picked":"Backstab","floor":4.0},{"not_picked":["Dagger Spray","PiercingWail"],"picked":"Dagger Throw","floor":7.0},{"not_picked":["Accuracy","Dagger Spray"],"picked":"Terror","floor":8.0},{"not_picked":["Reflex","Terror"],"picked":"Expertise","floor":12.0},{"not_picked":["Deflect","Dodge and Roll"],"picked":"Finisher","floor":13.0},{"not_picked":["Glass Knife","Unload"],"picked":"Die Die Die","floor":16.0},{"not_picked":["Flechettes","Masterful Stab"],"picked":"Backflip","floor":18.0},{"not_picked":["Deadly Poison","Flying Knee"],"picked":"Dagger Spray","floor":20.0},{"not_picked":["Storm of Steel","Deflect","Skewer"],"picked":"SKIP","floor":24},{"not_picked":["Accuracy","Predator","Dagger Throw"],"picked":"SKIP","floor":28},{"not_picked":["Underhanded Strike","Setup","Prepared"],"picked":"SKIP","floor":29},{"not_picked":["Bane","Poisoned Stab"],"picked":"Flying Knee","floor":31},{"not_picked":["Storm of Steel","After Image"],"picked":"Wraith Form v2","floor":33},{"not_picked":["Backstab+1","Dagger Throw","Expertise+1"],"picked":"SKIP","floor":35},{"not_picked":["Dagger Throw","Sucker Punch"],"picked":"Tactician+1","floor":36}],"player_experience":755093,"relics_obtained":[{"floor":8.0,"key":"Matryoshka"},{"floor":9.0,"key":"Eternal Feather"},{"floor":9.0,"key":"Kunai"},{"floor":12.0,"key":"Odd Mushroom"},{"floor":14.0,"key":"Pantograph"},{"floor":14.0,"key":"Shuriken"},{"floor":17.0,"key":"Regal Pillow"},{"floor":17.0,"key":"Mummified Hand"},{"floor":17.0,"key":"The Specimen"},{"floor":19.0,"key":"Red Mask"},{"floor":26,"key":"Akabeko"}],"event_choices":[{"cards_removed":["Strike_G"],"damage_healed":0.0,"max_hp_gain":0.0,"max_hp_loss":0.0,"gold_gain":0.0,"event_name":"Golden Wing","player_choice":"Card Removal","floor":2.0,"gold_loss":0.0,"damage_taken":7.0},{"cards_removed":["Strike_G"],"damage_healed":0.0,"max_hp_gain":0.0,"max_hp_loss":0.0,"gold_gain":0.0,"event_name":"Living Wall","player_choice":"Forget","floor":3.0,"gold_loss":0.0,"damage_taken":0.0},{"damage_healed":0.0,"max_hp_gain":0.0,"max_hp_loss":0.0,"gold_gain":0.0,"event_name":"Scrap Ooze","player_choice":"Success","floor":5.0,"gold_loss":0.0,"damage_taken":11.0,"relics_obtained":["Darkstone Periapt"]},{"damage_healed":0.0,"max_hp_gain":0.0,"max_hp_loss":0.0,"gold_gain":0.0,"event_name":"Mushrooms","player_choice":"Fought Mushrooms","floor":12.0,"gold_loss":0.0,"damage_taken":0.0},{"damage_healed":0.0,"max_hp_gain":0.0,"max_hp_loss":0.0,"gold_gain":0.0,"event_name":"Masked Bandits","player_choice":"Fought Bandits","floor":19.0,"gold_loss":0.0,"damage_taken":0.0},{"damage_healed":0.0,"max_hp_gain":0.0,"max_hp_loss":0.0,"gold_gain":0.0,"event_name":"The Mausoleum","player_choice":"Ignored","floor":21.0,"gold_loss":0.0,"damage_taken":0.0},{"damage_healed":0.0,"max_hp_gain":0.0,"max_hp_loss":0.0,"gold_gain":50.0,"event_name":"Golden Shrine","player_choice":"Pray","floor":22.0,"gold_loss":0.0,"damage_taken":0.0}],"is_beta":false,"boss_relics":[{"not_picked":["Snecko Eye","Velvet Choker"],"picked":"Calling Bell"},{"not_picked":["SlaversCollar","Busted Crown"],"picked":"Empty Cage"}],"items_purged_floors":[10,30],"is_endless":false,"potions_floor_spawned":[4,7,8,16,20,24,28,33],"killed_by":"Spire Growth","ascension_level":20}}