{"host":"344lv32hnei0mdhu","time":1609830325,"event":{"mods":["Act Like it!","BaseMod","Better Match","Better Sensory Stone","Better Skull","Better Third Choice","Better Vampires","Colored Powertips","Highlight Path","Minty Spire (QoL Compilation)","Quick Restart","Random Character Button","Rare Cards Sparkle","StSLib"],"gold_per_floor":[112,112,112,112,122,151,169,179,179,23,33,208,208,226,226,328,328,347,373,373,385,310,310,310,310],"floor_reached":24,"playtime":810,"items_purged":["Doubt"],"score":320,"play_id":"322cfcf2-31c6-4106-89e6-78535b0c555e","local_time":"20210105010525","is_ascension_mode":true,"campfire_choices":[{"data":"DevaForm","floor":13,"key":"SMITH"},{"data":"PathToVictory","floor":15,"key":"SMITH"},{"floor":23,"key":"REST"}],"circlet_count":0,"master_deck":["Strike_P","Strike_P","Defend_P","Defend_P","Defend_P","Eruption","Vigilance","Evaluate","Consecrate","Protect","PathToVictory+1","SashWhip","DevaForm+1","Swivel","Blasphemy","BattleHymn+1","WheelKick+1","Collect+1","Indignation+1","Evaluate","LikeWater"],"relics":["PureWater","NeowsBlessing","Potion Belt","Akabeko","Astrolabe","Red Mask"],"acts_visited":["Exordium","TheCity"],"potions_floor_usage":[8,16,16,19],"damage_taken":[{"damage":0,"enemies":"Small Slimes","floor":1,"turns":2},{"damage":0,"enemies":"Jaw Worm","floor":5,"turns":1},{"damage":0,"enemies":"Lagavulin","floor":6,"turns":1},{"damage":4,"enemies":"2 Louse","floor":7,"turns":3},{"damage":0,"enemies":"Large Slime","floor":8,"turns":2},{"damage":1,"enemies":"Exordium Wildlife","floor":11,"turns":4},{"damage":8,"enemies":"Blue Slaver","floor":14,"turns":6},{"damage":18,"enemies":"Slime Boss","floor":16,"turns":8},{"damage":31,"enemies":"Spheric Guardian","floor":18,"turns":8},{"damage":0,"enemies":"Masked Bandits","floor":19,"turns":2},{"damage":14,"enemies":"Chosen","floor":21,"turns":5},{"damage":80,"enemies":"Book of Stabbing","floor":24,"turns":8}],"seed_played":"3827564941055711149","potions_obtained":[{"floor":7,"key":"BlessingOfTheForge"},{"floor":11,"key":"SteroidPotion"},{"floor":14,"key":"Ancient Potion"},{"floor":16,"key":"Explosive Potion"},{"floor":19,"key":"Strength Potion"}],"is_trial":false,"path_per_floor":["M","?","?","?","M","E","M","M","T","$","M","?","R","M","R","B",null,"M","?","?","M","$","R","E"],"character_chosen":"WATCHER","items_purchased":["DevaForm"],"campfire_rested":1,"item_purchase_floors":[10],"current_hp_per_floor":[65,65,70,70,70,70,66,66,66,66,65,65,65,57,57,39,68,37,37,62,48,48,71,0,0],"gold":310,"neow_bonus":"THREE_ENEMY_KILL","is_daily":false,"chose_seed":false,"campfire_upgraded":2,"win_rate":0.0,"timestamp":1609830325,"path_taken":["M","?","?","?","M","E","M","M","T","$","M","?","R","M","R","BOSS","M","?","?","M","$","R","E"],"items_purchased_type":["Card"],"build_version":"2020-12-22","purchased_purges":1,"victory":false,"max_hp_per_floor":[72,72,77,77,77,77,77,77,77,77,77,77,77,77,77,77,77,77,77,77,77,77,77,77,77],"card_choices":[{"not_picked":["EmptyFist","Halt"],"picked":"Evaluate","floor":1},{"not_picked":["Prostrate","EmptyBody"],"picked":"Consecrate","floor":5},{"not_picked":["EmptyBody","InnerPeace"],"picked":"Protect","floor":6},{"not_picked":["Protect","Halt"],"picked":"PathToVictory","floor":7},{"not_picked":["Protect","Evaluate"],"picked":"SashWhip","floor":8},{"not_picked":["Perseverance","CrushJoints"],"picked":"Swivel","floor":11},{"not_picked":["ThirdEye","FollowUp","EmptyBody"],"picked":"SKIP","floor":14},{"not_picked":["Scrawl","DevaForm"],"picked":"Blasphemy","floor":16},{"not_picked":["SandsOfTime","FlyingSleeves"],"picked":"Indignation+1","floor":18},{"not_picked":["CutThroughFate","SandsOfTime"],"picked":"Evaluate","floor":19},{"not_picked":["DeceiveReality","CutThroughFate"],"picked":"LikeWater","floor":21}],"player_experience":312634,"relics_obtained":[{"floor":6,"key":"Potion Belt"},{"floor":9,"key":"Akabeko"},{"floor":19,"key":"Red Mask"}],"event_choices":[{"damage_healed":65,"gold_gain":0,"player_choice":"Leave","damage_taken":0,"max_hp_gain":0,"max_hp_loss":72,"event_name":"betterThird:BetterShining","floor":2,"gold_loss":0},{"damage_healed":0,"gold_gain":0,"player_choice":"Donut","damage_taken":0,"max_hp_gain":5,"max_hp_loss":0,"event_name":"Big Fish","floor":3,"gold_loss":0},{"damage_healed":0,"gold_gain":0,"player_choice":"Ignored","damage_taken":0,"max_hp_gain":0,"max_hp_loss":0,"event_name":"Golden Wing","floor":4,"gold_loss":0},{"damage_healed":0,"gold_gain":175,"player_choice":"AGREE","damage_taken":33,"max_hp_gain":0,"max_hp_loss":0,"event_name":"betterThird:BetterSerpent","floor":12,"gold_loss":0},{"damage_healed":0,"gold_gain":0,"player_choice":"Fought Bandits","damage_taken":0,"max_hp_gain":0,"max_hp_loss":0,"event_name":"Masked Bandits","floor":19,"gold_loss":0},{"damage_healed":25,"gold_gain":0,"player_choice":"Heal","damage_taken":0,"max_hp_gain":0,"max_hp_loss":0,"event_name":"The Library","floor":20,"gold_loss":0}],"is_beta":false,"boss_relics":[{"not_picked":["Busted Crown","Cursed Key"],"picked":"Astrolabe"}],"items_purged_floors":[22],"is_endless":false,"potions_floor_spawned":[7,11,14,16,19],"killed_by":"Book of Stabbing","ascension_level":9}}