{"host":"1hv1kueuvc4r3rdp","time":1609808243,"event":{"mods":["AchievementEnabler","BaseMod","DeckTracker","Highlight Path","Minty Spire (QoL Compilation)","Permanent Neow","StSLib"],"gold_per_floor":[114,127,142,152,166,191,191,226,226,226,239,249,249,276,276,371,371,391,405,418,434,533,560,560,574,574,347,347,362,362,378,378,477,477,487,96,113,126,137,137,137,137],"floor_reached":41,"playtime":1929,"items_purged":["Strike_B"],"score":617,"play_id":"9342aafd-ffdf-46f3-9839-812b232cb2a9","local_time":"20210104185723","is_ascension_mode":true,"campfire_choices":[{"floor":7,"key":"REST"},{"data":"Genetic Algorithm","floor":10,"key":"SMITH"},{"data":"Defragment","floor":13,"key":"SMITH"},{"data":"Zap","floor":15,"key":"SMITH"},{"floor":24,"key":"REST"},{"data":"Go for the Eyes","floor":28,"key":"SMITH"},{"data":"Biased Cognition","floor":30,"key":"SMITH"},{"floor":32,"key":"REST"},{"data":"Go for the Eyes","floor":40,"key":"SMITH"}],"circlet_count":0,"master_deck":["Strike_B","Defend_B","Defend_B","Defend_B","Zap+1","Dualcast","Cold Snap","Genetic Algorithm+1","Rip and Tear","Defragment+1","Ball Lightning","Reinforced Body","BootSequence","Electrodynamics","Ball Lightning","Compile Driver+1","Steam+1","Tempest+1","Coolheaded","Leap+1","Go for the Eyes+1","Biased Cognition+1","CurseOfTheBell","Go for the Eyes+1"],"relics":["Cracked Core","Ancient Tea Set","Anchor","Mummified Hand","Peace Pipe","Astrolabe","Question Card","Sundial","Calling Bell","Dream Catcher","HornCleat","CaptainsWheel","Pantograph","Strange Spoon"],"acts_visited":["Exordium","TheCity","TheBeyond"],"potions_floor_usage":[4,23,27,41],"damage_taken":[{"damage":9,"enemies":"Small Slimes","floor":1,"turns":4},{"damage":2,"enemies":"Jaw Worm","floor":2,"turns":3},{"damage":8,"enemies":"Cultist","floor":3,"turns":4},{"damage":1,"enemies":"3 Louse","floor":4,"turns":2},{"damage":4,"enemies":"2 Fungi Beasts","floor":5,"turns":3},{"damage":11,"enemies":"Lagavulin","floor":6,"turns":7},{"damage":9,"enemies":"Gremlin Nob","floor":8,"turns":3},{"damage":0,"enemies":"Large Slime","floor":11,"turns":4},{"damage":6,"enemies":"Exordium Wildlife","floor":12,"turns":4},{"damage":6,"enemies":"3 Sentries","floor":14,"turns":3},{"damage":21,"enemies":"Hexaghost","floor":16,"turns":8},{"damage":2,"enemies":"Shell Parasite","floor":18,"turns":5},{"damage":0,"enemies":"3 Byrds","floor":19,"turns":4},{"damage":11,"enemies":"Snake Plant","floor":20,"turns":3},{"damage":3,"enemies":"Cultist and Chosen","floor":21,"turns":4},{"damage":18,"enemies":"Book of Stabbing","floor":23,"turns":5},{"damage":7,"enemies":"3 Cultists","floor":25,"turns":3},{"damage":0,"enemies":"Centurion and Healer","floor":29,"turns":5},{"damage":2,"enemies":"Shelled Parasite and Fungi","floor":31,"turns":4},{"damage":19,"enemies":"Automaton","floor":33,"turns":9},{"damage":2,"enemies":"3 Darklings","floor":35,"turns":3},{"damage":0,"enemies":"3 Shapes","floor":37,"turns":3},{"damage":0,"enemies":"Jaw Worm Horde","floor":38,"turns":2},{"damage":0,"enemies":"4 Shapes","floor":39,"turns":3},{"damage":89,"enemies":"Nemesis","floor":41,"turns":10}],"seed_played":"2544648013680943955","potions_obtained":[{"floor":0,"key":"SteroidPotion"},{"floor":0,"key":"DistilledChaos"},{"floor":0,"key":"Energy Potion"},{"floor":6,"key":"Dexterity Potion"},{"floor":12,"key":"Explosive Potion"},{"floor":23,"key":"EssenceOfDarkness"},{"floor":25,"key":"DistilledChaos"}],"is_trial":false,"path_per_floor":["M","M","M","M","M","E","R","E","T","R","M","M","R","E","R","B",null,"M","M","M","M","?","E","R","M","T","$","R","M","R","M","R","B",null,"M","$","M","M","M","R","E"],"character_chosen":"DEFECT","items_purchased":["Fruit Juice","SkillPotion","Pantograph","Strange Spoon"],"campfire_rested":3,"item_purchase_floors":[27,27,36,36],"current_hp_per_floor":[59,57,49,48,44,33,55,46,46,46,46,40,40,34,34,13,60,58,58,47,44,44,26,48,41,41,46,46,46,46,44,68,49,72,70,70,70,70,70,70,0,0],"gold":137,"neow_bonus":"THREE_SMALL_POTIONS","is_daily":false,"chose_seed":false,"campfire_upgraded":6,"win_rate":0.0,"timestamp":1609808243,"path_taken":["M","M","M","M","M","E","R","E","T","R","M","M","R","E","R","BOSS","M","M","M","M","?","E","R","M","T","$","R","M","R","M","R","BOSS","M","$","M","M","M","R","E"],"items_purchased_type":["Potion","Potion","Relic","Relic"],"build_version":"2020-12-22","purchased_purges":1,"victory":false,"max_hp_per_floor":[75,75,75,75,75,75,75,75,75,75,75,75,75,75,75,75,75,75,75,75,75,75,75,75,75,75,80,80,80,80,80,80,80,80,80,80,80,80,80,80,80,80],"card_choices":[{"not_picked":["Conserve Battery","Compile Driver"],"picked":"Cold Snap","floor":1},{"not_picked":["Redo","Steam"],"picked":"Genetic Algorithm","floor":2},{"not_picked":["Redo","Stack"],"picked":"Rip and Tear","floor":3},{"not_picked":["Streamline","Barrage"],"picked":"Defragment","floor":4},{"not_picked":["Stack","Rebound"],"picked":"Ball Lightning","floor":5},{"not_picked":["Chaos","Storm"],"picked":"Reinforced Body","floor":6},{"not_picked":["Tempest","Steam","Skim"],"picked":"SKIP","floor":8},{"not_picked":["Skim","Steam"],"picked":"BootSequence","floor":11},{"not_picked":["Hologram","Go for the Eyes"],"picked":"Electrodynamics","floor":12},{"not_picked":["Core Surge","Compile Driver"],"picked":"Ball Lightning","floor":14},{"not_picked":["Ball Lightning+1","Sweeping Beam","Tempest"],"picked":"SKIP","floor":18},{"not_picked":["Beam Cell","Force Field+1"],"picked":"Coolheaded","floor":19},{"not_picked":["Streamline","Rebound","Auto Shields"],"picked":"SKIP","floor":20},{"not_picked":["Sweeping Beam+1","Conserve Battery"],"picked":"Leap+1","floor":21},{"not_picked":["Streamline","Skim"],"picked":"Go for the Eyes","floor":23},{"not_picked":["Streamline+1","Coolheaded+1","Sunder","Heatsinks"],"picked":"SKIP","floor":25},{"not_picked":["Beam Cell","Undo","Stack"],"picked":"Biased Cognition","floor":29},{"not_picked":["Hologram","Cold Snap","Sweeping Beam","Streamline+1"],"picked":"SKIP","floor":31},{"not_picked":["Consume","Compile Driver","Redo","Rebound"],"picked":"SKIP","floor":35},{"not_picked":["Doom and Gloom","Sunder+1","Streamline+1","Barrage"],"picked":"SKIP","floor":37},{"not_picked":["Gash","Rip and Tear+1","Sweeping Beam"],"picked":"Go for the Eyes","floor":38},{"not_picked":["Gash+1","All For One","Coolheaded+1","Tempest+1"],"picked":"SKIP","floor":39}],"player_experience":1136063,"relics_obtained":[{"floor":6,"key":"Ancient Tea Set"},{"floor":8,"key":"Anchor"},{"floor":9,"key":"Mummified Hand"},{"floor":14,"key":"Peace Pipe"},{"floor":23,"key":"Question Card"},{"floor":26,"key":"Sundial"},{"floor":34,"key":"Dream Catcher"},{"floor":34,"key":"HornCleat"},{"floor":34,"key":"CaptainsWheel"}],"event_choices":[{"damage_healed":0,"gold_gain":99,"player_choice":"Stole From Cult","damage_taken":0,"max_hp_gain":0,"max_hp_loss":0,"event_name":"Nest","floor":22,"gold_loss":0}],"is_beta":false,"boss_relics":[{"not_picked":["Philosopher\u0027s Stone","Inserter"],"picked":"Astrolabe"},{"not_picked":["Fusion Hammer","Runic Pyramid"],"picked":"Calling Bell"}],"items_purged_floors":[27],"is_endless":false,"potions_floor_spawned":[3,6,11,12,23,25,29,31,33,37],"killed_by":"Nemesis","ascension_level":8}}