{"host":"qswkx8hggytna0kc","time":1609858659,"event":{"mods":["Aspiration","BaseMod","BetterRewards","Colored Map","Colored Powertips","Highlight Path","Hubris","Mimic Mod","Minty Spire (QoL Compilation)","Quick Restart","Replay The Spire","StSLib","SuperFastMode"],"gold_per_floor":[116,167,167,167,177,177,204,204,239,250,250,277,294,294,294],"floor_reached":14,"playtime":313,"items_purged":[],"score":124,"play_id":"7e9b6c75-04fb-49ac-8ee7-c5630a5adc4b","local_time":"20210105225739","is_ascension_mode":true,"campfire_choices":[{"data":"Wallop","floor":6.0,"key":"SMITH"},{"data":"Eruption","floor":8.0,"key":"SMITH"},{"data":"Devotion","floor":11.0,"key":"SMITH"}],"circlet_count":0,"master_deck":["Strike_P","Strike_P","Strike_P","Defend_P","Defend_P","Defend_P","Defend_P","Eruption+1","Vigilance","Protect","Evaluate","Wallop+1","Prostrate","Sanctity","EmptyBody","Devotion+1","Replay:Anticipation"],"relics":["PureWater","NeowsBlessing","Replay:Mystery Machine","Du-Vu Doll","Oddly Smooth Stone","Replay:Rubber Ducky"],"acts_visited":["Exordium"],"potions_floor_usage":[],"damage_taken":[{"damage":0.0,"enemies":"Cultist","floor":1.0,"turns":1.0},{"damage":0.0,"enemies":"Jaw Worm","floor":5.0,"turns":1.0},{"damage":0.0,"enemies":"Lagavulin","floor":7.0,"turns":1.0},{"damage":2.0,"enemies":"Small Slimes","floor":9.0,"turns":7.0},{"damage":0.0,"enemies":"Small Slimes","floor":10.0,"turns":4.0},{"damage":0,"enemies":"Looter","floor":13,"turns":4},{"damage":13,"enemies":"Gremlin Nob","floor":14,"turns":5}],"seed_played":"6746874800934363015","potions_obtained":[{"floor":1.0,"key":"PowerPotion"},{"floor":2.0,"key":"Explosive Potion"},{"floor":5.0,"key":"Adrenaline Potion"},{"floor":10.0,"key":"LiquidBronze"}],"is_trial":false,"path_per_floor":["M","?","?","?","M","R","E","R","MIM","M","R","T","M","E"],"character_chosen":"WATCHER","items_purchased":[],"campfire_rested":0,"item_purchase_floors":[],"current_hp_per_floor":[72,44,44,51,51,51,51,51,49,49,49,49,49,36,36],"gold":294,"neow_bonus":"THREE_ENEMY_KILL","is_daily":false,"chose_seed":false,"campfire_upgraded":3,"win_rate":0.0,"timestamp":1609858659,"path_taken":["M","?","?","?","M","R","E","R","MIM","M","R","?","M","E"],"items_purchased_type":[],"build_version":"2020-12-22","purchased_purges":0,"victory":false,"max_hp_per_floor":[72,72,72,72,72,72,72,72,72,72,72,72,72,72,72],"card_choices":[{"not_picked":["WaveOfTheHand","Worship"],"picked":"Protect","floor":1.0},{"not_picked":["ThirdEye","Indignation"],"picked":"Evaluate","floor":2.0},{"not_picked":["EmptyBody","Prostrate"],"picked":"Wallop","floor":2.0},{"not_picked":["Protect","Replay:ManipulateFuture"],"picked":"Prostrate","floor":5.0},{"not_picked":["Adaptation","Vengeance"],"picked":"Sanctity","floor":7.0},{"not_picked":["CarveReality","Halt"],"picked":"EmptyBody","floor":9.0},{"not_picked":["PathToVictory","Halt"],"picked":"Devotion","floor":10.0},{"not_picked":["BowlingBash","Replay:Vibes"],"picked":"Replay:Anticipation","floor":13}],"player_experience":237673,"relics_obtained":[{"floor":2.0,"key":"Replay:Mystery Machine"},{"floor":7.0,"key":"Du-Vu Doll"},{"floor":9.0,"key":"Oddly Smooth Stone"},{"floor":12.0,"key":"Replay:Rubber Ducky"}],"event_choices":[{"cards_removed":["Strike_P"],"damage_healed":0.0,"max_hp_gain":0.0,"max_hp_loss":0.0,"gold_gain":0.0,"event_name":"Living Wall","player_choice":"Forget","floor":3.0,"gold_loss":0.0,"damage_taken":0.0}],"is_beta":false,"boss_relics":[],"items_purged_floors":[],"is_endless":false,"potions_floor_spawned":[1,5,10],"killed_by":"Gremlin Nob","ascension_level":2}}