{"host":"uclt3t1usqzz4m5p","time":1609823053,"event":{"mods":["100% Spire Juice","AchievementEnabler","BaseMod","Better Altar","Better Match","Better Sensory Stone","Better Skull","Better Third Choice","Booster Modes","CCEM","Card Forge","Colored Powertips","Displayed Cursed Tome","Evolution","GifTheSpireLib","Gremlin Skip","Minty Spire (QoL Compilation)","Permanent Neow","Quick Restart","StSLib","SuperFastMode","The Caster"],"gold_per_floor":[364,16,30,49,49,82,3,3,26,38,51,51,67,98,98,98,98],"floor_reached":16,"playtime":916,"items_purged":["Normality"],"score":112,"play_id":"979b78fe-0877-465b-a019-4df666f800d2","local_time":"20210104210413","is_ascension_mode":false,"campfire_choices":[{"data":"caster:JupitelThunder","floor":12.0,"key":"SMITH"},{"data":"caster:PhoenixFlare","floor":15.0,"key":"SMITH"}],"circlet_count":0,"master_deck":["caster:Meteor","caster:DivertFocus","caster:strike","caster:strike","caster:strike","caster:defend","caster:defend","caster:defend","caster:defend","caster:defend","caster:Enfeeble","Apotheosis","caster:LightningBolt","caster:MegaloSpark","caster:StaticField","caster:Eruption","caster:EchoingVoice","caster:FrostDriver","caster:WallOfRocks","caster:MagicBarrier","caster:Thundara+1","caster:JupitelThunder+1","caster:IcicleLance","caster:FlashFrost","caster:PhoenixFlare+1"],"relics":["caster:MagicBook","Hammer of Thor","Seething Fire","Anvil of the Gods","EVO:Axolotl","Membership Card","Bag of Preparation","Potion Belt","Orrery","Bag of Marbles","Toy Ornithopter"],"acts_visited":["Exordium"],"potions_floor_usage":[16,16],"damage_taken":[{"damage":3.0,"enemies":"Small Slimes","floor":1.0,"turns":4.0},{"damage":6.0,"enemies":"Cultist","floor":3.0,"turns":4.0},{"damage":7.0,"enemies":"Jaw Worm","floor":4.0,"turns":4.0},{"damage":32.0,"enemies":"Gremlin Nob","floor":6.0,"turns":5.0},{"damage":0.0,"enemies":"Large Slime","floor":10.0,"turns":7.0},{"damage":0.0,"enemies":"Gremlin Gang","floor":11.0,"turns":4.0},{"damage":9.0,"enemies":"Exordium Wildlife","floor":13.0,"turns":4.0},{"damage":2.0,"enemies":"3 Sentries","floor":14.0,"turns":5.0},{"damage":17,"enemies":"The Guardian","floor":16,"turns":2}],"seed_played":"2962217022880958391","potions_obtained":[{"floor":3.0,"key":"SkillPotion"},{"floor":6.0,"key":"EssenceOfSteel"},{"floor":11.0,"key":"ColorlessPotion"},{"floor":14.0,"key":"Dexterity Potion"}],"is_trial":false,"path_per_floor":["M","$","M","M","?","E","$","?","T","M","M","R","M","E","R","B"],"character_chosen":"THE_CASTER","items_purchased":["Membership Card","Apotheosis","Bag of Preparation","Orrery"],"campfire_rested":0,"item_purchase_floors":[2,2,2,7],"current_hp_per_floor":[61,61,55,48,48,16,16,16,16,16,16,16,7,5,5,0,0],"gold":98,"neow_bonus":"TWO_FIFTY_GOLD","is_daily":false,"chose_seed":false,"campfire_upgraded":2,"win_rate":0.0,"timestamp":1609823053,"path_taken":["M","$","M","M","?","E","$","?","T","M","M","R","M","E","R","BOSS"],"items_purchased_type":["Relic","Card","Relic","Relic"],"build_version":"2020-12-22","purchased_purges":1,"victory":false,"max_hp_per_floor":[64,64,64,64,64,64,64,64,64,64,64,64,64,64,64,64,64],"card_choices":[{"not_picked":["caster:FlashFrost","caster:Sandstorm"],"picked":"caster:Enfeeble","floor":1.0},{"not_picked":["caster:Sleet","caster:Enfeeble"],"picked":"caster:LightningBolt","floor":3.0},{"not_picked":["caster:Enfeeble","caster:Elementalize"],"picked":"caster:MegaloSpark","floor":4.0},{"not_picked":["caster:Embers","caster:FlashFrost"],"picked":"caster:StaticField","floor":6.0},{"not_picked":["caster:Barbroot","caster:AshesToAshes"],"picked":"caster:Eruption","floor":7.0},{"not_picked":["caster:MagicBarrier","caster:Illusion"],"picked":"caster:EchoingVoice","floor":7.0},{"not_picked":["caster:MagicResonance","caster:DiablosFlame"],"picked":"caster:FrostDriver","floor":7.0},{"not_picked":["caster:Sultry","caster:GlacialShield"],"picked":"caster:WallOfRocks","floor":7.0},{"not_picked":["caster:AshesToAshes","caster:FlashFrost"],"picked":"caster:MagicBarrier","floor":7.0},{"not_picked":["caster:Fireball","caster:MagicBarrier"],"picked":"caster:JupitelThunder","floor":10.0},{"not_picked":["caster:Barbroot","caster:Grimoire"],"picked":"caster:IcicleLance","floor":11.0},{"not_picked":["caster:Focusyn","caster:FrigidBeam"],"picked":"caster:FlashFrost","floor":13.0},{"not_picked":["caster:FlashFrost","caster:NaturalChaos"],"picked":"caster:PhoenixFlare","floor":14.0}],"player_experience":581479,"relics_obtained":[{"floor":6.0,"key":"Potion Belt"},{"floor":9.0,"key":"Bag of Marbles"},{"floor":14.0,"key":"Toy Ornithopter"}],"event_choices":[{"cards_removed":["caster:strike"],"damage_healed":0.0,"max_hp_gain":0.0,"max_hp_loss":0.0,"gold_gain":0.0,"event_name":"Purifier","player_choice":"Purged","floor":5.0,"gold_loss":0.0,"damage_taken":0.0}],"is_beta":false,"boss_relics":[],"items_purged_floors":[2],"is_endless":false,"potions_floor_spawned":[3,6,11,14],"killed_by":"The Guardian","ascension_level":0}}