{"host":"5yjvsohl6z99blyx","time":1609868242,"event":{"mods":["BaseMod","Better Altar","Better Match","Better Note","Better Sensory Stone","Better Skull","Better Third Choice","Better Vampires","BetterRewards","Card Forge","Colored Map","Colored Powertips","Defuse TimeMaze Blight","Downfall","Emptier Cage","Energized Spire","Highlight Path","Hubris","Minty Spire (QoL Compilation)","Permanent Neow","Quick Restart","Relic Filter","Replay The Spire","Shop Mod","StSLib","Synergy Search","Thieving Mod","Transform Curses","Uncapped"],"gold_per_floor":[119,142,164,164,178,211,211,244,244,244,286,357,374,392,392,496,496,515,958,979,188,218,218,260,260,260,284,284,341,37,37,37,139,139,169,169,169,229,254,35,63,86,109,109,134,156,197,226,226,232,232,232,14,46,48],"floor_reached":56,"playtime":3991,"items_purged":["Strike_R"],"score":1568,"play_id":"c1fa99dc-8d9c-4bc9-8dd8-a30933e7460e","local_time":"20210105183722","is_ascension_mode":true,"campfire_choices":[{"floor":7,"key":"RECALL"},{"floor":10,"key":"REST"},{"data":"1","floor":23,"key":"LIFT"},{"data":"2","floor":25,"key":"LIFT"},{"data":"3","floor":32,"key":"LIFT"},{"data":"champ:StanceDance+1","floor":44,"key":"PURGE"},{"floor":49,"key":"DIG"},{"floor":52,"key":"REST"}],"circlet_count":0,"master_deck":["Defend_R+1","Defend_R+1","Bash+1","Inflame+1","Flame Barrier+1","Flame Barrier+1","Cleave+1","Flex+1","expansioncontent:ChargeUp+1","Warcry+1","Headbutt+1","Clothesline+1","Heavy Blade+1","Feed+1","Fire Breathing+1","Intimidate+1","Double Tap+1","Metallicize+1","Reaper+1","Barricade+1","Berserk+1","Demon Form+1","Limit Break+1","Disarm+1","Adrenaline+1","Infinite Blades+1","Burst+1","Caltrops+1","Footwork+1","After Image+1","Blade Dance+1","Uppercut+1","Shrug It Off+1","Replay:SS_hec_2+1","Seeing Red+1","Entrench+1","Juggernaut+1","Impervious+1","Impervious+1","After Image+1","Terror+1","A Thousand Cuts+1","Phantasmal Killer+1","Envenom+1","Bullet Time+1","Aggregate+1","Echo Form+1","Fusion+1","Amplify+1","DevaForm+1","Study+1","BattleHymn","Devotion+1","Omniscience+1","expansioncontent:Chronoboost+1","expansioncontent:DefensiveStance+1","Replay:SS_forest_6+1","Replay:SS_forest_2+1","Replay:SS_hec_1+1","Mayhem+1","Guardian:FloatingOrbs","Juggernaut+1","Establishment+1"],"relics":["Burning Blood","Hammer of Thor","Seething Fire","Anvil of the Gods","Membership Card","Quantum Egg","Mercury Hourglass","MerchantsRug","Replay:Bandana","hubris:MedicalManual","Toxic Egg 2","Thread and Needle","hubris:Zylophone","Strawberry","Meat on the Bone","Boot","The Courier","Bottled Flame","Centennial Puzzle","Sundial","Busted Crown","Vajra","hubris:ToyBattleship","Replay:Wax Seal","Bronze Scales","MealTicket","Champion Belt","Orichalcum","Girya","Blue Candle","Dream Catcher","Snack Pack","Whetstone","King of Hearts","Mirror","Peace Pipe","HornCleat","PrismaticShard","Eternal Feather","energizedSpire:DecayingSkull","Magic Flower","Sling","Guardian:PocketSentry","Pear","Pet Ghost","hubris:TenFootPole","hubris:SphereOfDissonance","Torii","Bottled Tornado"],"acts_visited":["Exordium","TheCity","TheBeyond","TheEnding"],"potions_floor_usage":[5,8,55,55],"damage_taken":[{"damage":0,"enemies":"Cultist","floor":1,"turns":3},{"damage":0,"enemies":"2 Louse","floor":2,"turns":2},{"damage":16,"enemies":"Jaw Worm","floor":3,"turns":5},{"damage":4,"enemies":"Lots of Slimes","floor":5,"turns":3},{"damage":20,"enemies":"Gremlin Nob","floor":6,"turns":4},{"damage":0,"enemies":"3 Sentries","floor":8,"turns":4},{"damage":2,"enemies":"Gremlin Nob","floor":11,"turns":3},{"damage":2,"enemies":"Gremlin Nob","floor":12,"turns":3},{"damage":0,"enemies":"Blue Slaver","floor":13,"turns":3},{"damage":0,"enemies":"Large Slime","floor":14,"turns":2},{"damage":0,"enemies":"The Guardian","floor":16,"turns":6},{"damage":11,"enemies":"Shell Parasite","floor":18,"turns":5},{"damage":0,"enemies":"Spheric Guardian","floor":20,"turns":3},{"damage":5,"enemies":"Shelled Parasite and Fungi","floor":22,"turns":2},{"damage":20,"enemies":"Slavers","floor":24,"turns":4},{"damage":11,"enemies":"Snake Plant","floor":27,"turns":4},{"damage":0,"enemies":"Gremlin Leader","floor":29,"turns":4},{"damage":19,"enemies":"Champ","floor":33,"turns":7},{"damage":2,"enemies":"3 Shapes","floor":35,"turns":3},{"damage":0,"enemies":"Mind Bloom Boss Battle","floor":38,"turns":4},{"damage":3,"enemies":"3 Darklings","floor":39,"turns":3},{"damage":4,"enemies":"Spire Growth","floor":41,"turns":3},{"damage":15,"enemies":"Sphere and 2 Shapes","floor":42,"turns":5},{"damage":1,"enemies":"4 Shapes","floor":45,"turns":4},{"damage":22,"enemies":"Maw","floor":46,"turns":5},{"damage":8,"enemies":"Giant Head","floor":47,"turns":4},{"damage":31,"enemies":"Jaw Worm Horde","floor":48,"turns":4},{"damage":0,"enemies":"Replay:Hell Engine","floor":50,"turns":6},{"damage":41,"enemies":"Shield and Spear","floor":54,"turns":5},{"damage":15,"enemies":"The Heart","floor":55,"turns":7}],"seed_played":"-7196059036107123470","potions_obtained":[{"floor":1,"key":"DistilledChaos"},{"floor":3,"key":"Dexterity Potion"},{"floor":6,"key":"Adrenaline Potion"},{"floor":13,"key":"Dexterity Potion"},{"floor":14,"key":"FairyPotion"}],"is_trial":false,"path_per_floor":["M","M","M","T","M","E","R","E","T","R","E","?","M","M","R_BF","B",null,"M","?","M","$","M","R","E","R","T","M","?","E","$","?","R","B",null,"M","?","?","?","M","$","M","M","T","R","M","M","E","M","R_BF","B",null,"R","$","E","B",null],"character_chosen":"IRONCLAD","items_purchased":["Apotheosis","Membership Card","Quantum Egg","Mercury Hourglass","Inflame","MerchantsRug","Flame Barrier","Cleave","Flex","expansioncontent:ChargeUp","Toxic Egg 2","Thread and Needle","Strawberry","Warcry+1","Replay:Wax Seal","Bronze Scales","MealTicket","Champion Belt","Uppercut","Orichalcum","Girya","Blue Candle","Dream Catcher","Snack Pack","Whetstone","HornCleat","Replay:SS_hec_2","PrismaticShard","Eternal Feather","Sling","Guardian:PocketSentry","Pear","hubris:SphereOfDissonance","Torii"],"campfire_rested":2,"item_purchase_floors":[0,0,0,0,0,0,0,0,0,0,0,0,0,0,21,21,21,21,21,21,21,21,21,21,21,30,30,30,30,40,40,40,53,53],"current_hp_per_floor":[87,87,77,77,79,65,65,75,75,91,95,95,99,99,99,99,99,94,9,27,27,44,44,65,65,65,60,99,99,99,99,99,92,103,107,110,110,114,114,124,128,132,132,132,136,136,136,126,140,144,144,144,144,112,109],"gold":48,"neow_bonus":"","is_daily":false,"chose_seed":false,"campfire_upgraded":0,"win_rate":0.0,"timestamp":1609868242,"path_taken":["M","M","M","?","M","E","R","E","T","R","E","?","?","M","R_BF","BOSS","M","?","M","$","M","R","E","R","T","M","?","E","$","?","R","BOSS","M","?","?","?","M","$","?","M","T","R","M","M","E","M","R_BF","BOSS","R","$","E","BOSS"],"items_purchased_type":["Card","Relic","Relic","Relic","Card","Relic","Card","Card","Card","Card","Relic","Relic","Relic","Card","Relic","Relic","Relic","Relic","Card","Relic","Relic","Relic","Relic","Relic","Relic","Relic","Card","Relic","Relic","Relic","Relic","Relic","Relic","Relic"],"build_version":"2020-12-22","purchased_purges":1,"victory":true,"max_hp_per_floor":[87,87,87,87,87,87,87,91,91,91,95,95,99,99,99,99,99,99,99,99,99,99,99,99,99,99,99,99,99,99,99,99,103,103,107,110,110,114,114,124,128,132,132,132,136,136,136,140,140,144,144,144,144,144,144],"card_choices":[{"not_picked":["Replay:Undeath\u0027s Touch","hubris:CleavingFinish"],"picked":"Headbutt","floor":1},{"not_picked":["Replay:Undeath\u0027s Touch","ReplayTheSpireMod:Limb From Limb"],"picked":"Clothesline","floor":2},{"not_picked":["Dual Wield+1","Dark Embrace"],"picked":"Heavy Blade","floor":3},{"not_picked":["hubris:CleavingFinish","Flame Barrier+1","Clash"],"picked":"SKIP","floor":5},{"not_picked":["Sword Boomerang","Wild Strike"],"picked":"Feed","floor":6},{"not_picked":["Thunderclap","Replay:Undeath\u0027s Touch"],"picked":"Fire Breathing","floor":8},{"not_picked":["ReplayTheSpireMod:Strike From Hell","Anger","Havoc+1"],"picked":"SKIP","floor":11},{"not_picked":["Sword Boomerang","Clothesline"],"picked":"Intimidate+1","floor":12},{"not_picked":["Sword Boomerang","ReplayTheSpireMod:Strike From Hell"],"picked":"Double Tap+1","floor":13},{"not_picked":["Defy Death+1","Havoc+1"],"picked":"Metallicize","floor":14},{"not_picked":["Impervious+1","Bludgeon"],"picked":"Reaper","floor":16},{"not_picked":["Dark Embrace"],"picked":"SKIP","floor":18},{"not_picked":["Heavy Blade"],"picked":"SKIP","floor":20},{"not_picked":["Combust+1"],"picked":"SKIP","floor":22},{"not_picked":[],"picked":"Shrug It Off+1","floor":24},{"not_picked":["Headbutt+1"],"picked":"SKIP","floor":27},{"not_picked":["Defy Death+1"],"picked":"SKIP","floor":29},{"not_picked":["Guardian:Gem_Cyan"],"picked":"SKIP","floor":35},{"not_picked":[],"picked":"champ:StanceDance+1","floor":38},{"not_picked":["EmptyBody+1"],"picked":"SKIP","floor":39},{"not_picked":["sneckomod:SoulDraw+1"],"picked":"SKIP","floor":41},{"not_picked":["champ:StanceDance+1"],"picked":"SKIP","floor":42},{"not_picked":["hexamod:GhostShield+1"],"picked":"SKIP","floor":45},{"not_picked":["Poisoned Stab+1"],"picked":"SKIP","floor":46},{"not_picked":["Bane+1"],"picked":"SKIP","floor":47},{"not_picked":["Slimebound:SlimeBrawl+1"],"picked":"SKIP","floor":48},{"not_picked":[],"picked":"Juggernaut","floor":54}],"player_experience":207450,"relics_obtained":[{"floor":4,"key":"Meat on the Bone"},{"floor":6,"key":"Boot"},{"floor":8,"key":"The Courier"},{"floor":9,"key":"Bottled Flame"},{"floor":11,"key":"Centennial Puzzle"},{"floor":24,"key":"King of Hearts"},{"floor":26,"key":"Mirror"},{"floor":29,"key":"Peace Pipe"},{"floor":38,"key":"Magic Flower"},{"floor":47,"key":"Pet Ghost"},{"floor":49,"key":"hubris:TenFootPole"},{"floor":54,"key":"Bottled Tornado"}],"event_choices":[{"damage_healed":0,"gold_gain":0,"player_choice":"Searched \u00272\u0027 times","damage_taken":0,"relics_obtained":["Sundial"],"max_hp_gain":0,"max_hp_loss":0,"event_name":"Dead Adventurer","floor":12,"gold_loss":0},{"damage_healed":0,"gold_gain":0,"player_choice":"Got Potions","damage_taken":0,"max_hp_gain":0,"max_hp_loss":0,"event_name":"Lab","floor":15,"gold_loss":0},{"damage_healed":0,"gold_gain":443,"player_choice":"RE RE GO GO GO GO ","damage_taken":93,"relics_obtained":["Vajra","hubris:ToyBattleship"],"max_hp_gain":0,"max_hp_loss":0,"event_name":"betterSkull:BetterSkull","floor":19,"gold_loss":0,"cards_upgraded":[]},{"cards_removed":["Accuracy"],"damage_healed":39,"gold_gain":0,"player_choice":"Offered Uncommon","damage_taken":0,"max_hp_gain":0,"max_hp_loss":0,"event_name":"Bonfire Elementals","floor":28,"gold_loss":0},{"damage_healed":0,"gold_gain":0,"player_choice":"Ignored","damage_taken":0,"max_hp_gain":0,"max_hp_loss":0,"event_name":"betterNote:BetterNote","floor":31,"gold_loss":0,"cards_obtained":["Eruption"]},{"damage_healed":0,"gold_gain":0,"player_choice":"Fight","damage_taken":0,"max_hp_gain":0,"max_hp_loss":0,"event_name":"MindBloom","floor":38,"gold_loss":0}],"is_beta":false,"boss_relics":[{"not_picked":["Empty Cage","energizedSpire:MagnifyingGlass"],"picked":"Busted Crown"},{"not_picked":["Pandora\u0027s Box","SlaversCollar"],"picked":"energizedSpire:DecayingSkull"}],"items_purged_floors":[0],"is_endless":false,"potions_floor_spawned":[1,3,6,13,14,16,20,24,27,35,38,47,48],"ascension_level":2}}