{"host":"7qf1todfnxspvw7w","time":1609890685,"event":{"mods":["BaseMod","BetterRewards","Block Reminder","Colored Powertips","Disable Question Mark Monsters","Displayed Cursed Tome","Downfall","Gold Saver","Googly Eyes","Infinite Spire","Ironclad Rager","Lobotomy","Minty Spire (QoL Compilation)","Rare Cards Sparkle","Relic Stats","Reorder Act Four","Replay The Spire","SacredBarkPlus","Shop Mod","StSLib","Uncapped"],"gold_per_floor":[743,743,743,150,165,178,231,231,231,81,100,111,122,132,152,257,257,257,257,257,96,96,96,96,96,96,96,96,96,96,96,96,96,96,96,96,96,96,96,96,96,96,96,81,81,81,81,81,81,81,81,81,81,81,6,6],"floor_reached":57,"playtime":3718,"items_purged":["Guardian:Strike_Guardian","Guardian:Strike_Guardian","Guardian:TimeBomb"],"score":1111,"play_id":"589c390f-eca5-4560-8a17-071e60f023f5","local_time":"20210106025125","is_ascension_mode":false,"campfire_choices":[{"floor":1,"key":"RECALL"},{"data":"Guardian:PrismaticBeam","floor":10,"key":"SMITH"},{"data":"ReplayTheSpireMod:Brewmster","floor":18,"key":"SMITH"},{"floor":23,"key":"REST"},{"data":"Guardian:DonusPower","floor":29,"key":"SMITH"},{"floor":35,"key":"DIG"},{"floor":49,"key":"REST"},{"data":"infinitespire:TheBestDefense","floor":54,"key":"SMITH"}],"circlet_count":0,"master_deck":["Guardian:Strike_Guardian","Guardian:Strike_Guardian","Guardian:Defend_Guardian","Guardian:Defend_Guardian","Guardian:Defend_Guardian","Guardian:CurlUp+1","Guardian:TwinSlam","Guardian:ChargeUp+1","Guardian:Harden","ReplayTheSpireMod:Brewmster+1","Guardian:PrismaticBeam+1","Guardian:FloatingOrbs","Guardian:GuardianWhirl","Guardian:MultiBeam+1","Guardian:Orbwalk","Guardian:Reroute","Guardian:Preprogram","Guardian:DonusPower+1","infinitespire:TheBestDefense+1","Guardian:Suspension+1","Guardian:FastForward","Guardian:ShieldCharger","Guardian:PrismaticBeam+1","Guardian:Clone"],"relics":["Guardian:ModeShifter","downfall:HeartsMalice","infinitespire:BottledMercury","downfall:HeartBlessingBlue","downfall:HeartBlessingRed","downfall:Hecktoplasm","Busted Crown","infinitespire:WardingShard","infinitespire:Lucky Rock","War Paint","downfall:HeartBlessingGreen","infinitespire:PuzzleCube"],"acts_visited":["Exordium","TheCity","TheBeyond","TheEnding"],"potions_floor_usage":[16,16,21,26,28,28,31,32,33,33,33,37,40,42,42,42,45,46,46,46,48,50,50,50,53,53,53,56,56,56,56,56,56],"damage_taken":[{"damage":0,"enemies":"Jaw Worm","floor":2,"turns":1},{"damage":0,"enemies":"Small Slimes","floor":3,"turns":1},{"damage":0,"enemies":"downfall:FleeingMerchant","floor":4,"turns":1},{"damage":5,"enemies":"Cultist","floor":5,"turns":5},{"damage":30,"enemies":"Large Slime","floor":6,"turns":6},{"damage":0,"enemies":"3 Louse","floor":11,"turns":3},{"damage":12,"enemies":"Gremlin Gang","floor":12,"turns":4},{"damage":0,"enemies":"2 Fungi Beasts","floor":13,"turns":1},{"damage":0,"enemies":"Large Slime","floor":14,"turns":4},{"damage":13,"enemies":"3 Louse","floor":15,"turns":4},{"damage":11,"enemies":"downfall:Watcher","floor":16,"turns":6},{"damage":10,"enemies":"3 Byrds","floor":19,"turns":4},{"damage":0,"enemies":"downfall:FleeingMerchant","floor":21,"turns":4},{"damage":16,"enemies":"Snake Plant","floor":22,"turns":3},{"damage":21,"enemies":"Chosen and Byrds","floor":25,"turns":5},{"damage":12,"enemies":"Shelled Parasite and Fungi","floor":26,"turns":4},{"damage":14,"enemies":"Snake Plant","floor":28,"turns":3},{"damage":0,"enemies":"Centurion and Healer","floor":30,"turns":4},{"damage":22,"enemies":"Sentry and Sphere","floor":31,"turns":4},{"damage":3,"enemies":"Snake Plant","floor":32,"turns":4},{"damage":9,"enemies":"downfall:Ironclad","floor":33,"turns":5},{"damage":4,"enemies":"Orb Walker","floor":36,"turns":3},{"damage":2,"enemies":"3 Darklings","floor":37,"turns":4},{"damage":0,"enemies":"Jaw Worm Horde","floor":38,"turns":3},{"damage":12,"enemies":"Writhing Mass","floor":40,"turns":3},{"damage":18,"enemies":"Spire Growth","floor":42,"turns":3},{"damage":2,"enemies":"Jaw Worm Horde","floor":43,"turns":2},{"damage":1,"enemies":"downfall:FleeingMerchant","floor":44,"turns":4},{"damage":13,"enemies":"3 Darklings","floor":45,"turns":3},{"damage":8,"enemies":"Sphere and 2 Shapes","floor":46,"turns":4},{"damage":36,"enemies":"Nemesis","floor":48,"turns":5},{"damage":6,"enemies":"downfall:Defect","floor":50,"turns":3},{"damage":3,"enemies":"downfall:CharBossMerchant","floor":53,"turns":6},{"damage":21,"enemies":"downfall:NeowBoss","floor":56,"turns":15}],"seed_played":"-511660839502968173","potions_obtained":[{"floor":5,"key":"Ancient Potion"},{"floor":15,"key":"hexamod:EctoCoolerPotion"},{"floor":32,"key":"Adrenaline Potion"},{"floor":40,"key":"Dexterity Potion"},{"floor":43,"key":"sneckomod:MuddlingPotion"},{"floor":45,"key":"Regen Potion"},{"floor":48,"key":"Elixir"}],"is_trial":false,"path_per_floor":["R","M","M","$","M","M","T","?","?","R","M","M","M","M","M","B",null,"R","M","?","$","M","R","T","M","M","AVR","M","R","M","M","M","B",null,"R","M","M","M","?","M","T","M","M","$","M","M","?","E","R","B",null,null,"E","R","$","B",null],"character_chosen":"GUARDIAN","items_purchased":["ReplayTheSpireMod:Brewmster","Guardian:PrismaticBeam","infinitespire:BottledMercury","Guardian:Reroute","Milkshake"],"campfire_rested":2,"item_purchase_floors":[4,4,4,21,55],"current_hp_per_floor":[80,80,80,80,75,45,45,45,45,55,55,43,43,43,30,19,90,90,80,80,80,64,90,90,69,62,62,48,48,48,26,23,14,90,90,86,84,84,84,72,72,54,52,51,38,42,42,6,33,27,27,90,87,87,87,66],"gold":6,"neow_bonus":"THREE_ENEMY_KILL","is_daily":false,"chose_seed":false,"campfire_upgraded":4,"win_rate":0.0,"timestamp":1609890685,"path_taken":["R","M","M","$","M","M","T","?","?","R","M","M","?","M","M","BOSS","R","M","?","$","M","R","T","M","M","AVR","M","R","M","M","M","BOSS","R","M","M","M","?","M","T","M","?","$","M","M","?","E","R","BOSS","E","R","$","BOSS"],"items_purchased_type":["Card","Card","Relic","Card","Potion"],"build_version":"2020-12-22","purchased_purges":3,"victory":true,"max_hp_per_floor":[80,80,80,80,80,80,80,80,80,90,90,90,90,90,90,90,90,90,90,90,90,90,90,90,90,90,90,90,90,90,90,90,90,90,90,90,90,90,90,90,90,90,90,90,90,90,90,90,90,90,90,90,90,90,90,90],"relic_stats":{"Busted Crown":28,"counters":[34,129],"War Paint":["Guardian:ChargeUp","Guardian:CurlUp"],"obtain_stats":[{"infinitespire:BottledMercury":4,"Busted Crown":34,"downfall:HeartBlessingRed":10,"infinitespire:WardingShard":35,"downfall:HeartBlessingBlue":10,"Guardian:ModeShifter":0,"downfall:HeartsMalice":0,"downfall:HeartBlessingGreen":49,"downfall:Hecktoplasm":17,"infinitespire:Lucky Rock":41,"War Paint":48,"infinitespire:PuzzleCube":53},{"infinitespire:BottledMercury":3,"Busted Crown":21,"downfall:HeartBlessingRed":5,"infinitespire:WardingShard":21,"downfall:HeartBlessingBlue":5,"Guardian:ModeShifter":0,"downfall:HeartsMalice":0,"downfall:HeartBlessingGreen":31,"downfall:Hecktoplasm":11,"infinitespire:Lucky Rock":25,"War Paint":31,"infinitespire:PuzzleCube":33},{"infinitespire:BottledMercury":0,"Busted Crown":71,"downfall:HeartBlessingRed":11,"infinitespire:WardingShard":71,"downfall:HeartBlessingBlue":11,"Guardian:ModeShifter":0,"downfall:HeartsMalice":0,"downfall:HeartBlessingGreen":105,"downfall:Hecktoplasm":32,"infinitespire:Lucky Rock":84,"War Paint":105,"infinitespire:PuzzleCube":114}]},"card_choices":[{"not_picked":["Guardian:TemporalStrike","Guardian:CrystalBeam"],"picked":"Guardian:ChargeUp","floor":2},{"not_picked":["Guardian:Suspension","Guardian:VentSteam"],"picked":"Guardian:Harden","floor":3},{"not_picked":["Guardian:Harden","Guardian:Gem_Red"],"picked":"Guardian:Gem_Orange","floor":4},{"not_picked":["Guardian:TemporalStrike","Guardian:Gem_Cyan"],"picked":"Guardian:FloatingOrbs","floor":5},{"not_picked":["Guardian:Gem_Red","Guardian:Clone"],"picked":"Guardian:Gem_White","floor":6},{"not_picked":["Guardian:PiercingHide","Guardian:PrimingBeam"],"picked":"Guardian:GuardianWhirl","floor":11},{"not_picked":["Guardian:WalkerClaw","Guardian:TimeCapacitor","Guardian:TimeSifter"],"picked":"SKIP","floor":12},{"not_picked":["Guardian:TemporalShield","Guardian:BronzeOrb","Guardian:Gem_Cyan"],"picked":"SKIP","floor":13},{"not_picked":["Guardian:EvasiveProtocol","Guardian:GuardianWhirl"],"picked":"Guardian:TimeBomb","floor":14},{"not_picked":["Guardian:Suspension","Guardian:PrimingBeam","Guardian:VentSteam"],"picked":"SKIP","floor":15},{"not_picked":["Guardian:PrimingBeam+1","Guardian:TimeBomb"],"picked":"Guardian:MultiBeam+1","floor":19},{"not_picked":["Guardian:SpikerProtocol","Guardian:PolyBeam"],"picked":"Guardian:Orbwalk","floor":21},{"not_picked":["Guardian:EvasiveProtocol","Guardian:Gem_Lightblue"],"picked":"Guardian:Preprogram","floor":22},{"not_picked":["Guardian:ChargeCore","Guardian:PolyBeam"],"picked":"Guardian:DonusPower","floor":25},{"not_picked":["Guardian:RollAttack","Guardian:TemporalStrike"],"picked":"Guardian:Gem_Red","floor":26},{"not_picked":["Guardian:VentSteam+1","Guardian:StasisField"],"picked":"Guardian:Suspension+1","floor":28},{"not_picked":["Guardian:ShieldCharger","Guardian:PiercingHide+1"],"picked":"Guardian:Gem_Cyan","floor":30},{"not_picked":["Guardian:VentSteam","Guardian:SentryBeam"],"picked":"Guardian:Gem_Purple","floor":31},{"not_picked":["Guardian:TemporalShield","Guardian:DecasProtection"],"picked":"Guardian:Gem_Blue","floor":32},{"not_picked":["Guardian:RevengeProtocol","Guardian:HyperBeam_Guardian"],"picked":"Guardian:FastForward","floor":33},{"not_picked":["Guardian:Gem_Blue"],"picked":"SKIP","floor":36},{"not_picked":["Guardian:ShieldCharger"],"picked":"SKIP","floor":37},{"not_picked":[],"picked":"Guardian:ShieldCharger","floor":37},{"not_picked":[],"picked":"Guardian:Gem_Crimson","floor":38},{"not_picked":["Guardian:TemporalStrike+1"],"picked":"SKIP","floor":40},{"not_picked":["Guardian:VentSteam+1"],"picked":"SKIP","floor":43},{"not_picked":["Guardian:CrystalBeam+1"],"picked":"SKIP","floor":44},{"not_picked":["Guardian:PrimingBeam"],"picked":"SKIP","floor":45},{"not_picked":[],"picked":"Guardian:Clone","floor":46},{"not_picked":["Guardian:AncientConstruct"],"picked":"SKIP","floor":48},{"not_picked":["Guardian:ArmoredProtocol"],"picked":"SKIP","floor":53}],"player_experience":522210,"relics_obtained":[{"floor":35,"key":"infinitespire:WardingShard"},{"floor":41,"key":"infinitespire:Lucky Rock"},{"floor":48,"key":"War Paint"},{"floor":53,"key":"infinitespire:PuzzleCube"}],"event_choices":[{"damage_healed":0,"gold_gain":0,"player_choice":"Copied","damage_taken":0,"max_hp_gain":0,"max_hp_loss":0,"event_name":"Duplicator","floor":39,"gold_loss":0,"cards_obtained":["Guardian:PrismaticBeam"]}],"is_beta":false,"boss_relics":[{"not_picked":["ReplayTheSpireMod:DimensionalGlitch","Snecko Eye"],"picked":"downfall:Hecktoplasm"},{"not_picked":["Replay:Bronze Core","Honey Jar"],"picked":"Busted Crown"}],"items_purged_floors":[4,21,27],"is_endless":false,"potions_floor_spawned":[5,13,14,15,19,26,28,32,40,43,45,48],"ascension_level":0}}