{"host":"52m1o8iwwagurbjs","time":1609817085,"event":{"mods":["AchievementEnabler","BaseMod","Bestiary","Colored Powertips","GifTheSpireLib","Minty Spire (QoL Compilation)","Quick Restart","RNG Fix","Relic Stats","StSLib"],"gold_per_floor":[116,135,22,36,36,36,70,70,119,146,166,182,182,213,213,288,288,301,57,70,70,84,84,84],"floor_reached":23,"playtime":711,"items_purged":["Strike_B"],"score":460,"play_id":"87f88705-0c97-446b-9771-fbb423712115","local_time":"20210104222445","is_ascension_mode":true,"campfire_choices":[{"data":"Sunder","floor":6.0,"key":"SMITH"},{"data":"Defragment","floor":8.0,"key":"SMITH"},{"floor":13.0,"key":"REST"},{"data":"Loop","floor":15.0,"key":"SMITH"}],"circlet_count":0,"master_deck":["AscendersBane","Defend_B","Defend_B","Defend_B","Defend_B","Zap","Dualcast","Cold Snap","Sunder+1","Defragment+1","Coolheaded","Loop+1","FTL","Ball Lightning","Coolheaded","Undo","Amplify","Chill","Capacitor","Glacier+1","Loop","White Noise"],"relics":["Cracked Core","NeowsBlessing","Bottled Lightning","Juzu Bracelet","White Beast Statue","Bag of Preparation","Empty Cage"],"acts_visited":["Exordium","TheCity"],"potions_floor_usage":[],"damage_taken":[{"damage":0.0,"enemies":"Cultist","floor":1.0,"turns":1.0},{"damage":0.0,"enemies":"Small Slimes","floor":2.0,"turns":1.0},{"damage":0.0,"enemies":"2 Louse","floor":4.0,"turns":1.0},{"damage":17.0,"enemies":"3 Sentries","floor":7.0,"turns":5.0},{"damage":8.0,"enemies":"Lagavulin","floor":10.0,"turns":6.0},{"damage":8.0,"enemies":"Exordium Wildlife","floor":11.0,"turns":3.0},{"damage":11.0,"enemies":"Lots of Slimes","floor":12.0,"turns":4.0},{"damage":0.0,"enemies":"3 Sentries","floor":14.0,"turns":8.0},{"damage":10.0,"enemies":"Hexaghost","floor":16.0,"turns":9.0},{"damage":19.0,"enemies":"2 Thieves","floor":18.0,"turns":4.0},{"damage":9.0,"enemies":"Shell Parasite","floor":20.0,"turns":7.0},{"damage":0.0,"enemies":"Cultist and Chosen","floor":22.0,"turns":7.0},{"damage":15,"enemies":"Gremlin Leader","floor":23,"turns":3}],"seed_played":"-6273330915475970320","potions_obtained":[{"floor":4.0,"key":"SkillPotion"},{"floor":10.0,"key":"Block Potion"},{"floor":11.0,"key":"Weak Potion"},{"floor":12.0,"key":"FocusPotion"},{"floor":14.0,"key":"FocusPotion"},{"floor":16.0,"key":"SteroidPotion"},{"floor":18.0,"key":"BlessingOfTheForge"},{"floor":20.0,"key":"Ancient Potion"}],"is_trial":false,"path_per_floor":["M","M","$","M","?","R","E","R","T","E","M","M","R","E","R","B",null,"M","$","M","?","M","E"],"character_chosen":"DEFECT","items_purchased":["Defragment","Coolheaded","Capacitor","LiquidMemories"],"campfire_rested":1,"item_purchase_floors":[3,3,19,19],"current_hp_per_floor":[64,64,64,64,64,64,47,47,47,39,31,20,41,41,41,31,61,42,42,33,33,33,18,18],"gold":84,"neow_bonus":"THREE_ENEMY_KILL","is_daily":false,"chose_seed":false,"campfire_upgraded":3,"win_rate":0.0,"timestamp":1609817085,"path_taken":["M","M","$","M","?","R","E","R","T","E","M","M","R","E","R","BOSS","M","$","M","?","M","E"],"items_purchased_type":["Card","Card","Card","Potion"],"build_version":"2020-12-22","purchased_purges":1,"victory":false,"max_hp_per_floor":[71,71,71,71,71,71,71,71,71,71,71,71,71,71,71,71,71,71,71,71,71,71,71,71],"relic_stats":{"counters":[13,58],"Juzu Bracelet":0,"Bag of Preparation":[10],"obtain_stats":[{"NeowsBlessing":0,"Juzu Bracelet":9,"Bag of Preparation":14,"Bottled Lightning":7,"Cracked Core":0,"Empty Cage":17,"White Beast Statue":10},{"NeowsBlessing":0,"Juzu Bracelet":4,"Bag of Preparation":8,"Bottled Lightning":4,"Cracked Core":0,"Empty Cage":9,"White Beast Statue":5},{"NeowsBlessing":0,"Juzu Bracelet":8,"Bag of Preparation":28,"Bottled Lightning":8,"Cracked Core":0,"Empty Cage":37,"White Beast Statue":14}]},"card_choices":[{"not_picked":["Lockon","Force Field"],"picked":"Cold Snap","floor":1.0},{"not_picked":["Double Energy","Auto Shields"],"picked":"Sunder","floor":2.0},{"not_picked":["Aggregate","Skim"],"picked":"Loop","floor":4.0},{"not_picked":["Redo","Multi-Cast"],"picked":"FTL","floor":7.0},{"not_picked":["Go for the Eyes","Stack","Turbo"],"picked":"SKIP","floor":10.0},{"not_picked":["Streamline","Steam"],"picked":"Ball Lightning","floor":11.0},{"not_picked":["Fusion","Skim"],"picked":"Coolheaded","floor":12.0},{"not_picked":["Thunder Strike","Beam Cell"],"picked":"Undo","floor":14.0},{"not_picked":["Multi-Cast","Buffer"],"picked":"Amplify","floor":16.0},{"not_picked":["Leap","Go for the Eyes"],"picked":"Chill","floor":18.0},{"not_picked":["Hologram","Reprogram+1"],"picked":"Glacier+1","floor":20.0},{"not_picked":["Ball Lightning","Consume+1"],"picked":"White Noise","floor":22.0}],"player_experience":1096246,"relics_obtained":[{"floor":7.0,"key":"Bottled Lightning"},{"floor":9.0,"key":"Juzu Bracelet"},{"floor":10.0,"key":"White Beast Statue"},{"floor":14.0,"key":"Bag of Preparation"}],"event_choices":[{"cards_removed":["Strike_B"],"damage_healed":0.0,"max_hp_gain":0.0,"max_hp_loss":0.0,"gold_gain":0.0,"event_name":"Bonfire Elementals","player_choice":"Offered Basic","floor":5.0,"gold_loss":0.0,"damage_taken":0.0},{"damage_healed":0.0,"max_hp_gain":0.0,"max_hp_loss":0.0,"gold_gain":0.0,"event_name":"The Library","player_choice":"Read","floor":21.0,"gold_loss":0.0,"damage_taken":0.0,"cards_obtained":["Loop"]}],"is_beta":false,"boss_relics":[{"not_picked":["Fusion Hammer","Snecko Eye"],"picked":"Empty Cage"}],"items_purged_floors":[19],"is_endless":false,"potions_floor_spawned":[4,10,11,12,14,16,18,20,22],"killed_by":"Gremlin Leader","ascension_level":19}}