{"host":"6h0diz2ap0m56grs","time":1609881620,"event":{"mods":["2.2 Compatiblity","BaseMod","Colored Map","Marisa????????","Minty Spire (QoL Compilation)","Quick Restart","Replay The Spire","Shop Mod","StSLib","The Servant 0.9.4"],"gold_per_floor":[115,130,130,130,150,181,181,211,211,211,246,246,281,313,313,313,313],"floor_reached":16,"playtime":448,"items_purged":[],"score":274,"play_id":"3349ff49-1bfb-4869-b446-8db5e77d0263","local_time":"20210105152020","daily_mods":["SealedDeck","Heirloom","Time Dilation","Flight"],"is_ascension_mode":true,"campfire_choices":[{"data":"Sunlight","floor":10,"key":"SMITH"},{"data":"Ricochet","floor":12,"key":"SMITH"},{"data":"Rearm","floor":15,"key":"SMITH"}],"circlet_count":0,"master_deck":["Desolation","Rearm+1","FastForward","Contraction","InstantArmor+1","Orbit","SurpressingFire+1","GearUp","Ricochet","Ricochet+1","DancingSilver","Sunlight+1","Misdirection+1","InstantArmor"],"relics":["Uniform","replay:Trail_Library","Ginger","Pen Nib","ReplayTheSpireMod:Shallot","War Paint","Strawberry","Gremlin Food","Ancient Tea Set"],"acts_visited":["Exordium"],"potions_floor_usage":[],"damage_taken":[{"damage":0,"enemies":"2 Louse","floor":1,"turns":1},{"damage":0,"enemies":"Jaw Worm","floor":2,"turns":3},{"damage":0,"enemies":"Small Slimes","floor":5,"turns":1},{"damage":0,"enemies":"3 Sentries","floor":6,"turns":6},{"damage":0,"enemies":"Replay:BlueRogue","floor":8,"turns":5},{"damage":0,"enemies":"Gremlin Nob","floor":11,"turns":4},{"damage":0,"enemies":"3 Sentries","floor":13,"turns":4},{"damage":0,"enemies":"Replay:BlueRogue","floor":14,"turns":4},{"damage":0,"enemies":"Hexaghost","floor":16,"turns":6}],"seed_played":"-6654073064559371738","potions_obtained":[{"floor":1,"key":"Elixir"},{"floor":8,"key":"Ancient Potion"},{"floor":14,"key":"PowerPotion"}],"is_trial":true,"path_per_floor":["M","M","$","?","M","E","?","E","T","R","E","R","E","E","R","B"],"character_chosen":"THE_SERVANT","items_purchased":[],"campfire_rested":0,"item_purchase_floors":[],"current_hp_per_floor":[65,65,65,65,65,65,65,65,65,65,72,72,72,72,72,72,72],"gold":313,"neow_bonus":"","is_daily":false,"chose_seed":false,"campfire_upgraded":3,"win_rate":0.0,"timestamp":1609881620,"path_taken":["M","M","$","?","M","E","?","E","T","R","E","R","E","E","R","BOSS"],"items_purchased_type":[],"build_version":"2020-12-22","purchased_purges":0,"victory":false,"max_hp_per_floor":[65,65,65,65,65,65,65,65,65,65,72,72,72,72,72,72,72],"card_choices":[{"not_picked":["ShiftingGears","ReturningBlade"],"picked":"DancingSilver","floor":1},{"not_picked":["Revamp","Snipe","FastForward"],"picked":"SKIP","floor":2},{"not_picked":["DualDimension","FanOfKnives","ShatteredReality"],"picked":"SKIP","floor":5},{"not_picked":["BottledTime","ReturningBlade"],"picked":"Sunlight","floor":6},{"not_picked":["Luminosity","ShatteredReality"],"picked":"Misdirection","floor":8},{"not_picked":["TimeWarp","Revamp","Starlight"],"picked":"SKIP","floor":11},{"not_picked":["Rearm","WasteNot","Collapse"],"picked":"SKIP","floor":13},{"not_picked":["DoubleEdge","Starlight","PendulumOfEternity"],"picked":"SKIP","floor":14}],"player_experience":141931,"relics_obtained":[{"floor":6,"key":"Pen Nib"},{"floor":8,"key":"ReplayTheSpireMod:Shallot"},{"floor":9,"key":"War Paint"},{"floor":11,"key":"Strawberry"},{"floor":13,"key":"Gremlin Food"},{"floor":14,"key":"Ancient Tea Set"}],"event_choices":[{"damage_healed":0,"gold_gain":0,"player_choice":"Grow","damage_taken":0,"max_hp_gain":0,"max_hp_loss":0,"event_name":"Living Wall","floor":4,"gold_loss":0,"cards_upgraded":["SurpressingFire"]}],"is_beta":false,"boss_relics":[],"items_purged_floors":[],"is_endless":false,"potions_floor_spawned":[1,8,14],"killed_by":"Hexaghost","ascension_level":1}}