{"host":"gkp57zoegrd3f2ij","time":1609850864,"event":{"mods":["BaseMod","Colored Map","Colored Powertips","Minty Spire (QoL Compilation)","StSLib"],"gold_per_floor":[116,130,146,159,14,14,40,51,77,77,89,54,87,105,105,208,208,227,5,18,18,37,37,51,79,79,93,109,109,59,158,158,259,259,269,73,73,73,91,91,124,124,150,150,161,179,179,207,207,207,207],"floor_reached":50,"playtime":3880,"items_purged":["Strike_G","Strike_G","Writhe"],"score":587,"play_id":"2470eef0-5ac0-4812-9092-86bc47ecc17d","local_time":"20210105134744","is_ascension_mode":true,"campfire_choices":[{"floor":6.0,"key":"REST"},{"floor":10.0,"key":"REST"},{"floor":15.0,"key":"REST"},{"floor":23.0,"key":"REST"},{"floor":29.0,"key":"REST"},{"floor":32.0,"key":"REST"},{"data":"Crippling Poison","floor":40.0,"key":"SMITH"},{"data":"Deflect","floor":42.0,"key":"SMITH"},{"floor":47.0,"key":"REST"},{"floor":49,"key":"REST"}],"circlet_count":0,"master_deck":["Strike_G","Strike_G","Defend_G","Defend_G","Defend_G","Defend_G","Defend_G","Survivor","Neutralize","Poisoned Stab","PiercingWail","Deadly Poison","Noxious Fumes+1","Venomology","Dash","Crippling Poison+1","Caltrops+1","Acrobatics+1","Deadly Poison","Setup+1","Adrenaline","Deflect+1","Dark Shackles","Blur+1","Blur+1","Shame","Flying Knee","Backflip+1","Crippling Poison+1","Dodge and Roll+1"],"relics":["Ring of the Snake","Strawberry","Dead Branch","Ancient Tea Set","Smiling Mask","Cursed Key","Lantern","Nunchaku","Bird Faced Urn","Sozu","Sling","PreservedInsect","Torii"],"acts_visited":["Exordium","TheCity","TheBeyond"],"potions_floor_usage":[],"damage_taken":[{"damage":0.0,"enemies":"Cultist","floor":1.0,"turns":4.0},{"damage":0.0,"enemies":"Jaw Worm","floor":2.0,"turns":6.0},{"damage":2.0,"enemies":"2 Louse","floor":3.0,"turns":4.0},{"damage":26.0,"enemies":"Exordium Thugs","floor":4.0,"turns":8.0},{"damage":29.0,"enemies":"Lagavulin","floor":7.0,"turns":7.0},{"damage":0.0,"enemies":"3 Louse","floor":8.0,"turns":3.0},{"damage":3.0,"enemies":"Looter","floor":11.0,"turns":3.0},{"damage":18.0,"enemies":"Gremlin Nob","floor":13.0,"turns":4.0},{"damage":12.0,"enemies":"Large Slime","floor":14.0,"turns":6.0},{"damage":34.0,"enemies":"Hexaghost","floor":16.0,"turns":9.0},{"damage":7.0,"enemies":"Shell Parasite","floor":18.0,"turns":7.0},{"damage":15.0,"enemies":"Chosen","floor":20.0,"turns":5.0},{"damage":9.0,"enemies":"Snecko","floor":22.0,"turns":4.0},{"damage":11.0,"enemies":"Shelled Parasite and Fungi","floor":24.0,"turns":4.0},{"damage":32.0,"enemies":"Gremlin Leader","floor":25.0,"turns":6.0},{"damage":9.0,"enemies":"Centurion and Healer","floor":27.0,"turns":7.0},{"damage":13.0,"enemies":"Snecko","floor":28.0,"turns":5.0},{"damage":73.0,"enemies":"Champ","floor":33.0,"turns":11.0},{"damage":0.0,"enemies":"Orb Walker","floor":35.0,"turns":3.0},{"damage":22.0,"enemies":"3 Shapes","floor":39.0,"turns":6.0},{"damage":10.0,"enemies":"Nemesis","floor":41.0,"turns":7.0},{"damage":22.0,"enemies":"Maw","floor":45.0,"turns":8.0},{"damage":0.0,"enemies":"3 Darklings","floor":46.0,"turns":5.0},{"damage":33,"enemies":"Giant Head","floor":48,"turns":8},{"damage":70,"enemies":"Time Eater","floor":50,"turns":9}],"seed_played":"1833083875009453615","potions_obtained":[{"floor":1.0,"key":"GamblersBrew"},{"floor":2.0,"key":"FearPotion"},{"floor":3.0,"key":"PowerPotion"},{"floor":24.0,"key":"Ancient Potion"},{"floor":28.0,"key":"Strength Potion"}],"is_trial":false,"path_per_floor":["M","M","M","M","$","R","E","M","T","R","M","?","E","M","R","B",null,"M","$","M","?","M","R","M","E","T","M","M","R","$","?","R","B",null,"M","$","?","?","M","R","E","R","T","?","M","M","R","E","R","B"],"character_chosen":"THE_SILENT","items_purchased":["Noxious Fumes","Lantern","Crippling Poison","Sling"],"campfire_rested":8,"item_purchase_floors":[5,19,19,36],"current_hp_per_floor":[77,77,75,49,49,72,43,43,43,66,63,77,59,47,70,51,77,70,70,55,55,46,69,58,26,26,21,12,35,35,35,58,17,77,77,77,77,77,59,59,53,53,53,53,35,39,62,35,58,0,0],"gold":207,"neow_bonus":"RANDOM_COMMON_RELIC","is_daily":false,"chose_seed":false,"campfire_upgraded":2,"win_rate":0.0,"timestamp":1609850864,"path_taken":["M","?","M","?","$","R","E","M","T","R","M","?","E","M","R","BOSS","M","$","M","?","M","R","M","E","T","M","M","R","?","?","R","BOSS","M","$","?","?","M","R","E","R","T","?","?","M","R","E","R","BOSS"],"items_purchased_type":["Card","Relic","Card","Relic"],"build_version":"2020-12-22","purchased_purges":3,"victory":false,"max_hp_per_floor":[77,77,77,77,77,77,77,77,77,77,77,77,77,77,77,77,77,77,77,77,77,77,77,77,77,77,77,77,77,77,77,77,77,77,77,77,77,77,77,77,77,77,77,77,77,77,77,77,77,77,77],"card_choices":[{"not_picked":["Flechettes","Poisoned Stab","Dodge and Roll"],"picked":"SKIP","floor":1.0},{"not_picked":["Slice","All Out Attack"],"picked":"Poisoned Stab","floor":2.0},{"not_picked":["Underhanded Strike","Distraction"],"picked":"PiercingWail","floor":3.0},{"not_picked":["Infinite Blades","Catalyst"],"picked":"Deadly Poison","floor":4.0},{"not_picked":["Dagger Spray","Underhanded Strike"],"picked":"Venomology","floor":7.0},{"not_picked":["Concentrate","Flying Knee","Expertise"],"picked":"SKIP","floor":8.0},{"not_picked":["Sucker Punch","Poisoned Stab","Cloak And Dagger"],"picked":"SKIP","floor":11.0},{"not_picked":["Acrobatics","Dagger Throw"],"picked":"Dash","floor":13.0},{"not_picked":["Heel Hook","Acrobatics","Endless Agony"],"picked":"SKIP","floor":14.0},{"not_picked":["Cloak And Dagger","Dagger Throw","Poisoned Stab"],"picked":"SKIP","floor":18.0},{"not_picked":["Accuracy","Underhanded Strike"],"picked":"Caltrops+1","floor":20.0},{"not_picked":["Cloak And Dagger+1","Outmaneuver"],"picked":"Acrobatics+1","floor":22.0},{"not_picked":["Sucker Punch+1","Poisoned Stab"],"picked":"Deadly Poison","floor":24.0},{"not_picked":["Finisher","Underhanded Strike+1","Dodge and Roll"],"picked":"SKIP","floor":25.0},{"not_picked":["Masterful Stab","Prepared","Flying Knee"],"picked":"SKIP","floor":27.0},{"not_picked":["Underhanded Strike","Deadly Poison"],"picked":"Setup+1","floor":28.0},{"not_picked":["After Image","Bullet Time"],"picked":"Adrenaline","floor":33.0},{"not_picked":["Choke","Riddle With Holes+1"],"picked":"Deflect","floor":35.0},{"not_picked":["Madness","Chrysalis"],"picked":"Dark Shackles","floor":38.0},{"not_picked":["Infinite Blades","Reflex"],"picked":"Blur+1","floor":39.0},{"not_picked":["Dagger Throw+1","Terror+1"],"picked":"Blur+1","floor":41.0},{"not_picked":["Skewer+1","Bane+1"],"picked":"Backflip+1","floor":45.0},{"not_picked":["Choke","Infinite Blades+1"],"picked":"Crippling Poison+1","floor":46.0},{"not_picked":["Blade Dance+1","Choke+1"],"picked":"Dodge and Roll+1","floor":48}],"player_experience":272440,"relics_obtained":[{"floor":7.0,"key":"Dead Branch"},{"floor":9.0,"key":"Ancient Tea Set"},{"floor":13.0,"key":"Smiling Mask"},{"floor":25.0,"key":"Nunchaku"},{"floor":26.0,"key":"Bird Faced Urn"},{"floor":41.0,"key":"PreservedInsect"},{"floor":48,"key":"Torii"}],"event_choices":[{"damage_healed":19.0,"max_hp_gain":0.0,"max_hp_loss":0.0,"gold_gain":0.0,"event_name":"The Cleric","player_choice":"Healed","floor":12.0,"gold_loss":35.0,"damage_taken":0.0},{"damage_healed":0.0,"max_hp_gain":0.0,"max_hp_loss":0.0,"gold_gain":0.0,"event_name":"Accursed Blacksmith","player_choice":"Forge","floor":21.0,"gold_loss":0.0,"damage_taken":0.0,"cards_upgraded":["Noxious Fumes"]},{"damage_healed":0.0,"max_hp_gain":0.0,"max_hp_loss":0.0,"gold_gain":99.0,"event_name":"Nest","player_choice":"Stole From Cult","floor":31.0,"gold_loss":0.0,"damage_taken":0.0},{"cards_removed":["Strike_G"],"damage_healed":0.0,"max_hp_gain":0.0,"max_hp_loss":0.0,"gold_gain":0.0,"event_name":"Falling","player_choice":"Removed Attack","floor":37.0,"gold_loss":0.0,"damage_taken":0.0},{"damage_healed":0.0,"max_hp_gain":0.0,"max_hp_loss":0.0,"gold_gain":0.0,"event_name":"SensoryStone","player_choice":"Memory 1","floor":38.0,"gold_loss":0.0,"damage_taken":0.0},{"damage_healed":0.0,"max_hp_gain":0.0,"max_hp_loss":0.0,"gold_gain":0.0,"event_name":"Match and Keep!","player_choice":"1 cards matched","floor":44.0,"gold_loss":0.0,"damage_taken":0.0,"cards_obtained":["Flying Knee"]}],"is_beta":false,"boss_relics":[{"not_picked":["SlaversCollar","Busted Crown"],"picked":"Cursed Key"},{"not_picked":["WristBlade","Velvet Choker"],"picked":"Sozu"}],"items_purged_floors":[5,30,36],"is_endless":false,"potions_floor_spawned":[1,2,3,14,22,24,28,46],"killed_by":"Time Eater","ascension_level":2}}