{"host":"gkp57zoegrd3f2ij","time":1609846335,"event":{"mods":["BaseMod","Colored Map","Colored Powertips","Minty Spire (QoL Compilation)","StSLib"],"gold_per_floor":[112,112,112,43,43,74,74,94,94,124,124,141,141,15,15,114,114,124,138,63,74,92,92,92,118,118,118,118,134,161,171,171,171,171],"floor_reached":33,"playtime":2402,"items_purged":["Strike_G"],"score":325,"play_id":"4ed843d6-ce34-4193-a68a-3882aae2b3b1","local_time":"20210105123215","is_ascension_mode":true,"campfire_choices":[{"data":"Noxious Fumes","floor":7,"key":"SMITH"},{"data":"Envenom","floor":11,"key":"SMITH"},{"data":"Neutralize","floor":13,"key":"SMITH"},{"data":"Survivor","floor":15,"key":"SMITH"},{"floor":23,"key":"REST"},{"floor":27,"key":"REST"},{"floor":32,"key":"REST"}],"circlet_count":0,"master_deck":["Strike_G","Strike_G","Strike_G","Strike_G","Defend_G","Defend_G","Defend_G","Defend_G","Defend_G","Survivor+1","Neutralize+1","Burst","PiercingWail","Noxious Fumes+1","Envenom+1","Bouncing Flask","Backflip","Corpse Explosion","Dagger Spray+1","Caltrops","Footwork","Crippling Poison","Catalyst","Poisoned Stab+1"],"relics":["Ring of the Snake","Eternal Feather","Mango","Juzu Bracelet","Gremlin Horn","PreservedInsect","SlaversCollar","Potion Belt","Incense Burner","Ginger"],"acts_visited":["Exordium","TheCity"],"potions_floor_usage":[10,10,10,16,16,21,24,30],"damage_taken":[{"damage":0,"enemies":"2 Louse","floor":1,"turns":3},{"damage":21,"enemies":"3 Sentries","floor":6,"turns":9},{"damage":3,"enemies":"Jaw Worm","floor":8,"turns":5},{"damage":14,"enemies":"Gremlin Nob","floor":10,"turns":4},{"damage":0,"enemies":"Small Slimes","floor":12,"turns":3},{"damage":31,"enemies":"Slime Boss","floor":16,"turns":10},{"damage":13,"enemies":"Chosen","floor":18,"turns":5},{"damage":7,"enemies":"Spheric Guardian","floor":19,"turns":4},{"damage":19,"enemies":"Chosen and Byrds","floor":21,"turns":5},{"damage":28,"enemies":"Cultist and Chosen","floor":22,"turns":7},{"damage":0,"enemies":"Snake Plant","floor":24,"turns":1},{"damage":25,"enemies":"Book of Stabbing","floor":25,"turns":5},{"damage":8,"enemies":"Chosen and Byrds","floor":29,"turns":6},{"damage":29,"enemies":"Slavers","floor":30,"turns":3},{"damage":16,"enemies":"Centurion and Healer","floor":31,"turns":8},{"damage":52,"enemies":"Automaton","floor":33,"turns":8}],"seed_played":"-2095852245217143229","potions_obtained":[{"floor":6,"key":"SteroidPotion"},{"floor":8,"key":"EntropicBrew"},{"floor":18,"key":"SmokeBomb"},{"floor":19,"key":"PowerPotion"},{"floor":29,"key":"LiquidBronze"}],"is_trial":false,"path_per_floor":["M","?","?","$","$","E","R","M","T","E","R","M","R","?","R","B",null,"M","M","$","M","M","R","M","E","T","R","?","M","E","M","R","B"],"character_chosen":"THE_SILENT","items_purchased":["Noxious Fumes"],"campfire_rested":3,"item_purchase_floors":[4],"current_hp_per_floor":[70,52,70,70,70,63,72,69,69,55,64,64,73,73,82,51,84,71,64,64,45,17,54,54,29,29,66,66,58,29,13,50,0,0],"gold":171,"neow_bonus":"ONE_RANDOM_RARE_CARD","is_daily":false,"chose_seed":false,"campfire_upgraded":4,"win_rate":0.0,"timestamp":1609846335,"path_taken":["M","?","?","?","$","E","R","M","T","E","R","M","R","?","R","BOSS","M","M","?","M","M","R","M","E","T","R","?","M","E","M","R","BOSS"],"items_purchased_type":["Card"],"build_version":"2020-12-22","purchased_purges":1,"victory":false,"max_hp_per_floor":[70,70,70,70,70,84,84,84,84,84,84,84,84,84,84,84,84,84,84,84,84,84,84,84,84,84,84,84,84,84,84,84,84,84],"card_choices":[{"not_picked":["Cloak And Dagger","Quick Slash"],"picked":"PiercingWail","floor":1},{"not_picked":["Cloak And Dagger","PiercingWail"],"picked":"Envenom","floor":6},{"not_picked":["Blade Dance","Outmaneuver"],"picked":"Bouncing Flask","floor":8},{"not_picked":["Tools of the Trade","Bouncing Flask"],"picked":"Backflip","floor":10},{"not_picked":["Outmaneuver","Tactician","Expertise"],"picked":"SKIP","floor":12},{"not_picked":["After Image","Bullet Time"],"picked":"Corpse Explosion","floor":16},{"not_picked":["Acrobatics+1","Flying Knee"],"picked":"Dagger Spray+1","floor":18},{"not_picked":["All Out Attack","PiercingWail"],"picked":"Caltrops","floor":19},{"not_picked":["Quick Slash","Acrobatics+1"],"picked":"Footwork","floor":21},{"not_picked":["Blade Dance","Backflip","Flying Knee"],"picked":"SKIP","floor":22},{"not_picked":["Heel Hook","Skewer"],"picked":"Crippling Poison","floor":25},{"not_picked":["Backflip","Blur","Tactician"],"picked":"SKIP","floor":29},{"not_picked":["Masterful Stab","Eviscerate"],"picked":"Catalyst","floor":30},{"not_picked":["Acrobatics","Prepared"],"picked":"Poisoned Stab+1","floor":31}],"player_experience":270038,"relics_obtained":[{"floor":6,"key":"Mango"},{"floor":9,"key":"Juzu Bracelet"},{"floor":10,"key":"Gremlin Horn"},{"floor":25,"key":"Potion Belt"},{"floor":26,"key":"Incense Burner"},{"floor":30,"key":"Ginger"}],"event_choices":[{"damage_healed":0,"gold_gain":0,"player_choice":"Success","damage_taken":18,"relics_obtained":["Eternal Feather"],"max_hp_gain":0,"max_hp_loss":0,"event_name":"Scrap Ooze","floor":2,"gold_loss":0},{"damage_healed":23,"gold_gain":0,"player_choice":"Banana","damage_taken":0,"max_hp_gain":0,"max_hp_loss":0,"event_name":"Big Fish","floor":3,"gold_loss":0},{"damage_healed":0,"gold_gain":0,"player_choice":"Paid Gold","damage_taken":0,"relics_obtained":["PreservedInsect"],"max_hp_gain":0,"max_hp_loss":0,"event_name":"WeMeetAgain","floor":14,"gold_loss":126},{"damage_healed":0,"gold_gain":0,"player_choice":"Ignored","damage_taken":0,"max_hp_gain":0,"max_hp_loss":0,"event_name":"Ghosts","floor":28,"gold_loss":0}],"is_beta":false,"boss_relics":[{"not_picked":["Astrolabe","WristBlade"],"picked":"SlaversCollar"}],"items_purged_floors":[20],"is_endless":false,"potions_floor_spawned":[6,8,18,19,29],"killed_by":"Automaton","ascension_level":2}}