{"host":"1fn5ivlym87f4xjq","time":1609858152,"event":{"mods":["BaseMod","BetterRewards","Colored Powertips","Minty Spire (QoL Compilation)","Shop Mod","StSLib","The Animator","The Exalted","The Forsaken","The Hierophant"],"gold_per_floor":[116,134,134,134,134,167,181,181,181,223,47,57,70,85,85,180,180,192,372,391,19,19,19],"floor_reached":22,"playtime":873,"items_purged":[],"score":211,"play_id":"31459059-10d6-4858-83d3-99ae6385498d","local_time":"20210105154912","is_ascension_mode":false,"campfire_choices":[{"data":"animator:DolaSchwi","floor":8,"key":"SMITH"},{"data":"animator:Melzalgald","floor":15,"key":"SMITH"}],"circlet_count":0,"master_deck":["animator:Strike_NoGameNoLife+1","animator:Defend_NoGameNoLife","animator:Strike+1","animator:Strike","animator:Strike","animator:Defend","animator:Defend","animator:Defend+1","animator:DolaSchwi","animator:DolaCouronne","animator:Tatsumaki","animator:DolaSchwi","animator:Boros","animator:DolaSchwi+1","animator:Tet","animator:Melzalgald+1","animator:Rimuru","animator:Jibril","animator:GazelDwargon","animator:Kaijin"],"relics":["animator:LivingPicture","animator:ColorlessFragment","NeowsBlessing","Thread and Needle","Odd Mushroom","MerchantsRug","Brimstone","Bromod:ArcaneBarrier","animator:Buoy"],"acts_visited":["Exordium","TheCity"],"potions_floor_usage":[20],"damage_taken":[{"damage":0,"enemies":"Cultist","floor":1,"turns":1},{"damage":0,"enemies":"2 Louse","floor":2,"turns":1},{"damage":0,"enemies":"Lagavulin","floor":6,"turns":1},{"damage":0,"enemies":"Jaw Worm","floor":7,"turns":3},{"damage":11,"enemies":"The Mushroom Lair","floor":10,"turns":4},{"damage":5,"enemies":"Blue Slaver","floor":12,"turns":3},{"damage":3,"enemies":"Red Slaver","floor":13,"turns":2},{"damage":7,"enemies":"Looter","floor":14,"turns":2},{"damage":26,"enemies":"Slime Boss","floor":16,"turns":5},{"damage":26,"enemies":"Shell Parasite","floor":18,"turns":4},{"damage":8,"enemies":"Spheric Guardian","floor":20,"turns":3},{"damage":21,"enemies":"Masked Bandits","floor":22,"turns":3}],"seed_played":"1422299122190224314","potions_obtained":[{"floor":1,"key":"Regen Potion"},{"floor":2,"key":"EssenceOfSteel"},{"floor":13,"key":"AttackPotion"},{"floor":16,"key":"FearPotion"},{"floor":20,"key":"FearPotion"}],"is_trial":false,"path_per_floor":["M","M","?","?","$","E","M","R","T","?","$","M","M","M","R","B",null,"M","?","M","$","?"],"character_chosen":"THE_ANIMATOR","items_purchased":["MerchantsRug","Brimstone","animator:Kaijin","animator:ColorlessFragment","animator:Buoy"],"campfire_rested":0,"item_purchase_floors":[11,11,21,21,21],"current_hp_per_floor":[66,66,53,53,53,53,56,56,56,48,48,43,40,33,33,13,66,41,22,14,14,0,0],"gold":19,"neow_bonus":"THREE_ENEMY_KILL","is_daily":false,"chose_seed":false,"campfire_upgraded":2,"win_rate":0.0,"timestamp":1609858152,"path_taken":["M","M","?","?","$","E","?","R","T","?","$","M","M","M","R","BOSS","M","?","?","$","?"],"items_purchased_type":["Relic","Relic","Card","Relic","Relic"],"build_version":"2020-12-22","purchased_purges":0,"victory":false,"max_hp_per_floor":[66,66,66,66,66,66,66,66,66,66,66,66,66,66,66,66,66,67,67,67,67,67,67],"card_choices":[{"not_picked":["animator:UneriGinkaku","animator:Verdia"],"picked":"animator:Tatsumaki","floor":1},{"not_picked":["animator:Saitama","animator:Hakurou"],"picked":"animator:DolaSchwi","floor":2},{"not_picked":["animator:Chris","animator:Tet"],"picked":"animator:Boros","floor":6},{"not_picked":["animator:DolaRiku","animator:Jibril"],"picked":"animator:DolaSchwi","floor":7},{"not_picked":["animator:Nanami","animator:Shichika"],"picked":"animator:Tet","floor":10},{"not_picked":["animator:Genos","animator:Shion","animator:Darkness"],"picked":"SKIP","floor":12},{"not_picked":["animator:Sonic","animator:Boros"],"picked":"animator:Melzalgald","floor":13},{"not_picked":["animator:Entoma","animator:TsurugaMeisai","animator:Emonzaemon"],"picked":"SKIP","floor":14},{"not_picked":["animator:HigakiRinne","animator:Wiz"],"picked":"animator:Rimuru","floor":16},{"not_picked":["animator:FielNirvalen","animator:ChlammyZell"],"picked":"animator:Jibril","floor":18},{"not_picked":["animator:MaesHughes+1","animator:Benimaru"],"picked":"animator:GazelDwargon","floor":20}],"player_experience":106164,"relics_obtained":[{"floor":6,"key":"InkBottle"},{"floor":9,"key":"Thread and Needle"},{"floor":10,"key":"Odd Mushroom"}],"event_choices":[{"damage_healed":0,"gold_gain":0,"player_choice":"Entered Light","damage_taken":13,"max_hp_gain":0,"max_hp_loss":0,"event_name":"Shining Light","floor":3,"gold_loss":0,"cards_upgraded":["animator:Defend","animator:Strike"]},{"damage_healed":0,"gold_gain":0,"player_choice":"Ignored","damage_taken":0,"max_hp_gain":0,"max_hp_loss":0,"event_name":"NoteForYourself","floor":4,"gold_loss":0},{"damage_healed":0,"gold_gain":0,"player_choice":"Fought Mushrooms","damage_taken":0,"max_hp_gain":0,"max_hp_loss":0,"event_name":"Mushrooms","floor":10,"gold_loss":0},{"damage_healed":0,"gold_gain":180,"player_choice":"GOLD GOLD ","damage_taken":19,"max_hp_gain":0,"max_hp_loss":0,"event_name":"Knowing Skull","floor":19,"potions_obtained":[],"gold_loss":0,"cards_obtained":[]},{"damage_healed":0,"gold_gain":0,"player_choice":"Fought Bandits","damage_taken":0,"max_hp_gain":0,"max_hp_loss":0,"event_name":"Masked Bandits","floor":22,"gold_loss":0}],"is_beta":false,"boss_relics":[{"not_picked":["Runic Dome","Velvet Choker"],"picked":"Bromod:ArcaneBarrier"}],"items_purged_floors":[],"is_endless":false,"potions_floor_spawned":[1,2,13,16,20],"killed_by":"Masked Bandits","ascension_level":0}}