{"host":"dhv3u8yhd2rnugsp","time":1609824983,"event":{"mods":["BaseMod","Block Reminder","Colored Map","Googly Eyes","Highlight Path","Minty Spire (QoL Compilation)","Permanent Neow","Quick Restart","Random Character Button","StSLib"],"gold_per_floor":[115,132,132,52,69,69,101,101,101,118,131,56,56,83,83,154,154,165,165,165,40,57,86,98,124,136,148,148],"floor_reached":27,"playtime":1168,"items_purged":["Strike_G","Writhe"],"score":482,"play_id":"8f57268b-1770-47de-b7f8-ff4157e64d17","local_time":"20210104233623","is_ascension_mode":true,"campfire_choices":[{"data":"Noxious Fumes","floor":6.0,"key":"SMITH"},{"data":"Poisoned Stab","floor":8.0,"key":"SMITH"},{"floor":13,"key":"REST"},{"data":"Doppelganger","floor":15,"key":"SMITH"},{"floor":24,"key":"REST"}],"circlet_count":0,"master_deck":["AscendersBane","Strike_G","Strike_G","Defend_G","Defend_G","Defend_G","Defend_G","Defend_G","Survivor+1","Neutralize+1","Master of Strategy","Flying Knee","Poisoned Stab+1","Noxious Fumes+1","PiercingWail+1","Doppelganger+1","Acrobatics","Corpse Explosion","Leg Sweep","Infinite Blades","Bane","PiercingWail","Acrobatics+1","Escape Plan","Cloak And Dagger"],"relics":["Ring of the Snake","Strawberry","Dream Catcher","Philosopher\u0027s Stone","War Paint","MawBank","Ornamental Fan"],"acts_visited":["Exordium","TheCity"],"potions_floor_usage":[14,14,16,23,27],"damage_taken":[{"damage":4.0,"enemies":"Small Slimes","floor":1.0,"turns":7.0},{"damage":7.0,"enemies":"Cultist","floor":2.0,"turns":4.0},{"damage":7.0,"enemies":"Jaw Worm","floor":5.0,"turns":4.0},{"damage":20.0,"enemies":"Lagavulin","floor":7.0,"turns":5.0},{"damage":0.0,"enemies":"Blue Slaver","floor":10.0,"turns":4.0},{"damage":4.0,"enemies":"Large Slime","floor":11.0,"turns":5.0},{"damage":8,"enemies":"3 Sentries","floor":14,"turns":8},{"damage":28,"enemies":"Hexaghost","floor":16,"turns":9},{"damage":15,"enemies":"Chosen","floor":18,"turns":4},{"damage":10,"enemies":"Spheric Guardian","floor":22,"turns":5},{"damage":15,"enemies":"Slavers","floor":23,"turns":4},{"damage":13,"enemies":"Shelled Parasite and Fungi","floor":25,"turns":6},{"damage":27,"enemies":"Gremlin Leader","floor":27,"turns":6}],"seed_played":"4455514984118440639","potions_obtained":[{"floor":1.0,"key":"Fire Potion"},{"floor":7.0,"key":"SpeedPotion"},{"floor":11.0,"key":"Block Potion"},{"floor":14,"key":"Regen Potion"},{"floor":22,"key":"SpeedPotion"},{"floor":23,"key":"DuplicationPotion"}],"is_trial":false,"path_per_floor":["M","M","?","$","M","R","E","R","T","M","M","$","R","E","R","B",null,"M","?","?","$","M","E","R","M","T","E"],"character_chosen":"THE_SILENT","items_purchased":["Noxious Fumes","Bane"],"campfire_rested":2,"item_purchase_floors":[4,21],"current_hp_per_floor":[55,48,48,48,41,41,28,28,28,28,24,24,44,36,36,23,56,41,41,41,41,31,16,36,23,23,0,0],"gold":148,"neow_bonus":"RANDOM_COLORLESS_2","is_daily":false,"chose_seed":false,"campfire_upgraded":3,"win_rate":0.0,"timestamp":1609824983,"path_taken":["M","M","?","$","M","R","E","R","T","M","M","?","R","E","R","BOSS","M","?","?","?","M","E","R","M","T","E"],"items_purchased_type":["Card","Card"],"build_version":"2020-12-22","purchased_purges":2,"victory":false,"max_hp_per_floor":[60,60,60,60,60,60,67,67,67,67,67,67,67,67,67,67,67,67,67,67,67,67,67,67,67,67,67,67],"card_choices":[{"not_picked":["Secret Technique","Thinking Ahead"],"picked":"Master of Strategy","floor":0.0},{"not_picked":["Concentrate","Dagger Throw"],"picked":"Flying Knee","floor":1.0},{"not_picked":["Dagger Throw","Heel Hook"],"picked":"Poisoned Stab","floor":2.0},{"not_picked":["Flying Knee","Outmaneuver","Eviscerate"],"picked":"SKIP","floor":5.0},{"not_picked":["Choke","Dodge and Roll"],"picked":"PiercingWail","floor":7.0},{"not_picked":["Sucker Punch","Masterful Stab"],"picked":"Doppelganger","floor":10.0},{"not_picked":["Infinite Blades","Calculated Gamble"],"picked":"Acrobatics","floor":11.0},{"not_picked":["Blade Dance","Tactician","Quick Slash"],"picked":"SKIP","floor":14},{"not_picked":["Doppelganger","Tools of the Trade"],"picked":"Corpse Explosion","floor":16},{"not_picked":["Riddle With Holes","Reflex","Terror"],"picked":"SKIP","floor":18},{"not_picked":["Bane","Cloak And Dagger"],"picked":"PiercingWail","floor":22},{"not_picked":["Venomology","Flying Knee"],"picked":"Acrobatics+1","floor":23},{"not_picked":["Masterful Stab","Outmaneuver"],"picked":"Escape Plan","floor":24},{"not_picked":["Slice","Terror"],"picked":"Cloak And Dagger","floor":25}],"player_experience":1616285,"relics_obtained":[{"floor":7.0,"key":"Strawberry"},{"floor":14,"key":"Dream Catcher"},{"floor":23,"key":"MawBank"},{"floor":26,"key":"Ornamental Fan"}],"event_choices":[{"damage_healed":0.0,"max_hp_gain":0.0,"max_hp_loss":0.0,"gold_gain":0.0,"event_name":"Upgrade Shrine","player_choice":"Upgraded","floor":3.0,"gold_loss":0.0,"damage_taken":0.0,"cards_upgraded":["Neutralize"]},{"damage_healed":0,"gold_gain":0,"cards_transformed":["Strike_G","Strike_G"],"player_choice":"Became Test Subject","damage_taken":0,"max_hp_gain":0,"max_hp_loss":0,"event_name":"Drug Dealer","floor":19,"gold_loss":0,"cards_obtained":["Leg Sweep","Infinite Blades"]},{"damage_healed":0,"gold_gain":0,"player_choice":"Opened","damage_taken":0,"relics_obtained":["War Paint"],"max_hp_gain":0,"max_hp_loss":0,"event_name":"The Mausoleum","floor":20,"gold_loss":0,"cards_obtained":["Writhe"]}],"is_beta":false,"boss_relics":[{"not_picked":["Black Star","Coffee Dripper"],"picked":"Philosopher\u0027s Stone"}],"items_purged_floors":[12,21],"is_endless":false,"potions_floor_spawned":[1,7,11,14,22,23],"killed_by":"Gremlin Leader","ascension_level":20}}