{"host":"04hh9gplt9wkfmr1","time":1609861567,"event":{"mods":["AchievementEnabler","BaseMod","Colored Map","KOR Keyword Fix","Minty Spire (QoL Compilation)","Rare Cards Sparkle","SuperFastMode","everything is the same but u backflip on backflip"],"gold_per_floor":[114,124,134,147,147,147,157,183,183,197,197,42,70,85,85,186,186,205,237,237,84,9,9,20,20,90,90,115,115,745,745,745,845,845,857,877,877,922,972,972,331,553,603,623,637,29,29,44,44,44],"floor_reached":51,"playtime":1879,"items_purged":["Normality","Shame"],"score":923,"play_id":"b3b44b31-22f0-4133-9f42-1b09a0fdae17","local_time":"20210106004607","is_ascension_mode":false,"campfire_choices":[{"data":"Blade Dance","floor":6.0,"key":"SMITH"},{"data":"Footwork","floor":11.0,"key":"SMITH"},{"data":"Burst","floor":15.0,"key":"SMITH"},{"data":"Footwork","floor":23.0,"key":"SMITH"},{"data":"Blade Dance","floor":27.0,"key":"SMITH"},{"data":"Infinite Blades","floor":29.0,"key":"SMITH"},{"floor":32.0,"key":"REST"},{"data":"Adrenaline","floor":40,"key":"SMITH"},{"data":"Blade Dance","floor":47,"key":"SMITH"},{"data":"Blade Dance","floor":49,"key":"SMITH"}],"circlet_count":0,"master_deck":["Strike_G+1","Strike_G+1","Strike_G+1","Defend_G+1","Defend_G+1","Defend_G+1","Defend_G+1","Defend_G+1","Survivor","Neutralize","PiercingWail","Footwork+1","Blade Dance+1","Neutralize","Backstab","Deep Breath","Infinite Blades+1","Envenom","Burst+1","Phantasmal Killer","Backflip","Footwork+1","Blade Dance+1","Blade Dance+1","Adrenaline+1","Terror+1","Escape Plan+1","Injury","Blade Dance+1","Blade Dance+1","Thinking Ahead","Noxious Fumes","Slice"],"relics":["Ring of the Snake","CaptainsWheel","Sundial","Ornamental Fan","Cursed Key","Red Mask","Juzu Bracelet","Kunai","Pear","Shuriken","Sozu","Gambling Chip","Calipers","Ninja Scroll","FossilizedHelix","Bronze Scales","Membership Card","Pocketwatch","Centennial Puzzle"],"acts_visited":["Exordium","TheCity","TheBeyond"],"potions_floor_usage":[],"damage_taken":[{"damage":0.0,"enemies":"Cultist","floor":1.0,"turns":4.0},{"damage":5.0,"enemies":"Jaw Worm","floor":2.0,"turns":5.0},{"damage":0.0,"enemies":"2 Louse","floor":3.0,"turns":3.0},{"damage":14.0,"enemies":"Large Slime","floor":4.0,"turns":14.0},{"damage":0.0,"enemies":"3 Louse","floor":7.0,"turns":3.0},{"damage":0.0,"enemies":"Lagavulin","floor":8.0,"turns":6.0},{"damage":4.0,"enemies":"Red Slaver","floor":10.0,"turns":3.0},{"damage":9.0,"enemies":"Gremlin Nob","floor":13.0,"turns":4.0},{"damage":0.0,"enemies":"Exordium Wildlife","floor":14.0,"turns":1.0},{"damage":24.0,"enemies":"Hexaghost","floor":16.0,"turns":8.0},{"damage":0.0,"enemies":"3 Byrds","floor":18.0,"turns":6.0},{"damage":15.0,"enemies":"Masked Bandits","floor":19.0,"turns":5.0},{"damage":0.0,"enemies":"Spheric Guardian","floor":24.0,"turns":5.0},{"damage":0.0,"enemies":"Slavers","floor":28.0,"turns":7.0},{"damage":0.0,"enemies":"Champ","floor":33.0,"turns":11.0},{"damage":28,"enemies":"3 Darklings","floor":35,"turns":7},{"damage":0,"enemies":"Orb Walker","floor":36,"turns":2},{"damage":3,"enemies":"2 Orb Walkers","floor":38,"turns":5},{"damage":0,"enemies":"Mind Bloom Boss Battle","floor":39,"turns":2},{"damage":0,"enemies":"Transient","floor":44,"turns":5},{"damage":0,"enemies":"Writhing Mass","floor":45,"turns":4},{"damage":0,"enemies":"Sphere and 2 Shapes","floor":48,"turns":2},{"damage":0,"enemies":"Awakened One","floor":50,"turns":6}],"seed_played":"8087535712374581063","potions_obtained":[{"floor":1.0,"key":"CultistPotion"},{"floor":7.0,"key":"LiquidBronze"},{"floor":10.0,"key":"SteroidPotion"},{"floor":14.0,"key":"AttackPotion"},{"floor":18.0,"key":"Weak Potion"}],"is_trial":false,"path_per_floor":["M","M","M","M","?","R","M","E","T","M","R","$","E","M","R","B",null,"M","?","?","$","?","R","M","?","T","R","E","R","?","?","R","B",null,"M","M","?","?","?","R","$","?","T","M","M","$","R","M","R","B",null],"character_chosen":"THE_SILENT","items_purchased":["Envenom","Juzu Bracelet","Ninja Scroll","FossilizedHelix","Membership Card","Blade Dance","Pocketwatch","Centennial Puzzle","Thinking Ahead","Noxious Fumes","Slice"],"campfire_rested":1,"item_purchase_floors":[12,21,41,41,46,46,46,46,46,46,46],"current_hp_per_floor":[77,72,72,58,58,58,58,58,58,54,54,54,45,45,45,21,77,77,62,62,62,62,62,62,62,72,72,72,72,3,3,29,29,87,59,59,59,56,56,56,56,56,56,56,56,56,56,56,56,56],"gold":44,"neow_bonus":"TEN_PERCENT_HP_BONUS","is_daily":false,"chose_seed":false,"campfire_upgraded":9,"win_rate":0.0,"timestamp":1609861567,"path_taken":["M","M","M","M","?","R","?","E","T","M","R","$","E","M","R","BOSS","M","?","?","$","?","R","M","?","T","R","E","R","?","?","R","BOSS","M","M","?","?","?","R","$","?","T","M","M","$","R","M","R","BOSS"],"items_purchased_type":["Card","Relic","Relic","Relic","Relic","Card","Relic","Relic","Card","Card","Card"],"build_version":"2020-12-22","purchased_purges":2,"victory":true,"max_hp_per_floor":[77,77,77,77,77,77,77,77,77,77,77,77,77,77,77,77,77,77,77,77,77,77,77,77,77,87,87,87,87,87,87,87,87,87,87,87,87,87,87,87,87,87,87,87,87,87,87,87,87,87],"card_choices":[{"not_picked":["Eviscerate","Outmaneuver"],"picked":"PiercingWail","floor":1.0},{"not_picked":["Reflex","Flying Knee","Quick Slash"],"picked":"SKIP","floor":2.0},{"not_picked":["Eviscerate","Dagger Throw"],"picked":"Footwork","floor":3.0},{"not_picked":["Flying Knee","Riddle With Holes"],"picked":"Blade Dance","floor":4.0},{"not_picked":["Sucker Punch","Prepared","Poisoned Stab"],"picked":"SKIP","floor":7.0},{"not_picked":["PiercingWail","Blade Dance"],"picked":"Infinite Blades","floor":8.0},{"not_picked":["Endless Agony","Deadly Poison","Prepared"],"picked":"SKIP","floor":10.0},{"not_picked":["Poisoned Stab","PiercingWail"],"picked":"Burst","floor":13.0},{"not_picked":["Sucker Punch","Blur","Dagger Spray"],"picked":"SKIP","floor":14.0},{"not_picked":["Night Terror","Unload"],"picked":"Phantasmal Killer","floor":16.0},{"not_picked":["Outmaneuver","Dodge and Roll+1"],"picked":"Backflip","floor":18.0},{"not_picked":["Flying Knee","Noxious Fumes+1"],"picked":"Footwork","floor":19.0},{"not_picked":["Envenom","Deflect"],"picked":"Blade Dance","floor":24.0},{"not_picked":["Dash+1","Choke"],"picked":"Blade Dance+1","floor":28.0},{"not_picked":["Burst","Bullet Time"],"picked":"Adrenaline","floor":33.0},{"not_picked":["Flying Knee+1","Underhanded Strike","Outmaneuver"],"picked":"SKIP","floor":35},{"not_picked":["Skewer","All Out Attack+1"],"picked":"Terror+1","floor":36},{"not_picked":["Dagger Spray","Slice+1"],"picked":"Escape Plan+1","floor":39},{"not_picked":["Prepared","Flechettes","Distraction+1"],"picked":"SKIP","floor":44},{"not_picked":["Glass Knife","Expertise"],"picked":"Blade Dance","floor":45},{"not_picked":["Terror+1","Deflect","Prepared+1"],"picked":"SKIP","floor":48}],"player_experience":370,"relics_obtained":[{"floor":8.0,"key":"CaptainsWheel"},{"floor":9.0,"key":"Sundial"},{"floor":13.0,"key":"Ornamental Fan"},{"floor":19.0,"key":"Red Mask"},{"floor":26.0,"key":"Pear"},{"floor":28.0,"key":"Shuriken"},{"floor":38,"key":"Gambling Chip"},{"floor":39,"key":"Calipers"},{"floor":43,"key":"Bronze Scales"}],"event_choices":[{"damage_healed":0.0,"max_hp_gain":0.0,"max_hp_loss":0.0,"gold_gain":0.0,"event_name":"Match and Keep!","player_choice":"3 cards matched","floor":5.0,"gold_loss":0.0,"damage_taken":0.0,"cards_obtained":["Neutralize","Backstab","Deep Breath"]},{"damage_healed":0.0,"max_hp_gain":0.0,"max_hp_loss":0.0,"gold_gain":0.0,"event_name":"Masked Bandits","player_choice":"Fought Bandits","floor":19.0,"gold_loss":0.0,"damage_taken":0.0},{"damage_healed":0.0,"max_hp_gain":0.0,"max_hp_loss":0.0,"gold_gain":0.0,"event_name":"Back to Basics","player_choice":"Simplicity","floor":20.0,"gold_loss":0.0,"damage_taken":0.0,"cards_upgraded":["Strike_G","Strike_G","Strike_G","Strike_G","Strike_G","Defend_G","Defend_G","Defend_G","Defend_G","Defend_G"]},{"cards_removed":["Strike_G"],"damage_healed":0.0,"max_hp_gain":0.0,"max_hp_loss":0.0,"gold_gain":0.0,"event_name":"Beggar","player_choice":"Gave Gold","floor":22.0,"gold_loss":75.0,"damage_taken":0.0},{"damage_healed":0.0,"max_hp_gain":0.0,"max_hp_loss":0.0,"gold_gain":0.0,"event_name":"Addict","player_choice":"Stole Relic","floor":25.0,"gold_loss":0.0,"damage_taken":0.0,"relics_obtained":["Kunai"],"cards_obtained":["Shame"]},{"damage_healed":0.0,"max_hp_gain":0.0,"max_hp_loss":0.0,"gold_gain":630.0,"event_name":"Knowing Skull","player_choice":"GOLD GOLD GOLD GOLD GOLD GOLD GOLD ","floor":30.0,"potions_obtained":[],"gold_loss":0.0,"damage_taken":69.0,"cards_obtained":[]},{"damage_healed":0.0,"max_hp_gain":0.0,"max_hp_loss":0.0,"gold_gain":0.0,"event_name":"Ghosts","player_choice":"Ignored","floor":31.0,"gold_loss":0.0,"damage_taken":0.0},{"cards_removed":["Strike_G"],"damage_healed":0,"gold_gain":0,"player_choice":"Removed Attack","damage_taken":0,"max_hp_gain":0,"max_hp_loss":0,"event_name":"Falling","floor":37,"gold_loss":0},{"damage_healed":0,"gold_gain":0,"player_choice":"Fight","damage_taken":0,"max_hp_gain":0,"max_hp_loss":0,"event_name":"Mysterious Sphere","floor":38,"gold_loss":0},{"damage_healed":0,"gold_gain":0,"player_choice":"Fight","damage_taken":0,"max_hp_gain":0,"max_hp_loss":0,"event_name":"MindBloom","floor":39,"gold_loss":0},{"damage_healed":0,"gold_gain":222,"player_choice":"Wore Mask","damage_taken":0,"max_hp_gain":0,"max_hp_loss":0,"event_name":"Tomb of Lord Red Mask","floor":42,"gold_loss":0}],"is_beta":false,"boss_relics":[{"not_picked":["Philosopher\u0027s Stone","Ectoplasm"],"picked":"Cursed Key"},{"not_picked":["Calling Bell","SacredBark"],"picked":"Sozu"}],"items_purged_floors":[41,46],"is_endless":false,"potions_floor_spawned":[1,7,10,14,18,35,39,45],"ascension_level":0}}