{"host":"7d9nv1viv9k97dq8","time":1609855857,"event":{"mods":["Act Like it!","BaseMod","Decade(Õı–°√˜)","Downfall","Gensokyo","KomeijiMod","Luminous","Marisa£®ÏF”Í°°ƒß¿Ì…≥£©","Minty Spire (QoL Compilation)","Prisma Mod","Reimu£®≤©¿ˆ¡È√Œ£©","Remilia£®¿Ÿ√◊¿Ú—«£©","Replay The Spire","StSLib","The Administrix","The Bug Knight","Waifu the Spire","Yakumo Yukari mod","Youmu£®ªÍ∆«—˝√Œ£©","Yuyuko"],"gold_per_floor":[114,114,126,126,144,144,179,31,31,56,56,74,93,113,113,211,211,223,234,234,246,122,122,22,22,22,22,22,37,37,37],"floor_reached":30,"playtime":1310,"items_purged":["HollowMod:NailStrikeStart","HollowMod:NailStrikeStart"],"score":240,"play_id":"d19ee856-1813-4053-83c2-f7f8f78dd40e","local_time":"20210105221057","is_ascension_mode":false,"campfire_choices":[{"data":"HollowMod:FastStrike","floor":6,"key":"SMITH"},{"floor":15,"key":"REST"},{"floor":23,"key":"REST"},{"floor":28,"key":"REST"}],"circlet_count":0,"master_deck":["HollowMod:NailStrikeStart","HollowMod:QuickDashStart","HollowMod:QuickDashStart","HollowMod:QuickDashStart","HollowMod:QuickDashStart","HollowMod:FocusHealStart","HollowMod:PogoStrike","HollowMod:FastStrike+1","HollowMod:CycloneSlash","HollowMod:DashSlash","HollowMod:CycloneSlash","HollowMod:RecoilStrike","HollowMod:SlysStrikes","HollowMod:DashSlash","HollowMod:ChannelNail","HollowMod:HowlingWraiths","HollowMod:DescendingDark","HollowMod:WraithStrike","HollowMod:VoidDash","HollowMod:BlackTendrils","HollowMod:VengefulVoid"],"relics":["HollowMod:VesselMask","NeowsBlessing","Gensokyo:CelestialsFlawlessClothing","Counterbalance","Orrery","Frozen Egg 2","Replay:Bottled Steam","Sozu","Darkstone Periapt","PreservedInsect"],"acts_visited":["Exordium","Gensokyo:Gensokyo"],"potions_floor_usage":[7,16],"damage_taken":[{"damage":0,"enemies":"Gensokyo:2_Kodama","floor":1,"turns":1},{"damage":0,"enemies":"Gensokyo:3_Fairies","floor":3,"turns":1},{"damage":0,"enemies":"Gensokyo:Python","floor":5,"turns":1},{"damage":16,"enemies":"Gensokyo:Cirno","floor":7,"turns":6},{"damage":9,"enemies":"Gensokyo:Aya","floor":10,"turns":5},{"damage":0,"enemies":"Gensokyo:LivingMonolith","floor":12,"turns":3},{"damage":11,"enemies":"Gensokyo:Kitsune","floor":13,"turns":2},{"damage":1,"enemies":"Gensokyo:VengefulSpirit","floor":14,"turns":3},{"damage":15,"enemies":"Gensokyo:Reimu","floor":16,"turns":8},{"damage":10,"enemies":"Gensokyo:AngelMirror","floor":18,"turns":3},{"damage":18,"enemies":"Gensokyo:3_Dogs","floor":19,"turns":4},{"damage":40,"enemies":"Gensokyo:Swordslinger","floor":21,"turns":4},{"damage":29,"enemies":"Gensokyo:Wraith","floor":29,"turns":4},{"damage":23,"enemies":"Gensokyo:Slime_Group","floor":30,"turns":3}],"seed_played":"3044260088431976212","potions_obtained":[{"floor":1,"key":"SkillPotion"},{"floor":3,"key":"Languid Potion"},{"floor":13,"key":"Milkshake"}],"is_trial":false,"path_per_floor":["M","?","M","?","M","R","E","$","T","E","?","M","M","M","R","B",null,"M","M","?","M","$","R","$","?","T","$","R","M","M"],"character_chosen":"THE_BUGKNIGHT","items_purchased":["Orrery","HollowMod:VengefulVoid"],"campfire_rested":3,"item_purchase_floors":[8,22],"current_hp_per_floor":[75,75,75,57,57,57,47,47,47,38,56,56,45,44,66,51,75,65,47,47,7,7,29,29,29,29,29,49,23,3,3],"gold":37,"neow_bonus":"THREE_ENEMY_KILL","is_daily":false,"chose_seed":false,"campfire_upgraded":1,"win_rate":0.0,"timestamp":1609855857,"path_taken":["M","?","M","?","M","R","E","?","T","E","?","?","M","M","R","BOSS","M","?","?","M","$","R","?","?","T","$","R","M","?"],"items_purchased_type":["Relic","Card"],"build_version":"2020-12-22","purchased_purges":2,"victory":false,"max_hp_per_floor":[75,75,75,75,75,75,75,75,75,75,75,75,75,75,75,75,75,75,75,75,75,75,75,75,69,69,69,69,69,69,69],"card_choices":[{"not_picked":["HollowMod:SoulEater","HollowMod:MawleksShell"],"picked":"HollowMod:FastStrike","floor":1},{"not_picked":["HollowMod:PureNailStrike","HollowMod:SharpenedNail"],"picked":"HollowMod:CycloneSlash","floor":3},{"not_picked":["HollowMod:ShadowDash","HollowMod:Grubsong"],"picked":"HollowMod:DashSlash","floor":5},{"not_picked":["HollowMod:ChannelNail","HollowMod:SiblingsSouls"],"picked":"HollowMod:CycloneSlash","floor":7},{"not_picked":["HollowMod:PureNailStrike","HollowMod:GrimmsGift"],"picked":"HollowMod:RecoilStrike","floor":8},{"not_picked":["HollowMod:InfectedAttack","HollowMod:SoulSplash"],"picked":"HollowMod:SlysStrikes","floor":8},{"not_picked":["HollowMod:WraithStrike","HollowMod:SoulStrike"],"picked":"HollowMod:DashSlash","floor":8},{"not_picked":["HollowMod:FallenFury","HollowMod:CornifersMapStart"],"picked":"HollowMod:ChannelNail","floor":8},{"not_picked":["HollowMod:QuirrelsAssistance","HollowMod:InfectedAttack"],"picked":"HollowMod:HowlingWraiths","floor":10},{"not_picked":["HollowMod:SiblingsSouls","HollowMod:InfectedCysts"],"picked":"HollowMod:DescendingDark","floor":12},{"not_picked":["HollowMod:GoodIntentions","HollowMod:SoulSplash","HollowMod:ChannelNail"],"picked":"SKIP","floor":13},{"not_picked":["HollowMod:NewInfectedGuardian","HollowMod:VengefulSpirit"],"picked":"HollowMod:WraithStrike","floor":14},{"not_picked":["HollowMod:LifebloodCore","HollowMod:NewInfectedGuardian"],"picked":"HollowMod:VoidDash","floor":16},{"not_picked":["HollowMod:MonomonsArchive","HollowMod:VengefulSpirit+1","HollowMod:LuriensSpire"],"picked":"SKIP","floor":18},{"not_picked":["HollowMod:CornifersMapStart","HollowMod:TaintedHusks","HollowMod:GoodIntentions+1"],"picked":"SKIP","floor":19},{"not_picked":["HollowMod:SiblingsSouls+1","HollowMod:CornifersMapStart"],"picked":"HollowMod:BlackTendrils","floor":21},{"not_picked":["HollowMod:MonomonsArchive","HollowMod:DashSlash","HollowMod:ChannelNail"],"picked":"SKIP","floor":29}],"player_experience":201698,"relics_obtained":[{"floor":7,"key":"Counterbalance"},{"floor":9,"key":"Frozen Egg 2"},{"floor":10,"key":"Replay:Bottled Steam"},{"floor":26,"key":"PreservedInsect"}],"event_choices":[],"is_beta":false,"boss_relics":[{"not_picked":["SacredBark","Replay:Drink Me"],"picked":"Sozu"}],"items_purged_floors":[22,24],"is_endless":false,"potions_floor_spawned":[1,3,13,29],"killed_by":"Gensokyo:Slime_Group","ascension_level":0}}