{"host":"d8hh7rr4yzitjeuj","time":1609834106,"event":{"mods":["2.2 Compatiblity","AchievementEnabler","Act Like it!","BaseMod","Colored Map","Colored Powertips","Highlight Path","Keyboard Shortcuts","Minty Spire (QoL Compilation)","Permanent Neow","Quick Restart","StSLib","SuperFastMode"],"gold_per_floor":[119,136,106,122,139,139,149,161,161,181,181,240,274,304,316,328,328],"floor_reached":16,"playtime":532,"items_purged":[],"score":212,"play_id":"647b09f8-527c-4d0b-b0f9-1edfd241cda1","local_time":"20210105170826","is_ascension_mode":true,"campfire_choices":[{"data":"Rage","floor":6,"key":"SMITH"},{"floor":11,"key":"REST"},{"data":"Armaments","floor":15,"key":"SMITH"}],"circlet_count":0,"master_deck":["AscendersBane","Strike_R","Strike_R","Strike_R","Strike_R","Strike_R","Defend_R","Defend_R","Defend_R","Defend_R","Bash","Master of Strategy","Pommel Strike","Pommel Strike","Rage+1","Twin Strike","Carnage","Armaments+1","Battle Trance","Infernal Blade","Dark Embrace"],"relics":["Burning Blood","Pen Nib","Bronze Scales","MawBank"],"acts_visited":["Exordium"],"potions_floor_usage":[8,10,13,16],"damage_taken":[{"damage":24,"enemies":"Jaw Worm","floor":1,"turns":5},{"damage":6,"enemies":"Cultist","floor":2,"turns":3},{"damage":1,"enemies":"2 Louse","floor":4,"turns":4},{"damage":30,"enemies":"Gremlin Gang","floor":5,"turns":5},{"damage":9,"enemies":"Large Slime","floor":7,"turns":6},{"damage":2,"enemies":"Exordium Wildlife","floor":8,"turns":3},{"damage":5,"enemies":"Gremlin Gang","floor":10,"turns":4},{"damage":26,"enemies":"Lagavulin Event","floor":12,"turns":5},{"damage":15,"enemies":"3 Sentries","floor":13,"turns":6},{"damage":1,"enemies":"Looter","floor":14,"turns":2},{"damage":33,"enemies":"Hexaghost","floor":16,"turns":9}],"seed_played":"3981409231085067210","potions_obtained":[{"floor":3,"key":"SpeedPotion"},{"floor":3,"key":"BlessingOfTheForge"},{"floor":8,"key":"FearPotion"},{"floor":10,"key":"LiquidBronze"},{"floor":12,"key":"DuplicationPotion"},{"floor":13,"key":"BloodPotion"}],"is_trial":false,"path_per_floor":["M","M","?","M","M","R","M","M","T","M","R","?","E","M","R","B"],"character_chosen":"IRONCLAD","items_purchased":[],"campfire_rested":1,"item_purchase_floors":[],"current_hp_per_floor":[32,32,32,37,13,13,10,14,14,15,37,17,23,28,28,0,0],"gold":328,"neow_bonus":"RANDOM_COLORLESS_2","is_daily":false,"chose_seed":false,"campfire_upgraded":2,"win_rate":0.0,"timestamp":1609834106,"path_taken":["M","M","?","M","M","R","M","?","T","?","R","?","E","M","R","BOSS"],"items_purchased_type":[],"build_version":"2020-12-22","purchased_purges":0,"victory":false,"max_hp_per_floor":[75,75,75,75,75,75,75,75,75,75,75,75,75,75,75,75,75],"card_choices":[{"not_picked":["Secret Technique","The Bomb"],"picked":"Master of Strategy","floor":0},{"not_picked":["Body Slam","Thunderclap"],"picked":"Pommel Strike","floor":1},{"not_picked":["Burning Pact","True Grit"],"picked":"Pommel Strike","floor":2},{"not_picked":["Reckless Charge","Armaments"],"picked":"Rage","floor":4},{"not_picked":["Havoc","Feel No Pain"],"picked":"Twin Strike","floor":5},{"not_picked":["Cleave","Power Through"],"picked":"Carnage","floor":7},{"not_picked":["True Grit","Warcry"],"picked":"Armaments","floor":8},{"not_picked":["Bloodletting","Wild Strike"],"picked":"Battle Trance","floor":10},{"not_picked":["Battle Trance","Double Tap"],"picked":"Infernal Blade","floor":12},{"not_picked":["Flex","Rampage"],"picked":"Dark Embrace","floor":13},{"not_picked":["Iron Wave","Clash","Cleave"],"picked":"SKIP","floor":14}],"player_experience":1405787,"relics_obtained":[{"floor":9,"key":"Pen Nib"},{"floor":12,"key":"Bronze Scales"},{"floor":13,"key":"MawBank"}],"event_choices":[{"damage_healed":0,"gold_gain":0,"player_choice":"Bought 2 Potions","damage_taken":0,"max_hp_gain":0,"max_hp_loss":0,"event_name":"The Woman in Blue","floor":3,"gold_loss":0},{"damage_healed":0,"gold_gain":30,"player_choice":"Searched \u00273\u0027 times","damage_taken":0,"max_hp_gain":0,"max_hp_loss":0,"event_name":"Dead Adventurer","floor":12,"gold_loss":0}],"is_beta":false,"boss_relics":[],"items_purged_floors":[],"is_endless":false,"potions_floor_spawned":[5,8,10,12,13],"killed_by":"Hexaghost","ascension_level":20}}