{"host":"c3lc60y5x60jlt1y","time":1609829931,"event":{"mods":["AchievementEnabler","BaseMod","Bestiary","Colored Map","Minty Spire (QoL Compilation)","Quick Restart","StSLib","ojb\u0027s Info Mod"],"gold_per_floor":[112,112,112,112,128,128,168,186,237,271,271,287,318,318,318,318,318],"floor_reached":16,"playtime":476,"items_purged":[],"score":286,"play_id":"8727b8ec-1dbb-4366-b83b-838b5e513941","local_time":"20210105085851","is_ascension_mode":true,"campfire_choices":[{"data":"Calculated Gamble","floor":6,"key":"SMITH"},{"data":"Bouncing Flask","floor":11,"key":"SMITH"},{"floor":15,"key":"REST"}],"circlet_count":0,"master_deck":["AscendersBane","Strike_G","Strike_G","Strike_G","Strike_G","Defend_G","Defend_G+1","Defend_G","Defend_G","Defend_G","Survivor","Neutralize","Finisher","Dash+1","Calculated Gamble+1","Bouncing Flask+1","Unload","Footwork","Poisoned Stab","Dodge and Roll"],"relics":["Ring of the Snake","NeowsBlessing","Golden Idol","Strawberry","Bronze Scales","Ancient Tea Set","Lizard Tail"],"acts_visited":["Exordium"],"potions_floor_usage":[10,13],"damage_taken":[{"damage":0,"enemies":"Cultist","floor":1,"turns":1},{"damage":0,"enemies":"Small Slimes","floor":5,"turns":1},{"damage":0,"enemies":"Gremlin Nob","floor":7,"turns":1},{"damage":0,"enemies":"2 Louse","floor":8,"turns":3},{"damage":17,"enemies":"3 Sentries","floor":10,"turns":8},{"damage":6,"enemies":"2 Fungi Beasts","floor":12,"turns":3},{"damage":18,"enemies":"Gremlin Nob","floor":13,"turns":4},{"damage":18,"enemies":"Slime Boss","floor":16,"turns":6}],"seed_played":"-4096599295037465668","potions_obtained":[{"floor":1,"key":"BlessingOfTheForge"},{"floor":8,"key":"Block Potion"}],"is_trial":false,"path_per_floor":["M","?","?","?","M","R","E","M","T","E","R","M","E","?","R","B"],"character_chosen":"THE_SILENT","items_purchased":[],"campfire_rested":1,"item_purchase_floors":[],"current_hp_per_floor":[59,59,59,41,41,41,48,48,48,31,31,25,7,7,27,9,9],"gold":318,"neow_bonus":"THREE_ENEMY_KILL","is_daily":false,"chose_seed":false,"campfire_upgraded":2,"win_rate":0.0,"timestamp":1609829931,"path_taken":["M","?","?","?","M","R","E","M","T","E","R","M","E","?","R","BOSS"],"items_purchased_type":[],"build_version":"2020-12-22","purchased_purges":0,"victory":false,"max_hp_per_floor":[66,66,60,60,60,60,67,67,67,67,67,67,67,67,67,67,67],"card_choices":[{"not_picked":["Expertise","Prepared"],"picked":"Finisher","floor":1},{"not_picked":["Acrobatics","Prepared"],"picked":"Calculated Gamble","floor":5},{"not_picked":["Dodge and Roll","Backflip"],"picked":"Bouncing Flask","floor":7},{"not_picked":["Outmaneuver","Dodge and Roll"],"picked":"Unload","floor":8},{"not_picked":["Concentrate","Sucker Punch"],"picked":"Footwork","floor":10},{"not_picked":["Distraction","Deadly Poison"],"picked":"Poisoned Stab","floor":12},{"not_picked":["Acrobatics","Outmaneuver"],"picked":"Dodge and Roll","floor":13}],"player_experience":7507244,"relics_obtained":[{"floor":7,"key":"Strawberry"},{"floor":9,"key":"Bronze Scales"},{"floor":10,"key":"Ancient Tea Set"},{"floor":13,"key":"Lizard Tail"}],"event_choices":[{"damage_healed":0,"gold_gain":0,"cards_transformed":["Strike_G"],"player_choice":"Change","damage_taken":0,"max_hp_gain":0,"max_hp_loss":0,"event_name":"Living Wall","floor":2,"gold_loss":0,"cards_obtained":["Dash"]},{"damage_healed":0,"gold_gain":0,"player_choice":"Lose Max HP","damage_taken":0,"relics_obtained":["Golden Idol"],"max_hp_gain":0,"max_hp_loss":6,"event_name":"Golden Idol","floor":3,"gold_loss":0},{"damage_healed":0,"gold_gain":0,"player_choice":"Entered Light","damage_taken":18,"max_hp_gain":0,"max_hp_loss":0,"event_name":"Shining Light","floor":4,"gold_loss":0,"cards_upgraded":["Dash","Defend_G"]},{"damage_healed":0,"gold_gain":0,"player_choice":"Ignored","damage_taken":0,"max_hp_gain":0,"max_hp_loss":0,"event_name":"Liars Game","floor":14,"gold_loss":0}],"is_beta":false,"boss_relics":[],"items_purged_floors":[],"is_endless":false,"potions_floor_spawned":[1,8],"killed_by":"Slime Boss","ascension_level":20}}