{"host":"0hb9w7uizu7y13wj","time":1609852207,"event":{"mods":["Act Like it!","Aspiration","BaseMod","BetterRewards","Colored Map","Conspire","Downfall","Energized Spire","FTL Soundtrack","Friendly Minions","Halation","Hubris","Infinite Spire","Minty Spire (QoL Compilation)","Quick Restart","Replay The Spire","StSLib","Synergy Search","The Factory","The Hierophant","The Jungle","The Poker Player","Trackpad","everything is the same but u backflip on backflip","vexMod"],"gold_per_floor":[114,127,143,153,153,186,186,216,216,491,519,536,549,575,575,651,651,670,202,222,255,274,307,307,337,337,367,367,382,411,421,421,494,494,504,504,779,794,774,800,800,813,813,843,131,131,160,180,180,180],"floor_reached":49,"playtime":1738,"items_purged":["Defend_R","Regret","Regret"],"score":2000,"play_id":"f23a2760-beb7-420d-a9de-7b014ba0496e","local_time":"20210105131007","is_ascension_mode":true,"campfire_choices":[{"data":"Bash","floor":7.0,"key":"SMITH"},{"floor":15.0,"key":"REST"},{"data":"Trip","floor":15.0,"key":"SMITH"},{"floor":28.0,"key":"REST"},{"data":"Metallicize","floor":28.0,"key":"SMITH"},{"floor":32.0,"key":"REST"},{"data":"Demon Form","floor":32.0,"key":"SMITH"},{"floor":46.0,"key":"REST"},{"data":"infinitespire:Collect","floor":46.0,"key":"SMITH"}],"circlet_count":0,"master_deck":["AscendersBane","Strike_R","Strike_R","Strike_R","Strike_R","Strike_R","Defend_R","Defend_R","Defend_R","Bash+1","Trip+1","Offering","Metallicize+1","Cleave","Demon Form+1","Exhume","Replay:SS_fish_3","Battle Trance","Thunderclap","Inflame","Flame Barrier","Feed","Massacre","Berserk","Sword Boomerang","Feel No Pain","infinitespire:Collect+1","Immolate"],"relics":["Burning Blood","TungstenRod","infinitespire:Magic Flask","Ice Cream","halation:BlackBeret","Question Card","trackpad:AdjectivePendant","hubris:CuriousFeather","Darkstone Periapt","halation:SwordOfLegend","SlaversCollar","Gremlin Horn","Red Mask","Strawberry","Happy Flower","Bottled Lightning","hubris:MysteriousPyramids","Art of War","energizedSpire:TabascoSauce","Unceasing Top","ReplayTheSpireMod:Lightbulb","infinitespire:Golems Mask","trackpad:ByrdCharm","Durian","Replay:Ringing Soul"],"acts_visited":["Exordium","TheCity","TheBeyond"],"potions_floor_usage":[],"damage_taken":[{"damage":0.0,"enemies":"Cultist","floor":1.0,"turns":3.0},{"damage":6.0,"enemies":"Jaw Worm","floor":2.0,"turns":4.0},{"damage":7.0,"enemies":"2 Louse","floor":3.0,"turns":2.0},{"damage":15.0,"enemies":"Exordium Thugs","floor":4.0,"turns":3.0},{"damage":0.0,"enemies":"Gremlin Nob","floor":6.0,"turns":3.0},{"damage":0.0,"enemies":"Lagavulin","floor":11.0,"turns":4.0},{"damage":11.0,"enemies":"Large Slime","floor":12.0,"turns":2.0},{"damage":4.0,"enemies":"2 Fungi Beasts","floor":13.0,"turns":3.0},{"damage":0.0,"enemies":"3 Sentries","floor":14.0,"turns":4.0},{"damage":20.0,"enemies":"Fading Forest","floor":16.0,"turns":13.0},{"damage":15.0,"enemies":"conspire:FuzzyDice","floor":18.0,"turns":5.0},{"damage":5.0,"enemies":"3 Byrds","floor":20.0,"turns":4.0},{"damage":15.0,"enemies":"Masked Bandits","floor":21.0,"turns":3.0},{"damage":24.0,"enemies":"Sentry and Sphere","floor":22.0,"turns":4.0},{"damage":20.0,"enemies":"conspire:Head Lice","floor":23.0,"turns":3.0},{"damage":28.0,"enemies":"Gremlin Leader","floor":25.0,"turns":5.0},{"damage":0.0,"enemies":"conspire:Head Lice","floor":27.0,"turns":2.0},{"damage":9.0,"enemies":"conspire:HollyBat","floor":29.0,"turns":5.0},{"damage":28.0,"enemies":"Replay:Snechameleon","floor":30.0,"turns":5.0},{"damage":5.0,"enemies":"Cultist and Chosen","floor":31.0,"turns":3.0},{"damage":27.0,"enemies":"hubris:MusketHawk","floor":33.0,"turns":6.0},{"damage":18.0,"enemies":"3 Shapes","floor":35.0,"turns":2.0},{"damage":2.0,"enemies":"Orb Walker","floor":38.0,"turns":2.0},{"damage":31.0,"enemies":"R_Hoarder","floor":40.0,"turns":6.0},{"damage":26.0,"enemies":"4 Shapes","floor":42.0,"turns":4.0},{"damage":0.0,"enemies":"Reptomancer","floor":44.0,"turns":2.0},{"damage":5.0,"enemies":"R_Hoarder","floor":47.0,"turns":7.0},{"damage":12.0,"enemies":"Sphere and 2 Shapes","floor":48.0,"turns":2.0}],"seed_played":"-8184863034130065119","potions_obtained":[{"floor":2.0,"key":"Dexterity Potion"},{"floor":4.0,"key":"CultistPotion"},{"floor":6.0,"key":"Elixir"},{"floor":12.0,"key":"Strength Potion"},{"floor":13.0,"key":"Strength Potion"},{"floor":20.0,"key":"Ancient Potion"},{"floor":21.0,"key":"Adrenaline Potion"},{"floor":25.0,"key":"Strength Potion"},{"floor":27.0,"key":"Dexterity Potion"},{"floor":31.0,"key":"LiquidBronze"}],"is_trial":false,"path_per_floor":["M","M","M","M","$","E","R","?","T","?","E","M","M","E","R","B",null,"M","$","M","?","M","E","?","E","T","E","R","M","E","M","R","B",null,"M","?","?","M","?","E","AVR","M","T","E","$","R","E","M","R"],"character_chosen":"IRONCLAD","items_purchased":["Trip","Question Card","Gremlin Horn","Replay:SS_fish_3","trackpad:ByrdCharm","Durian"],"campfire_rested":4,"item_purchase_floors":[0,0,19,19,45,45],"current_hp_per_floor":[26,26,25,16,16,22,22,22,22,22,28,23,25,31,52,62,72,63,63,64,55,37,30,30,8,8,14,59,56,37,41,76,55,80,66,66,69,70,70,43,43,21,21,24,26,69,67,58,64,64],"gold":180,"neow_bonus":"","is_daily":false,"chose_seed":false,"campfire_upgraded":5,"win_rate":0.0,"timestamp":1609852207,"path_taken":["M","M","M","?","?","E","R","?","T","?","E","?","M","E","R","BOSS","M","$","M","?","M","E","?","E","T","E","R","M","E","M","R","BOSS","M","?","?","?","?","E","AVR","M","T","E","$","R","E","M","R"],"items_purchased_type":["Card","Relic","Relic","Card","Relic","Relic"],"build_version":"2020-12-22","purchased_purges":3,"victory":false,"max_hp_per_floor":[75,75,75,75,75,75,75,75,75,75,75,75,75,75,75,75,75,75,75,75,75,75,82,82,82,82,82,82,82,85,88,88,88,88,89,89,92,92,92,93,93,94,94,94,96,96,96,96,96,96],"card_choices":[{"not_picked":["Evolve","Power Through","Second Wind","Combust"],"picked":"SKIP","floor":1.0},{"not_picked":["Heavy Blade","Shockwave","Warcry","Body Slam"],"picked":"SKIP","floor":2.0},{"not_picked":["Clash","Clothesline","Thunderclap"],"picked":"Offering","floor":3.0},{"not_picked":["Headbutt","Defy Death","hubris:ReadiedAction","hubris:SharpeningStone"],"picked":"SKIP","floor":4.0},{"not_picked":["Clash","Juggernaut","hubris:SharpeningStone","Flex"],"picked":"SKIP","floor":6.0},{"not_picked":["Barricade","Bludgeon","Entrench"],"picked":"Metallicize","floor":11.0},{"not_picked":["Abandon","Flex","Rage"],"picked":"Cleave","floor":12.0},{"not_picked":["ReplayReversal","ReplayTheSpireMod:Stacked","Perfected Strike","Iron Wave"],"picked":"SKIP","floor":13.0},{"not_picked":["ReplayTheSpireMod:Stacked","Blood for Blood","Entrench"],"picked":"Demon Form","floor":14.0},{"not_picked":["Impervious","Brutality","Double Tap"],"picked":"Exhume","floor":16.0},{"not_picked":["Clash","Iron Wave","ReplayTheSpireMod:Strike From Hell","Flex"],"picked":"SKIP","floor":18.0},{"not_picked":["Sentinel","Brutality","ReplayTheSpireMod:Stacked"],"picked":"Battle Trance","floor":20.0},{"not_picked":["Run Through","Sword Boomerang","Twin Strike"],"picked":"Thunderclap","floor":21.0},{"not_picked":["Massacre","Headbutt","hubris:ReadiedAction+1"],"picked":"Inflame","floor":22.0},{"not_picked":["Iron Wave","Disarm","Shrug It Off"],"picked":"Flame Barrier","floor":23.0},{"not_picked":["Thunderclap","ReplayReversal+1","True Grit","Burning Pact"],"picked":"SKIP","floor":25.0},{"not_picked":["Havoc","hubris:ReadiedAction","Flame Barrier"],"picked":"Feed","floor":27.0},{"not_picked":["Wild Strike","Armaments","Shrug It Off","Evolve"],"picked":"SKIP","floor":29.0},{"not_picked":["Battle Trance","Second Wind","Flex"],"picked":"Massacre","floor":30.0},{"not_picked":["Reckless Charge","Bloodletting","Perfected Strike","Wild Strike"],"picked":"SKIP","floor":31.0},{"not_picked":["Brutality","Barricade","Double Tap"],"picked":"Berserk","floor":33.0},{"not_picked":["ReplayTheSpireMod:Stacked+1","ReplayTheSpireMod:Corrosion Curse+1","Clash"],"picked":"Sword Boomerang","floor":35.0},{"not_picked":["Carnage","Wild Strike","Body Slam"],"picked":"Feel No Pain","floor":38.0},{"not_picked":["Wild Strike","Reaper","Anger","ReplayTheSpireMod:Corrosion Curse+1"],"picked":"SKIP","floor":40.0},{"not_picked":["Uppercut","Rupture","Replay:Undeath\u0027s Touch","ReplayTheSpireMod:Strike From Hell"],"picked":"SKIP","floor":42.0},{"not_picked":["Wild Strike","Headbutt+1","ReplayReversal"],"picked":"Immolate","floor":44.0},{"not_picked":["Anger+1","Wild Strike","conspire:Purge","Sever Soul+1"],"picked":"SKIP","floor":47.0},{"not_picked":["Wild Strike+1","ReplayTheSpireMod:Strike From Hell","Headbutt","Replay:Undeath\u0027s Touch"],"picked":"SKIP","floor":48.0}],"player_experience":926567,"relics_obtained":[{"floor":6.0,"key":"trackpad:AdjectivePendant"},{"floor":9.0,"key":"hubris:CuriousFeather"},{"floor":11.0,"key":"Darkstone Periapt"},{"floor":14.0,"key":"halation:SwordOfLegend"},{"floor":21.0,"key":"Red Mask"},{"floor":23.0,"key":"Strawberry"},{"floor":25.0,"key":"Happy Flower"},{"floor":26.0,"key":"Bottled Lightning"},{"floor":27.0,"key":"hubris:MysteriousPyramids"},{"floor":30.0,"key":"Art of War"},{"floor":40.0,"key":"Unceasing Top"},{"floor":43.0,"key":"ReplayTheSpireMod:Lightbulb"},{"floor":44.0,"key":"infinitespire:Golems Mask"},{"floor":47.0,"key":"Replay:Ringing Soul"}],"event_choices":[{"damage_healed":0.0,"max_hp_gain":0.0,"max_hp_loss":0.0,"gold_gain":30.0,"event_name":"Dead Adventurer","player_choice":"Searched \u00271\u0027 times","floor":8.0,"gold_loss":0.0,"damage_taken":0.0},{"damage_healed":0.0,"max_hp_gain":0.0,"max_hp_loss":0.0,"gold_gain":275.0,"event_name":"Golden Shrine","player_choice":"Desecrate","floor":10.0,"gold_loss":0.0,"damage_taken":0.0,"cards_obtained":["Regret"]},{"damage_healed":0.0,"max_hp_gain":0.0,"max_hp_loss":0.0,"gold_gain":0.0,"event_name":"Masked Bandits","player_choice":"Fought Bandits","floor":21.0,"gold_loss":0.0,"damage_taken":0.0},{"damage_healed":0.0,"max_hp_gain":0.0,"max_hp_loss":0.0,"gold_gain":0.0,"event_name":"Ghosts","player_choice":"Ignored","floor":24.0,"gold_loss":0.0,"damage_taken":0.0},{"damage_healed":0.0,"max_hp_gain":0.0,"max_hp_loss":0.0,"gold_gain":275.0,"event_name":"Golden Shrine","player_choice":"Desecrate","floor":37.0,"gold_loss":0.0,"damage_taken":0.0,"cards_obtained":["Regret"]},{"damage_healed":0.0,"max_hp_gain":0.0,"max_hp_loss":0.0,"gold_gain":0.0,"event_name":"The Woman in Blue","player_choice":"Bought 1 Potion","floor":39.0,"gold_loss":0.0,"damage_taken":0.0}],"is_beta":false,"boss_relics":[{"not_picked":["Tiny House","vexMod:FluxCapacitor"],"picked":"SlaversCollar"},{"not_picked":["Runic Pyramid","energizedSpire:SpiderWeb"],"picked":"energizedSpire:TabascoSauce"}],"items_purged_floors":[0,19,45],"is_endless":false,"potions_floor_spawned":[2,4,6,12,13,20,21,25,27,31,35,40,42,44],"ascension_level":20}}