{"host":"Qube","time":1609818085,"event":{"mods":["AchievementEnabler","BaseMod","Colored Map","Colored Powertips","Minty Spire (QoL Compilation)","Quick Restart","Random Character Button","StSLib"],"gold_per_floor":[118,193,212,232,252,252,81,100,100,100,100,110,144,164,164,251,310,335,260,33,42,69,69,85,85,110,126,160,160,173,184,184,265,265,292,227,254,32,50,50,83,33,33,68,68,68,68],"floor_reached":46,"playtime":1957,"items_purged":["Strike_P","Defend_P"],"score":1068,"play_id":"f6649d70-990c-40d2-a3e3-c79ded59f8c8","local_time":"20210104194125","is_ascension_mode":true,"campfire_choices":[{"floor":6.0,"key":"REST"},{"floor":15.0,"key":"DIG"},{"floor":23.0,"key":"REST"},{"floor":25.0,"key":"DIG"},{"floor":29.0,"key":"DIG"},{"floor":32.0,"key":"DIG"},{"data":"Apotheosis","floor":40.0,"key":"SMITH"},{"floor":45.0,"key":"DIG"}],"circlet_count":0,"master_deck":["AscendersBane","Strike_P+1","Strike_P","Strike_P","Defend_P","Eruption","Vigilance","EmptyFist","ClearTheMind","DeceiveReality","FlurryOfBlows","CutThroughFate","ReachHeaven","DeusExMachina","Crescendo","Vault","Protect","Conclude+1","Apotheosis+1","Protect","Shame","BattleHymn+1","Wallop","MasterReality","Consecrate+1","SpiritShield","Madness","Madness"],"relics":["PureWater","Shovel","Potion Belt","Darkstone Periapt","CeramicFish","Lizard Tail","Tiny House","Meat on the Bone","Centennial Puzzle","Smiling Mask","Lantern","Nunchaku","Strawberry","Calling Bell","Oddly Smooth Stone","Ornamental Fan","Du-Vu Doll","Mango","HandDrill","Bag of Marbles","StrikeDummy","Art of War","Blue Candle"],"acts_visited":["Exordium","TheCity","TheBeyond"],"potions_floor_usage":[],"damage_taken":[{"damage":2.0,"enemies":"Jaw Worm","floor":1.0,"turns":4.0},{"damage":0.0,"enemies":"2 Louse","floor":3.0,"turns":3.0},{"damage":5.0,"enemies":"Small Slimes","floor":4.0,"turns":4.0},{"damage":1.0,"enemies":"Red Slaver","floor":5.0,"turns":4.0},{"damage":3.0,"enemies":"Blue Slaver","floor":8.0,"turns":5.0},{"damage":15.0,"enemies":"Exordium Thugs","floor":12.0,"turns":4.0},{"damage":5.0,"enemies":"3 Sentries","floor":13.0,"turns":4.0},{"damage":1.0,"enemies":"Exordium Wildlife","floor":14.0,"turns":3.0},{"damage":25.0,"enemies":"Hexaghost","floor":16.0,"turns":9.0},{"damage":28.0,"enemies":"Shell Parasite","floor":18.0,"turns":5.0},{"damage":22.0,"enemies":"2 Thieves","floor":22.0,"turns":4.0},{"damage":0.0,"enemies":"3 Cultists","floor":24.0,"turns":3.0},{"damage":13.0,"enemies":"Chosen and Byrds","floor":27.0,"turns":6.0},{"damage":25.0,"enemies":"Slavers","floor":28.0,"turns":3.0},{"damage":0.0,"enemies":"Snecko","floor":30.0,"turns":4.0},{"damage":19.0,"enemies":"Snake Plant","floor":31.0,"turns":4.0},{"damage":50.0,"enemies":"Collector","floor":33.0,"turns":9.0},{"damage":4.0,"enemies":"3 Darklings","floor":35.0,"turns":4.0},{"damage":1.0,"enemies":"Orb Walker","floor":37.0,"turns":2.0},{"damage":4.0,"enemies":"Nemesis","floor":41.0,"turns":6.0},{"damage":0.0,"enemies":"Giant Head","floor":44.0,"turns":6.0},{"damage":0,"enemies":"Transient","floor":46,"turns":1}],"seed_played":"-380769909599069554","potions_obtained":[{"floor":1.0,"key":"Weak Potion"},{"floor":4.0,"key":"Strength Potion"},{"floor":12.0,"key":"AttackPotion"},{"floor":13.0,"key":"SpeedPotion"},{"floor":17.0,"key":"Fruit Juice"},{"floor":22.0,"key":"Fire Potion"},{"floor":24.0,"key":"EssenceOfSteel"},{"floor":28.0,"key":"GamblersBrew"},{"floor":37.0,"key":"BottledMiracle"},{"floor":41.0,"key":"Regen Potion"}],"is_trial":false,"path_per_floor":["M","?","M","M","M","R","$","M","T","?","?","M","E","M","R","B",null,"M","?","$","?","M","R","M","R","T","M","E","R","M","M","R","B",null,"M","?","M","$","?","R","E","$","T","E","R","M"],"character_chosen":"WATCHER","items_purchased":["Potion Belt","Apotheosis","Protect","HandDrill"],"campfire_rested":2,"item_purchase_floors":[7,20,20,38],"current_hp_per_floor":[41,30,30,25,24,44,44,41,41,63,63,48,43,42,42,17,60,32,32,32,38,28,51,51,51,51,50,42,42,54,47,54,16,72,68,82,81,81,62,62,58,58,58,58,58,58,58],"gold":68,"neow_bonus":"ONE_RARE_RELIC","is_daily":false,"chose_seed":false,"campfire_upgraded":1,"win_rate":0.0,"timestamp":1609818085,"path_taken":["M","?","M","M","M","R","$","M","T","?","?","?","E","M","R","BOSS","M","?","$","?","M","R","M","R","T","M","E","R","?","M","R","BOSS","M","?","?","$","?","R","E","?","T","E","R","M"],"items_purchased_type":["Relic","Card","Card","Relic"],"build_version":"2020-12-18","purchased_purges":2,"victory":false,"max_hp_per_floor":[68,68,68,68,68,68,68,68,68,68,68,68,68,68,68,68,73,73,73,73,79,79,79,79,79,79,79,84,84,84,84,91,91,91,91,105,105,105,105,105,105,105,105,105,105,105,105],"card_choices":[{"not_picked":["JustLucky","Perseverance"],"picked":"EmptyFist","floor":1.0},{"not_picked":["Consecrate","ForeignInfluence"],"picked":"ClearTheMind","floor":3.0},{"not_picked":["Collect","SignatureMove"],"picked":"DeceiveReality","floor":4.0},{"not_picked":["CrushJoints","JustLucky"],"picked":"FlurryOfBlows","floor":5.0},{"not_picked":["Nirvana","MentalFortress"],"picked":"CutThroughFate","floor":8.0},{"not_picked":["Evaluate","FollowUp"],"picked":"ReachHeaven","floor":12.0},{"not_picked":["CarveReality","Meditate"],"picked":"DeusExMachina","floor":13.0},{"not_picked":["Worship","Meditate"],"picked":"Crescendo","floor":14.0},{"not_picked":["Alpha","DeusExMachina"],"picked":"Vault","floor":16.0},{"not_picked":["ThirdEye","LikeWater"],"picked":"Protect","floor":17.0},{"not_picked":["Sanctity","MentalFortress"],"picked":"Conclude+1","floor":18.0},{"not_picked":["ClearTheMind","PathToVictory"],"picked":"BattleHymn+1","floor":22.0},{"not_picked":["Collect","InnerPeace","SignatureMove"],"picked":"SKIP","floor":24.0},{"not_picked":["Conclude","Vengeance","Consecrate"],"picked":"SKIP","floor":27.0},{"not_picked":["ClearTheMind","Protect"],"picked":"Wallop","floor":28.0},{"not_picked":["PathToVictory","EmptyFist+1","ThirdEye"],"picked":"SKIP","floor":30.0},{"not_picked":["Indignation","CutThroughFate","DeceiveReality"],"picked":"SKIP","floor":31.0},{"not_picked":["ConjureBlade","DevaForm"],"picked":"MasterReality","floor":33.0},{"not_picked":["WindmillStrike","SignatureMove"],"picked":"Consecrate+1","floor":35.0},{"not_picked":["CarveReality","Weave"],"picked":"SpiritShield","floor":37.0},{"not_picked":["MentalFortress","Adaptation+1","EmptyBody"],"picked":"SKIP","floor":41.0},{"not_picked":["Study","MentalFortress","Tantrum"],"picked":"SKIP","floor":44.0}],"player_experience":770806,"relics_obtained":[{"floor":9.0,"key":"Darkstone Periapt"},{"floor":13.0,"key":"CeramicFish"},{"floor":15.0,"key":"Lizard Tail"},{"floor":25.0,"key":"Centennial Puzzle"},{"floor":26.0,"key":"Smiling Mask"},{"floor":28.0,"key":"Lantern"},{"floor":29.0,"key":"Nunchaku"},{"floor":32.0,"key":"Strawberry"},{"floor":34.0,"key":"Oddly Smooth Stone"},{"floor":34.0,"key":"Ornamental Fan"},{"floor":34.0,"key":"Du-Vu Doll"},{"floor":41.0,"key":"Bag of Marbles"},{"floor":43.0,"key":"StrikeDummy"},{"floor":44.0,"key":"Art of War"},{"floor":45.0,"key":"Blue Candle"}],"event_choices":[{"damage_healed":0.0,"max_hp_gain":0.0,"max_hp_loss":0.0,"gold_gain":75.0,"event_name":"World of Goop","player_choice":"Gather Gold","floor":2.0,"gold_loss":0.0,"damage_taken":11.0},{"damage_healed":22.0,"max_hp_gain":0.0,"max_hp_loss":0.0,"gold_gain":0.0,"event_name":"Big Fish","player_choice":"Banana","floor":10.0,"gold_loss":0.0,"damage_taken":0.0},{"cards_removed":["Defend_P"],"damage_healed":0.0,"max_hp_gain":0.0,"max_hp_loss":0.0,"gold_gain":0.0,"event_name":"Bonfire Elementals","player_choice":"Offered Basic","floor":11.0,"gold_loss":0.0,"damage_taken":0.0},{"cards_removed":["Defend_P"],"damage_healed":0.0,"max_hp_gain":0.0,"max_hp_loss":0.0,"gold_gain":0.0,"event_name":"Beggar","player_choice":"Gave Gold","floor":19.0,"gold_loss":75.0,"damage_taken":0.0},{"damage_healed":0.0,"max_hp_gain":0.0,"max_hp_loss":0.0,"gold_gain":0.0,"event_name":"Addict","player_choice":"Stole Relic","floor":21.0,"gold_loss":0.0,"damage_taken":0.0,"relics_obtained":["Meat on the Bone"],"cards_obtained":["Shame"]},{"damage_healed":0.0,"max_hp_gain":0.0,"max_hp_loss":0.0,"gold_gain":0.0,"event_name":"WeMeetAgain","player_choice":"Paid Gold","floor":36.0,"gold_loss":65.0,"damage_taken":0.0,"relics_obtained":["Mango"]},{"damage_healed":0.0,"max_hp_gain":0.0,"max_hp_loss":0.0,"gold_gain":0.0,"event_name":"Winding Halls","player_choice":"Embrace Madness","floor":39.0,"gold_loss":0.0,"damage_taken":19.0,"cards_obtained":["Madness","Madness"]}],"is_beta":true,"boss_relics":[{"not_picked":["Coffee Dripper","Ectoplasm"],"picked":"Tiny House"},{"not_picked":["Snecko Eye","Sozu"],"picked":"Calling Bell"}],"items_purged_floors":[38,42],"is_endless":false,"potions_floor_spawned":[1,4,12,13,22,24,28,37,41],"killed_by":"Transient","ascension_level":17}}