{"host":"kabf61oc9jgfwufg","time":1609834648,"event":{"mods":["AchievementEnabler","Act Like it!","Aspiration","BaseMod","Conspire","GifTheSpireLib","Halation","HexUI Lib","Hubris","Infinite Spire","Minty Spire (QoL Compilation)","Pale of the Ancients","Quick Restart","Rare Cards Sparkle","Replay The Spire","StSLib","The Jungle","Waifu the Spire"],"gold_per_floor":[111,36,36,46,71,71,71,71,71,246,265,279,313,331,331,431,431,444,444,455,455,455,455,467,478,478,495,395,395,395,410,410,511,511,523,573,573,588,602,629,629,664,664,682,769,786,786,786],"floor_reached":47,"playtime":2259,"items_purged":["Strike_P","Doubt","Defend_P"],"score":512,"play_id":"f8e7c1bb-8369-4731-a555-b6db98016de3","local_time":"20210105081728","is_ascension_mode":false,"campfire_choices":[{"data":"Eruption","floor":6,"key":"SMITH"},{"floor":8,"key":"REST"},{"floor":15,"key":"REST"},{"data":"FlurryOfBlows","floor":23,"key":"SMITH"},{"floor":30,"key":"REST"},{"floor":32,"key":"REST"},{"floor":41,"key":"REST"}],"circlet_count":0,"master_deck":["Strike_P","Strike_P+1","Defend_P","Defend_P","Defend_P+1","Eruption+1","Vigilance","Crescendo","JustLucky","FlurryOfBlows+1","Consecrate+1","Adaptation","FlurryOfBlows+1","LessonLearned","ClearTheMind","ReplayTheSpireMod:LeadingStrike+1","TalkToTheHand","Shrug It Off+1","FlurryOfBlows+1"],"relics":["PureWater","Onion Ring","ReplayFunnel","White Beast Statue","hubris:TenFootPole","hubris:Backtick","ReplayTheSpireMod:Ninjato","Incense Burner","PrismaticShard","hubris:PeanutButter","aspiration:FutureDiary","hubris:Zylophone","Dream Catcher","conspire:TopHat","Chameleon Ring","infinitespire:Satchel"],"acts_visited":["Exordium","TheCity","TheBeyond"],"potions_floor_usage":[16,16,16,31,33,33,35,36,38,40,44,44,47,47],"damage_taken":[{"damage":0,"enemies":"2 Louse","floor":1,"turns":2},{"damage":22,"enemies":"Jaw Worm","floor":4,"turns":2},{"damage":0,"enemies":"Small Slimes","floor":11,"turns":2},{"damage":14,"enemies":"Blue Slaver","floor":12,"turns":2},{"damage":23,"enemies":"Gremlin Nob","floor":13,"turns":4},{"damage":0,"enemies":"3 Louse","floor":14,"turns":1},{"damage":67,"enemies":"The Guardian","floor":16,"turns":12},{"damage":0,"enemies":"Spheric Guardian","floor":18,"turns":1},{"damage":13,"enemies":"2 Thieves","floor":20,"turns":2},{"damage":0,"enemies":"Centurion and Healer","floor":24,"turns":3},{"damage":25,"enemies":"Snecko","floor":25,"turns":3},{"damage":0,"enemies":"Cultist and Chosen","floor":27,"turns":3},{"damage":0,"enemies":"3 Cultists","floor":31,"turns":2},{"damage":66,"enemies":"Collector","floor":33,"turns":6},{"damage":0,"enemies":"Orb Walker","floor":35,"turns":2},{"damage":9,"enemies":"2 Orb Walkers","floor":36,"turns":3},{"damage":9,"enemies":"3 Darklings","floor":38,"turns":3},{"damage":0,"enemies":"Maw","floor":39,"turns":5},{"damage":49,"enemies":"Nemesis","floor":40,"turns":11},{"damage":2,"enemies":"R_Hoarder","floor":42,"turns":8},{"damage":10,"enemies":"Transient","floor":44,"turns":5},{"damage":3,"enemies":"4 Shapes","floor":46,"turns":3},{"damage":10,"enemies":"Nightmare","floor":47,"turns":5}],"seed_played":"-7968351450150658109","potions_obtained":[{"floor":4,"key":"StancePotion"},{"floor":12,"key":"ColorlessPotion"},{"floor":13,"key":"Regen Potion"},{"floor":16,"key":"AttackPotion"},{"floor":18,"key":"SpeedPotion"},{"floor":24,"key":"Fire Potion"},{"floor":25,"key":"Swift Potion"},{"floor":33,"key":"PowerPotion"},{"floor":35,"key":"Strength Potion"},{"floor":36,"key":"SteroidPotion"},{"floor":38,"key":"PowerPotion"},{"floor":40,"key":"Explosive Potion"},{"floor":42,"key":"FearPotion"},{"floor":44,"key":"BottledMiracle"},{"floor":46,"key":"DuplicationPotion"}],"is_trial":false,"path_per_floor":["M","$","?","M","T","R","$","R","T","?","M","M","E","M","R","B",null,"M","AVR","M","?","?","R","M","M","T","M","$","?","R","M","R","B",null,"M","?","?","M","M","E","R","E","T","M","?","M","NM"],"character_chosen":"WATCHER","items_purchased":[],"campfire_rested":5,"item_purchase_floors":[],"current_hp_per_floor":[72,72,72,50,50,50,50,71,71,71,71,57,34,34,55,3,72,72,72,59,55,51,51,51,26,26,26,26,26,49,49,72,6,77,77,68,68,59,59,10,33,32,32,22,13,10,0,0],"gold":786,"neow_bonus":"THREE_CARDS","is_daily":false,"chose_seed":false,"campfire_upgraded":2,"win_rate":0.0,"timestamp":1609834648,"path_taken":["M","$","?","M","?","R","$","R","T","?","M","M","E","?","R","BOSS","M","AVR","M","?","?","R","M","M","T","M","$","?","R","M","R","BOSS","M","?","?","M","M","E","R","E","T","?","?","M","NM"],"items_purchased_type":[],"build_version":"2020-12-22","purchased_purges":3,"victory":false,"max_hp_per_floor":[72,72,72,72,72,72,72,72,72,72,72,72,72,72,72,72,72,72,72,72,72,77,77,77,77,77,77,77,77,77,77,77,77,77,77,77,77,77,77,77,77,78,78,78,78,78,78,78],"card_choices":[{"not_picked":["SashWhip","ForeignInfluence"],"picked":"Crescendo","floor":0},{"not_picked":["CrushJoints","WheelKick"],"picked":"JustLucky","floor":1},{"not_picked":["Replay:Hum","SashWhip"],"picked":"FlurryOfBlows","floor":4},{"not_picked":["FlyingSleeves","FearNoEvil"],"picked":"Consecrate","floor":11},{"not_picked":["JustLucky","WheelKick"],"picked":"Adaptation","floor":12},{"not_picked":["Brilliance","SashWhip","Swivel"],"picked":"SKIP","floor":13},{"not_picked":["Crescendo","Worship"],"picked":"FlurryOfBlows","floor":14},{"not_picked":["Replay:LoomingThreat","Brilliance"],"picked":"LessonLearned","floor":16},{"not_picked":["Replay:Hum+1","Consecrate","Replay:DivineShield"],"picked":"SKIP","floor":18},{"not_picked":["Replay:Vibes","Halt+1"],"picked":"ClearTheMind","floor":20},{"not_picked":["EmptyBody","ReplayTheSpireMod:Exploit Weakness+1","aspiration:Lunge"],"picked":"SKIP","floor":24},{"not_picked":["Barrage","Redo+1","Steam"],"picked":"SKIP","floor":25},{"not_picked":["Headbutt","Dagger Throw+1","True Grit"],"picked":"SKIP","floor":27},{"not_picked":["Blasphemy","ClearTheMind","conspire:DoublingDagger+1"],"picked":"SKIP","floor":31},{"not_picked":["Clothesline+1","Dagger Spray","Sword Boomerang"],"picked":"SKIP","floor":35},{"not_picked":["Twin Strike","Second Wind"],"picked":"ReplayTheSpireMod:LeadingStrike+1","floor":36},{"not_picked":["Iron Wave+1","Crescendo","Backflip"],"picked":"SKIP","floor":38},{"not_picked":["Scrape","SashWhip","Replay:BluntJabs+1"],"picked":"SKIP","floor":39},{"not_picked":["conspire:DoublingDagger+1","Leg Sweep","Aggregate+1"],"picked":"SKIP","floor":40},{"not_picked":["Conserve Battery+1","Impatience+1"],"picked":"Shrug It Off+1","floor":41},{"not_picked":["Sucker Punch+1","Compile Driver","hubris:Ssssneak"],"picked":"SKIP","floor":42},{"not_picked":["hubris:PowerSurge+1","Deflect+1","CrushJoints"],"picked":"SKIP","floor":44},{"not_picked":["Flying Knee+1","Blizzard"],"picked":"FlurryOfBlows+1","floor":45},{"not_picked":["Hologram+1","Heavy Blade","Night Terror"],"picked":"SKIP","floor":46}],"player_experience":40458,"relics_obtained":[{"floor":3,"key":"Onion Ring"},{"floor":5,"key":"ReplayFunnel"},{"floor":9,"key":"White Beast Statue"},{"floor":13,"key":"hubris:TenFootPole"},{"floor":21,"key":"PrismaticShard"},{"floor":26,"key":"hubris:PeanutButter"},{"floor":36,"key":"hubris:Zylophone"},{"floor":40,"key":"Dream Catcher"},{"floor":42,"key":"conspire:TopHat"},{"floor":43,"key":"Chameleon Ring"},{"floor":45,"key":"infinitespire:Satchel"}],"event_choices":[{"damage_healed":0,"gold_gain":175,"player_choice":"AGREE","damage_taken":0,"max_hp_gain":0,"max_hp_loss":0,"event_name":"Liars Game","floor":10,"gold_loss":0,"cards_obtained":["Doubt"]},{"damage_healed":0,"gold_gain":0,"player_choice":"Shed Blood","damage_taken":18,"max_hp_gain":5,"max_hp_loss":0,"event_name":"Forgotten Altar","floor":22,"gold_loss":0},{"damage_healed":0,"gold_gain":0,"player_choice":"Ignored","damage_taken":0,"max_hp_gain":0,"max_hp_loss":0,"event_name":"Ghosts","floor":29,"gold_loss":0},{"damage_healed":0,"gold_gain":0,"player_choice":"Fight","damage_taken":0,"max_hp_gain":0,"max_hp_loss":0,"event_name":"Mysterious Sphere","floor":36,"gold_loss":0},{"damage_healed":0,"gold_gain":0,"cards_transformed":["Strike_P"],"player_choice":"Transformed","damage_taken":0,"max_hp_gain":0,"max_hp_loss":0,"event_name":"Transmorgrifier","floor":37,"gold_loss":0,"cards_obtained":["TalkToTheHand"]}],"is_beta":false,"boss_relics":[{"not_picked":["Runic Dome","halation:HeavySnake"],"picked":"hubris:Backtick"},{"not_picked":["halation:ForbiddenBikini","hubris:CrackedHourglass"],"picked":"aspiration:FutureDiary"}],"items_purged_floors":[2,19,28],"is_endless":false,"potions_floor_spawned":[4,11,12,13,14,16,18,20,24,25,27,31,33,35,36,38,39,40,42,44,46],"killed_by":"Nightmare","ascension_level":0}}