{"host":"38maufg2dcy7va3m","time":1609829196,"event":{"mods":["Act Like it!","BaseMod","Downfall","Duelist Mod","GifTheSpireLib","Hubris","Infinite Spire","Minty Spire (QoL Compilation)","Replay The Spire","StSLib","The Bug Knight","The Construct","The Cursed","The Hierophant","The Necromancer","The Poker Player","The Runesmith","everything is the same but u backflip on backflip"],"gold_per_floor":[114,127,73,73,39,68,68,80,115,127,156,36,53,40,40,144,144,162,180,180,199,216,226,226,236,236,254,254],"floor_reached":27,"playtime":1826,"items_purged":[],"score":242,"play_id":"e1198a97-dfe4-49a3-ac54-a17f2dfcf384","local_time":"20210104224636","is_ascension_mode":false,"campfire_choices":[{"floor":8,"key":"REST"},{"floor":15,"key":"REST"}],"circlet_count":0,"master_deck":["Strike_G","Strike_G","Strike_G","Strike_G","Strike_G","Defend_G","Defend_G","Defend_G","Defend_G","Defend_G","Survivor","Neutralize","Blur","PiercingWail","Deadly Poison","Infinite Blades","Infinite Blades","expansioncontent:SuperHexaguard","Burst","Bane+1","Bane","Blur","Backflip","Backflip","PiercingWail","Poisoned Stab","Leg Sweep","Die Die Die","Corpse Explosion","Quick Slash","Flying Knee+1","Poisoned Stab","Endless Agony","Endless Agony+1","Crippling Poison+1"],"relics":["Ring of the Snake","Juzu Bracelet","MawBank","Replay:Baseball","CultistMask","Honey Jar","Matryoshka","Replay:Bandana","hubris:MobiusCoin"],"acts_visited":["Exordium","TheCity"],"potions_floor_usage":[2,14,18,22,25],"damage_taken":[{"damage":0,"enemies":"2 Louse","floor":1,"turns":4},{"damage":7,"enemies":"Cultist","floor":2,"turns":6},{"damage":36,"enemies":"3 Sentries","floor":6,"turns":12},{"damage":6,"enemies":"Jaw Worm","floor":11,"turns":3},{"damage":1,"enemies":"Large Slime","floor":13,"turns":5},{"damage":6,"enemies":"Exordium Thugs","floor":14,"turns":6},{"damage":36,"enemies":"Fading Forest","floor":16,"turns":11},{"damage":5,"enemies":"3 Byrds","floor":18,"turns":2},{"damage":14,"enemies":"Spheric Guardian","floor":19,"turns":4},{"damage":21,"enemies":"Shelled Parasite and Fungi","floor":21,"turns":7},{"damage":3,"enemies":"Snake Plant","floor":22,"turns":4},{"damage":0,"enemies":"3 Cultists","floor":23,"turns":3},{"damage":25,"enemies":"Snecko","floor":25,"turns":4},{"damage":7,"enemies":"Chosen and Byrds","floor":27,"turns":5}],"seed_played":"1747424696586626883","potions_obtained":[{"floor":1,"key":"sneckomod:MuddlingPotion"},{"floor":11,"key":"Weak Potion"},{"floor":16,"key":"SneckoOil"},{"floor":19,"key":"Swift Potion"},{"floor":22,"key":"Swift Potion"}],"is_trial":false,"path_per_floor":["M","M","$","?","$","E","?","R","T","?","M","$","M","M","R","B",null,"M","M","?","M","M","M","T","M","T","M"],"character_chosen":"THE_SILENT","items_purchased":["Infinite Blades","Bane+1","Backflip","PiercingWail","Poisoned Stab"],"campfire_rested":2,"item_purchase_floors":[3,5,12,12,12],"current_hp_per_floor":[70,63,63,63,63,27,27,48,48,48,42,42,41,35,56,30,70,65,51,51,30,27,27,27,2,2,0,0],"gold":254,"neow_bonus":"RANDOM_EVENT","is_daily":false,"chose_seed":false,"campfire_upgraded":0,"win_rate":0.0,"timestamp":1609829196,"path_taken":["M","M","$","?","?","E","?","R","T","?","M","?","M","M","R","BOSS","M","M","?","M","M","M","?","M","T","M"],"items_purchased_type":["Card","Card","Card","Card","Card"],"build_version":"2020-12-22","purchased_purges":0,"victory":false,"max_hp_per_floor":[70,70,70,70,70,70,70,70,70,70,70,70,70,70,70,70,70,70,70,70,70,70,70,70,70,70,70,70],"card_choices":[{"not_picked":["Predator","Dodge and Roll"],"picked":"PiercingWail","floor":1},{"not_picked":["Endless Agony","Prepared"],"picked":"Deadly Poison","floor":2},{"not_picked":["Reflex","Slice"],"picked":"Bane","floor":6},{"not_picked":["Acrobatics","Flying Knee"],"picked":"Blur","floor":11},{"not_picked":["Eviscerate","Dagger Spray"],"picked":"Leg Sweep","floor":13},{"not_picked":["Backflip","Prepared"],"picked":"Die Die Die","floor":14},{"not_picked":["ReplayTheSpireMod:Necrosis","ReplayTheSpireMod:From All Sides"],"picked":"Corpse Explosion","floor":16},{"not_picked":["Expertise","Underhanded Strike","Deadly Poison"],"picked":"Quick Slash","floor":18},{"not_picked":["Underhanded Strike+1","Acrobatics+1","Prepared+1"],"picked":"Flying Knee+1","floor":19},{"not_picked":["Sucker Punch","Unload","Escape Plan"],"picked":"Poisoned Stab","floor":21},{"not_picked":["Prepared+1","Deflect","Acrobatics"],"picked":"Endless Agony","floor":22},{"not_picked":["Dodge and Roll","Quick Slash","Masterful Stab"],"picked":"Endless Agony+1","floor":23},{"not_picked":["Outmaneuver","Prepared","ReplayTheSpireMod:Tripwire"],"picked":"Crippling Poison+1","floor":25}],"player_experience":230191,"relics_obtained":[{"floor":6,"key":"Juzu Bracelet"},{"floor":9,"key":"Replay:Baseball"},{"floor":24,"key":"Matryoshka"},{"floor":26,"key":"Replay:Bandana"},{"floor":26,"key":"hubris:MobiusCoin"}],"event_choices":[{"damage_healed":0,"gold_gain":0,"player_choice":"3 cards matched","damage_taken":0,"max_hp_gain":0,"max_hp_loss":0,"event_name":"Match and Keep!","floor":4,"gold_loss":0,"cards_obtained":["expansioncontent:SuperHexaguard","Endless Agony","Burst"]},{"cards_removed":["Endless Agony"],"damage_healed":0,"gold_gain":0,"player_choice":"Gave Card","damage_taken":0,"relics_obtained":["MawBank"],"max_hp_gain":0,"max_hp_loss":0,"event_name":"WeMeetAgain","floor":7,"gold_loss":0},{"damage_healed":0,"gold_gain":0,"player_choice":"Trade","damage_taken":0,"relics_obtained":["CultistMask"],"max_hp_gain":0,"max_hp_loss":0,"event_name":"FaceTrader","floor":10,"gold_loss":0},{"damage_healed":0,"gold_gain":0,"player_choice":"Ignored","damage_taken":0,"max_hp_gain":0,"max_hp_loss":0,"event_name":"Vampires","floor":20,"gold_loss":0}],"is_beta":false,"boss_relics":[{"not_picked":["Fusion Hammer","Ectoplasm"],"picked":"Honey Jar"}],"items_purged_floors":[],"is_endless":false,"potions_floor_spawned":[1,11,16,19,22],"killed_by":"Chosen and Byrds","ascension_level":0}}