{"host":"sxnl403xm2xmiyj1","time":1609848836,"event":{"mods":["BaseMod","Colored Map","Keyboard Shortcuts","Lobotomy","Minty Spire (QoL Compilation)","Quick Restart","StSLib","SuperFastMode"],"gold_per_floor":[116,136,155,11,86,86,71,83,83,83,83,83],"floor_reached":11,"playtime":304,"items_purged":["SpecialBullet"],"score":65,"play_id":"c3884f06-01e7-43f1-809b-5d2cfad0f839","local_time":"20210105211356","is_ascension_mode":false,"campfire_choices":[],"circlet_count":0,"master_deck":["SpecialBullet","SpecialBullet","SpecialBullet","SpecialBullet","SpecialBullet","SpecialBullet","SpecialBullet","InformationCode","SecurityCode","ExtractionCode","Wingbeat","Regret_ego","BlackSwan","FeatherOfHonor","Regret_ego","PunishingBird","Mimicry","Ecstasy","Ecstasy","CrumblingArmor","CherryBlossom","Decay"],"relics":["CogitoBucket","Matryoshka"],"acts_visited":["Exordium"],"potions_floor_usage":[],"damage_taken":[{"damage":9.0,"enemies":"Cultist","floor":1.0,"turns":4.0},{"damage":14.0,"enemies":"Jaw Worm","floor":2.0,"turns":4.0},{"damage":15.0,"enemies":"2 Louse","floor":3.0,"turns":2.0},{"damage":25.0,"enemies":"Exordium Thugs","floor":7.0,"turns":4.0},{"damage":23.0,"enemies":"3 Louse","floor":8.0,"turns":5.0},{"damage":32,"enemies":"3 Sentries","floor":11,"turns":3}],"seed_played":"-7322341920858190491","potions_obtained":[],"is_trial":false,"path_per_floor":["M","M","M","$","?","R","M","M","T","?","E"],"character_chosen":"Angela","items_purchased":["Ecstasy"],"campfire_rested":0,"item_purchase_floors":[4],"current_hp_per_floor":[69,63,56,56,49,49,34,25,25,25,0,0],"gold":83,"neow_bonus":"THREE_CARDS","is_daily":false,"chose_seed":false,"campfire_upgraded":0,"win_rate":0.0,"timestamp":1609848836,"path_taken":["M","M","M","$","?","R","M","M","T","?","E"],"items_purchased_type":["Card"],"build_version":"2020-12-22","purchased_purges":1,"victory":false,"max_hp_per_floor":[70,70,70,70,70,70,70,70,70,70,70,70],"card_choices":[{"not_picked":["SomewhereSpear","SolemnVow"],"picked":"Wingbeat","floor":0.0},{"not_picked":["Spore"],"picked":"Regret_ego","floor":1.0},{"not_picked":["UniverseFragment","FairyFestival"],"picked":"BlackSwan","floor":1.0},{"not_picked":["Discord","FeatherOfHonor"],"picked":"SKIP","floor":1.0},{"not_picked":["Discord"],"picked":"FeatherOfHonor","floor":1.0},{"not_picked":["Tough","SomewhereSpear"],"picked":"SKIP","floor":2.0},{"not_picked":["RapturousDream","FeatherOfHonor"],"picked":"SKIP","floor":2.0},{"not_picked":["Penitence"],"picked":"Regret_ego","floor":3.0},{"not_picked":["Woodsman","FairyFestival"],"picked":"PunishingBird","floor":3.0},{"not_picked":["Galaxy"],"picked":"Mimicry","floor":3.0},{"not_picked":["Wingbeat"],"picked":"Ecstasy","floor":7.0},{"not_picked":["MeatLantern","Murderer"],"picked":"CrumblingArmor","floor":8.0},{"not_picked":["SolemnVow"],"picked":"CherryBlossom","floor":8.0},{"not_picked":["Beak","TodaysExpression"],"picked":"SKIP","floor":8.0}],"player_experience":190976,"relics_obtained":[{"floor":9.0,"key":"Matryoshka"}],"event_choices":[{"damage_healed":0.0,"max_hp_gain":0.0,"max_hp_loss":0.0,"gold_gain":75.0,"event_name":"FaceTrader","player_choice":"Touch","floor":5.0,"gold_loss":0.0,"damage_taken":7.0},{"damage_healed":0.0,"max_hp_gain":0.0,"max_hp_loss":0.0,"gold_gain":0.0,"event_name":"Wheel of Change","player_choice":"Cursed","floor":10.0,"gold_loss":0.0,"damage_taken":0.0,"cards_obtained":["Decay"]}],"is_beta":false,"boss_relics":[],"items_purged_floors":[4],"is_endless":false,"potions_floor_spawned":[],"killed_by":"3 Sentries","ascension_level":0}}