{"host":"rolltorest","time":1609836671,"event":{"mods":["BaseMod","Minty Spire (QoL Compilation)","Relic Stats","Slay the Relics Exporter","StSLib","The Servant 0.9.4"],"gold_per_floor":[118,118,128,39,53,88,88,120,120,149,161,161,191,208,208,285,285,302,321,246,6,6,6,35,50,77,105,105,138,49,67,67,139,139,152,168,168,181,181,210,210,240,240,265,281,298,314,125,125,125,125,125,125,60,86,86],"floor_reached":57,"playtime":3761,"items_purged":["Strike_S","Pain","Decay"],"score":3685,"play_id":"b15af170-dd57-4ca8-bc9e-a428675e4d70","local_time":"20210105005111","is_ascension_mode":true,"campfire_choices":[{"floor":7,"key":"REST"},{"data":"MoonPhase","floor":15,"key":"SMITH"},{"data":"Hightail","floor":23,"key":"SMITH"},{"data":"FloweringNight","floor":28,"key":"SMITH"},{"data":"RealityMarble","floor":32,"key":"SMITH"},{"data":"FlawlessForm","floor":41,"key":"SMITH"},{"floor":49,"key":"RECALL"},{"data":"1","floor":53,"key":"LIFT"}],"circlet_count":0,"master_deck":["AscendersBane","Strike_S","Strike_S+1","Defend_S","Defend_S","Defend_S+1","Defend_S","KidneyShot","Exchange","Hightail+1","DoubleEdge","Manipulate","TimeWarp","Comet","MoonPhase+1","ForgedInTime","Starlight","Manipulate+1","FlawlessForm+1","SpecialFormula+1","FloweringNight+1","DualDimension+1","DualDimension+1","SoulSculpture","Luminosity","Hightail+1","BottledTime+1","RealityMarble+1","TimeTheft+1","Bandage Up+1","Contraction+1","Deny+1","Replace+1","BottledTime+1","Parasite","Foresight+1","Sabotage+1","ForgedInTime+1","Clumsy","FloweringNight+1","Duplication+1","Advance+1"],"relics":["Uniform","Happy Flower","Dead Branch","Bottled Lightning","Toxic Egg 2","The Courier","Gambling Chip","Cursed Key","Membership Card","Anchor","Ginger","Pen Nib","Sozu","Bag of Marbles","Mummified Hand","KneeBrace","Orichalcum","Frozen Egg 2","Girya","Broom","Art of War","Letter Opener"],"acts_visited":["Exordium","TheCity","TheBeyond","TheEnding"],"potions_floor_usage":[14,16,38],"damage_taken":[{"damage":4,"enemies":"Jaw Worm","floor":1,"turns":8},{"damage":0,"enemies":"Cultist","floor":3,"turns":5},{"damage":0,"enemies":"Small Slimes","floor":5,"turns":4},{"damage":18,"enemies":"Lagavulin","floor":6,"turns":8},{"damage":22,"enemies":"3 Sentries","floor":8,"turns":14},{"damage":0,"enemies":"Lagavulin","floor":10,"turns":9},{"damage":0,"enemies":"Exordium Wildlife","floor":11,"turns":3},{"damage":0,"enemies":"Gremlin Nob","floor":13,"turns":4},{"damage":1,"enemies":"Gremlin Gang","floor":14,"turns":5},{"damage":0,"enemies":"Hexaghost","floor":16,"turns":7},{"damage":17,"enemies":"2 Thieves","floor":18,"turns":4},{"damage":0,"enemies":"Chosen","floor":19,"turns":4},{"damage":0,"enemies":"Book of Stabbing","floor":24,"turns":6},{"damage":0,"enemies":"Centurion and Healer","floor":25,"turns":7},{"damage":0,"enemies":"Gremlin Leader","floor":27,"turns":6},{"damage":18,"enemies":"Slavers","floor":29,"turns":6},{"damage":0,"enemies":"Sentry and Sphere","floor":31,"turns":6},{"damage":0,"enemies":"Automaton","floor":33,"turns":9},{"damage":0,"enemies":"3 Darklings","floor":35,"turns":4},{"damage":0,"enemies":"Orb Walker","floor":36,"turns":5},{"damage":0,"enemies":"Writhing Mass","floor":38,"turns":6},{"damage":0,"enemies":"Nemesis","floor":40,"turns":6},{"damage":0,"enemies":"Giant Head","floor":42,"turns":5},{"damage":0,"enemies":"Nemesis","floor":44,"turns":5},{"damage":0,"enemies":"Sphere and 2 Shapes","floor":45,"turns":7},{"damage":0,"enemies":"3 Darklings","floor":46,"turns":3},{"damage":0,"enemies":"4 Shapes","floor":47,"turns":2},{"damage":0,"enemies":"Time Eater","floor":50,"turns":11},{"damage":0,"enemies":"Donu and Deca","floor":51,"turns":7},{"damage":0,"enemies":"Shield and Spear","floor":55,"turns":7},{"damage":0,"enemies":"The Heart","floor":56,"turns":8}],"seed_played":"-2830920739534523767","potions_obtained":[{"floor":5,"key":"EssenceOfSteel"},{"floor":10,"key":"CultistPotion"},{"floor":16,"key":"Dexterity Potion"},{"floor":24,"key":"Swift Potion"}],"is_trial":false,"path_per_floor":["M","?","M","$","M","E","R","E","T","E","M","T","E","M","R","B",null,"M","M","?","$","?","R","E","M","T","E","R","E","$","M","R","B",null,"M","M","?","M","T","E","R","E","T","E","M","M","M","$","R","B","B",null,"R","$","E","B",null],"character_chosen":"THE_SERVANT","items_purchased":["Manipulate","TimeWarp","Membership Card","SoulSculpture","Luminosity","Bandage Up+1","Broom","Duplication+1","Advance+1","Art of War"],"campfire_rested":1,"item_purchase_floors":[4,4,21,21,21,30,48,48,48,54],"current_hp_per_floor":[50,32,32,32,32,14,32,10,10,10,10,10,10,9,9,17,49,40,48,48,48,48,48,56,60,60,60,60,50,50,60,60,60,60,60,60,60,60,60,60,60,60,60,60,60,60,60,60,60,60,60,60,60,60,60,60],"gold":86,"neow_bonus":"THREE_CARDS","is_daily":false,"chose_seed":false,"campfire_upgraded":5,"win_rate":0.0,"timestamp":1609836671,"path_taken":["M","?","M","$","M","E","R","E","T","E","M","?","E","?","R","BOSS","M","M","?","$","?","R","E","?","T","E","R","E","$","M","R","BOSS","M","?","?","?","?","E","R","E","T","E","M","M","M","$","R","BOSS","BOSS","R","$","E","BOSS"],"items_purchased_type":["Card","Card","Relic","Card","Card","Card","Relic","Card","Card","Relic"],"build_version":"2020-12-18","purchased_purges":3,"victory":true,"max_hp_per_floor":[60,60,60,60,60,60,60,60,60,60,60,60,60,60,60,60,60,60,60,60,60,60,60,60,60,60,60,60,60,60,60,60,60,60,60,60,60,60,60,60,60,60,60,60,60,60,60,60,60,60,60,60,60,60,60,60],"relic_stats":{"Happy Flower":[56],"counters":[31,191],"Dead Branch":[517],"Pen Nib":[22],"Ginger":[89],"Letter Opener":[55],"Orichalcum":[138],"Cursed Key":3,"Sozu":6,"Mummified Hand":[109],"Gambling Chip":[12],"Art of War":[3],"obtain_stats":[{"Girya":44,"KneeBrace":40,"Happy Flower":6,"Dead Branch":8,"The Courier":12,"Pen Nib":29,"Uniform":0,"Broom":48,"Ginger":27,"Letter Opener":55,"Orichalcum":42,"Frozen Egg 2":43,"Cursed Key":17,"Sozu":34,"Anchor":24,"Mummified Hand":39,"Gambling Chip":13,"Bag of Marbles":37,"Art of War":54,"Bottled Lightning":9,"Membership Card":21,"Toxic Egg 2":10},{"Girya":24,"KneeBrace":22,"Happy Flower":4,"Dead Branch":5,"The Courier":7,"Pen Nib":16,"Uniform":0,"Broom":27,"Ginger":15,"Letter Opener":30,"Orichalcum":23,"Frozen Egg 2":23,"Cursed Key":10,"Sozu":18,"Anchor":13,"Mummified Hand":21,"Gambling Chip":8,"Bag of Marbles":20,"Art of War":29,"Bottled Lightning":5,"Membership Card":12,"Toxic Egg 2":6},{"Girya":146,"KneeBrace":136,"Happy Flower":25,"Dead Branch":39,"The Courier":51,"Pen Nib":100,"Uniform":0,"Broom":158,"Ginger":94,"Letter Opener":183,"Orichalcum":141,"Frozen Egg 2":141,"Cursed Key":67,"Sozu":115,"Anchor":81,"Mummified Hand":130,"Gambling Chip":55,"Bag of Marbles":124,"Art of War":176,"Bottled Lightning":39,"Membership Card":75,"Toxic Egg 2":48}]},"card_choices":[{"not_picked":["SurpressingFire","Replace"],"picked":"Hightail","floor":0},{"not_picked":["Replace","Advance","Alleviate"],"picked":"SKIP","floor":1},{"not_picked":["Shuttle","TimeWarp"],"picked":"DoubleEdge","floor":3},{"not_picked":["Deadline","Foresight"],"picked":"Comet","floor":5},{"not_picked":["Shuttle","ShatteredReality"],"picked":"MoonPhase","floor":6},{"not_picked":["Replace","Manipulate"],"picked":"ForgedInTime","floor":8},{"not_picked":["Revamp+1","Rewind+1"],"picked":"Starlight","floor":10},{"not_picked":["Spin","Alleviate+1"],"picked":"Manipulate+1","floor":11},{"not_picked":["Unruled","SpecialFormula+1"],"picked":"FlawlessForm","floor":13},{"not_picked":["Starlight","RealityMarble"],"picked":"SpecialFormula+1","floor":14},{"not_picked":["TrueSight","SilverMatrix"],"picked":"FloweringNight","floor":16},{"not_picked":["Potential","Reset+1"],"picked":"DualDimension+1","floor":18},{"not_picked":["Unruled","FastForward+1"],"picked":"DualDimension+1","floor":19},{"not_picked":["Starlight","Potential"],"picked":"BottledTime+1","floor":24},{"not_picked":["Unruled","ShatteredReality"],"picked":"RealityMarble","floor":25},{"not_picked":["LightFlow","Ricochet+1"],"picked":"TimeTheft+1","floor":27},{"not_picked":["ShatteredReality","BestPractice+1","Ricochet"],"picked":"SKIP","floor":29},{"not_picked":["Defy+1","Unruled"],"picked":"Contraction+1","floor":31},{"not_picked":["SilverMatrix","FlawlessForm"],"picked":"Deny+1","floor":33},{"not_picked":["TimeTheft+1","Defy+1"],"picked":"Replace+1","floor":35},{"not_picked":["RealityMarble","Defy+1"],"picked":"BottledTime+1","floor":36},{"not_picked":["Unruled","Starlight"],"picked":"Foresight+1","floor":38},{"not_picked":["Potential","Moonlight+1"],"picked":"Sabotage+1","floor":40},{"not_picked":["Rewind+1","WasteNot"],"picked":"ForgedInTime+1","floor":42},{"not_picked":["ShatteredReality","FastForward+1","Rewind+1"],"picked":"SKIP","floor":44},{"not_picked":["Rewind+1","BottledTime+1","RealityMarble+1"],"picked":"SKIP","floor":45},{"not_picked":["Defy+1","RealityMarble+1"],"picked":"FloweringNight+1","floor":46},{"not_picked":["TimeWarp","Manipulate+1","Defy+1"],"picked":"SKIP","floor":47},{"not_picked":["BottledTime+1","Defy+1","Alleviate+1"],"picked":"SKIP","floor":55}],"player_experience":1918775,"relics_obtained":[{"floor":6,"key":"Happy Flower"},{"floor":8,"key":"Dead Branch"},{"floor":9,"key":"Bottled Lightning"},{"floor":10,"key":"Toxic Egg 2"},{"floor":12,"key":"The Courier"},{"floor":13,"key":"Gambling Chip"},{"floor":24,"key":"Anchor"},{"floor":27,"key":"Ginger"},{"floor":29,"key":"Pen Nib"},{"floor":39,"key":"Mummified Hand"},{"floor":40,"key":"KneeBrace"},{"floor":42,"key":"Orichalcum"},{"floor":43,"key":"Frozen Egg 2"},{"floor":44,"key":"Girya"},{"floor":55,"key":"Letter Opener"}],"event_choices":[{"damage_healed":0,"gold_gain":0,"player_choice":"Entered Light","damage_taken":18,"max_hp_gain":0,"max_hp_loss":0,"event_name":"Shining Light","floor":2,"gold_loss":0,"cards_upgraded":["Strike_S","Defend_S"]},{"cards_removed":["Strike_S"],"damage_healed":0,"gold_gain":0,"player_choice":"Gave Gold","damage_taken":0,"max_hp_gain":0,"max_hp_loss":0,"event_name":"Beggar","floor":20,"gold_loss":75},{"damage_healed":0,"gold_gain":0,"player_choice":"Read","damage_taken":0,"max_hp_gain":0,"max_hp_loss":0,"event_name":"The Library","floor":22,"gold_loss":0,"cards_obtained":["Hightail"]},{"damage_healed":0,"gold_gain":0,"player_choice":"Gave Potion","damage_taken":0,"relics_obtained":["Bag of Marbles"],"max_hp_gain":0,"max_hp_loss":0,"event_name":"WeMeetAgain","floor":37,"gold_loss":0}],"is_beta":true,"boss_relics":[{"not_picked":["Runic Pyramid","Empty Cage"],"picked":"Cursed Key"},{"not_picked":["Astrolabe","Philosopher\u0027s Stone"],"picked":"Sozu"}],"items_purged_floors":[21,30,48],"is_endless":false,"potions_floor_spawned":[5,10,13,16,24,31,33,40,42,44,45,46,55],"ascension_level":20}}