{"host":"e4wnmsyty9uvvtwf","time":1609844656,"event":{"mods":["Act Like it!","Aspiration","BaseMod","Colored Map","Colored Powertips","Gensokyo","Marisa£®ÏF”Í°°ƒß¿Ì…≥£©","Minty Spire (QoL Compilation)","Rare Cards Sparkle","Replay The Spire","StSLib"],"gold_per_floor":[110,130,316,327,327,327,327,64,113,2,102,102,122,136,136,408,408,422,440,35,46,59,90,90,90,115,115,165,11,11,31,31,107,107,126,126,33,43,62,62,62,90,90,108,108,138,138,28,28,28,28],"floor_reached":52,"playtime":2352,"items_purged":["Pain","Writhe"],"score":2406,"play_id":"074b389f-3e6f-4400-ba98-013616c0e903","local_time":"20210105190416","is_ascension_mode":true,"campfire_choices":[{"data":"OortCloud","floor":6,"key":"SMITH"},{"data":"MysteriousBeam","floor":12,"key":"SMITH"},{"data":"MilkyWay","floor":15,"key":"SMITH"},{"data":"CollectingQuirk","floor":24,"key":"SMITH"},{"data":"CasketOfStar","floor":27,"key":"SMITH"},{"data":"OrrerysSun","floor":30,"key":"SMITH"},{"data":"OortCloud","floor":32,"key":"SMITH"},{"data":"BlazeAway","floor":40,"key":"SMITH"},{"data":"BigCrunch","floor":47,"key":"SMITH"},{"data":"MaximisePower","floor":49,"key":"SMITH"}],"circlet_count":0,"master_deck":["AscendersBane","Defend_MRS","Defend_MRS","Defend_MRS","Defend_MRS","MasterSpark","UpSweep","OortCloud+1","PropBag","6A","MysteriousBeam+1","MaximisePower+1","AsteroidBelt+1","FairyDestructionRay","MilkyWay+1","CasketOfStar+1","SuperPerseids","OpenUniverse","OrrerysSun+1","FairyDestructionRay","CollectingQuirk+1","OortCloud+1","AsteroidBelt","MillisecondPulsars","CurseOfTheBell","SuperPerseids","BigCrunch+1","OortCloud","Trip","TreasureHunter","BlazeAway+1","OpenUniverse+1","GasGiant+1","StarlightTyphoon","PowerUp","Gensokyo:ReactiveArmor","Gensokyo:RPG"],"relics":["MiniHakkero","aspiration:Nostalgia","Sizzling Blood","Gensokyo:LunaticRedEyes","HandDrill","Replay:Wax Seal","Philosopher\u0027s Stone","Mango","Replay:Rubber Ducky","Chemical X","Mercury Hourglass","Vajra","Ring of Peace","Ring of Greed","MealTicket","Membership Card","ReplayFunnel","Calling Bell","Bag of Marbles","Replay:Ringing Soul","Prayer Wheel","Question Card","aspiration:HatOfInfinitePower","Sundial","aspiration:PocketMushroom"],"acts_visited":["Exordium","Gensokyo:Gensokyo","Gensokyo:Gensokyoer"],"potions_floor_usage":[14,16,50,50],"damage_taken":[{"damage":5,"enemies":"Gensokyo:3_Fairies","floor":1,"turns":5},{"damage":1,"enemies":"Gensokyo:2_Kodama","floor":2,"turns":5},{"damage":0,"enemies":"Gensokyo:Python","floor":4,"turns":4},{"damage":5,"enemies":"Gensokyo:3_Kodama","floor":13,"turns":5},{"damage":12,"enemies":"Gensokyo:CorruptedTreant","floor":14,"turns":2},{"damage":18,"enemies":"Gensokyo:Yukari","floor":16,"turns":10},{"damage":4,"enemies":"Gensokyo:2_Gloops","floor":18,"turns":5},{"damage":6,"enemies":"Gensokyo:3_Dogs","floor":19,"turns":4},{"damage":11,"enemies":"Gensokyo:Wraith","floor":21,"turns":4},{"damage":11,"enemies":"Gensokyo:Mirror_and_Dog","floor":22,"turns":4},{"damage":0,"enemies":"Gensokyo:Tenshi","floor":23,"turns":4},{"damage":0,"enemies":"Gensokyo:Slime_Group","floor":31,"turns":3},{"damage":0,"enemies":"Gensokyo:Eternal_Rivals","floor":33,"turns":9},{"damage":0,"enemies":"Gensokyo:3_Bats","floor":35,"turns":4},{"damage":0,"enemies":"Gensokyo:AncientGuardian","floor":38,"turns":1},{"damage":0,"enemies":"Gensokyo:Rafflesia","floor":39,"turns":5},{"damage":0,"enemies":"Gensokyo:Doremy","floor":42,"turns":7},{"damage":1,"enemies":"Gensokyo:SeedOfUnknown","floor":44,"turns":5},{"damage":0,"enemies":"Gensokyo:Marisa","floor":46,"turns":2},{"damage":0,"enemies":"Gensokyo:Shinki","floor":50,"turns":13},{"damage":0,"enemies":"Gensokyo:Scarlet_Devils","floor":51,"turns":6}],"seed_played":"4422565880851520282","potions_obtained":[{"floor":1,"key":"EntropicBrew"},{"floor":4,"key":"Energy Potion"},{"floor":14,"key":"StarNLove"},{"floor":19,"key":"DuplicationPotion"},{"floor":21,"key":"CultistPotion"}],"is_trial":false,"path_per_floor":["M","M","?","M","?","R","?","COS","T","$","?","R","M","M","R","B",null,"M","M","$","M","M","E","R","?","T","R","?","$","R","M","R","B",null,"M","?","$","M","M","R","?","E","T","M","?","E","R","COS","R","B","B",null],"character_chosen":"MARISA","items_purchased":["AsteroidBelt+1","OrrerysSun","Replay:Rubber Ducky","Chemical X","OortCloud","ReplayFunnel","OortCloud","Trip"],"campfire_rested":0,"item_purchase_floors":[10,20,20,20,29,29,37,37],"current_hp_per_floor":[66,69,69,73,73,73,73,73,73,73,73,73,72,64,64,50,68,82,80,80,73,66,70,70,70,70,70,70,85,85,88,88,88,88,91,94,97,100,103,103,103,103,103,106,106,109,109,112,112,112,112],"gold":28,"neow_bonus":"NOSTALGIA","is_daily":false,"chose_seed":false,"campfire_upgraded":10,"win_rate":0.0,"timestamp":1609844656,"path_taken":["M","M","?","M","?","R","?","COS","T","$","?","R","?","M","R","BOSS","M","M","$","M","M","E","R","?","T","R","?","$","R","M","R","BOSS","M","?","$","M","?","R","?","E","T","M","?","E","R","COS","R","BOSS","BOSS"],"items_purchased_type":["Card","Card","Relic","Relic","Card","Relic","Card","Card"],"build_version":"2020-12-22","purchased_purges":2,"victory":true,"max_hp_per_floor":[74,74,74,74,74,74,74,74,74,74,74,74,74,74,74,74,74,88,88,88,88,88,88,88,88,88,88,88,88,88,88,88,88,88,91,94,97,100,103,103,103,103,103,106,106,109,109,112,112,112,112],"card_choices":[{"not_picked":["WitchLeyline","Orbital"],"picked":"OortCloud","floor":1},{"not_picked":["ShootingEcho","UnstableBomb"],"picked":"PropBag","floor":2},{"not_picked":["SporeBomb","DC"],"picked":"6A","floor":3},{"not_picked":["MilkyWay","RefractionSpark"],"picked":"MysteriousBeam","floor":4},{"not_picked":["DoubleSpark","GrandCross"],"picked":"FairyDestructionRay","floor":13},{"not_picked":["AsteroidBelt","AlicesGift"],"picked":"MilkyWay","floor":14},{"not_picked":["ManaRampage","SatelliteIllusion"],"picked":"CasketOfStar","floor":16},{"not_picked":["StarBarrage","MachineGunSpark"],"picked":"SuperPerseids","floor":18},{"not_picked":["GalacticHalo","WitchOfGreed"],"picked":"OpenUniverse","floor":19},{"not_picked":["Acceleration","UnstableBomb"],"picked":"FairyDestructionRay","floor":21},{"not_picked":["DC","DoubleSpark"],"picked":"RefractionSpark+1","floor":22},{"not_picked":["Singularity","BigCrunch"],"picked":"CollectingQuirk","floor":23},{"not_picked":["StarBarrage","MilkyWay"],"picked":"AsteroidBelt","floor":31},{"not_picked":["CollectingQuirk","FinalSpark"],"picked":"MillisecondPulsars","floor":33},{"not_picked":["UnstableBomb+1","6A+1"],"picked":"SuperPerseids","floor":35},{"not_picked":["LuminesStrike+1","StarBarrage","GravityBeat"],"picked":"SKIP","floor":35},{"not_picked":["GalacticHalo","IllusionStar+1"],"picked":"PropBag+1","floor":38},{"not_picked":["AlicesGift","GravityBeat"],"picked":"TreasureHunter","floor":38},{"not_picked":["GravityBeat","IllusionStar"],"picked":"BlazeAway","floor":39},{"not_picked":["DarkSpark+1","UnstableBomb+1"],"picked":"OpenUniverse+1","floor":39},{"not_picked":["SporeBomb","MysteriousBeam","DC+1"],"picked":"SKIP","floor":42},{"not_picked":["MachineGunSpark","ChargingUp","AsteroidBelt"],"picked":"GasGiant+1","floor":44},{"not_picked":["LuminesStrike","BlazingStar","GravityBeat"],"picked":"StarlightTyphoon","floor":44},{"not_picked":["ShootingEcho","DragonMeteor","UnstableBomb"],"picked":"PowerUp","floor":46}],"player_experience":696190,"relics_obtained":[{"floor":9,"key":"Replay:Wax Seal"},{"floor":23,"key":"Mercury Hourglass"},{"floor":26,"key":"Vajra"},{"floor":28,"key":"Ring of Peace"},{"floor":28,"key":"Ring of Greed"},{"floor":28,"key":"MealTicket"},{"floor":28,"key":"Membership Card"},{"floor":34,"key":"Bag of Marbles"},{"floor":34,"key":"Replay:Ringing Soul"},{"floor":34,"key":"Prayer Wheel"},{"floor":42,"key":"Question Card"},{"floor":42,"key":"aspiration:HatOfInfinitePower"},{"floor":43,"key":"Sundial"},{"floor":46,"key":"aspiration:PocketMushroom"}],"event_choices":[],"is_beta":false,"boss_relics":[{"not_picked":["Astrolabe","Ring of Chaos"],"picked":"Philosopher\u0027s Stone"},{"not_picked":["aspiration:RitualDagger","aspiration:FutureDiary"],"picked":"Calling Bell"}],"items_purged_floors":[10,29],"is_endless":false,"potions_floor_spawned":[1,4,13,14,19,21,22,39,46],"ascension_level":20}}