{"host":"6r4na9dgjsffx65e","time":1609879752,"event":{"mods":["BaseMod","Colored Map","Colored Powertips","Minty Spire (QoL Compilation)","Relic Stats","ojb\u0027s Info Mod"],"gold_per_floor":[118,40,55,55,55,83,94,121,121,154,5,30,48,58,58,163,163,176,176,36,36,36,66,76,105,105,105,105,120,145,71,71,169,169,186,36,36,46,58,89,89,115,115,129,129,129,129,161,161,161,161,161,6,32,32],"floor_reached":56,"playtime":3798,"items_purged":[],"score":1966,"play_id":"3e4eca96-5b38-4bc6-82e0-be31a8ebaa82","local_time":"20210105214912","is_ascension_mode":true,"campfire_choices":[{"floor":15.0,"key":"REST"},{"data":"Envenom","floor":28,"key":"SMITH"},{"data":"Venomology","floor":32,"key":"SMITH"},{"floor":41,"key":"RECALL"},{"data":"Adrenaline","floor":45,"key":"SMITH"},{"data":"Calculated Gamble","floor":49,"key":"SMITH"},{"data":"After Image","floor":52,"key":"SMITH"}],"circlet_count":0,"master_deck":["AscendersBane","Strike_G","Strike_G","Strike_G","Strike_G","Defend_G","Defend_G+1","Defend_G","Defend_G","Defend_G","Survivor","Neutralize+1","Deadly Poison","Noxious Fumes","Bane","Venomology+1","Blade Dance","PiercingWail+1","Poisoned Stab","After Image+1","Deflect","Envenom+1","Backflip","Corpse Explosion+1","Calculated Gamble+1","Prepared+1","Adrenaline+1","Burst","Venomology+1","Prepared+1","Footwork","Caltrops+1","Cloak And Dagger+1"],"relics":["Ring of the Snake","NeowsBlessing","Bag of Preparation","Ninja Scroll","Tiny Chest","Bag of Marbles","Art of War","Snake Skull","Anchor","Empty Cage","MutagenicStrength","War Paint","Blood Vial","Nunchaku","MealTicket","HoveringKite","Centennial Puzzle","Akabeko","Toy Ornithopter","Blue Candle","HornCleat","Boot","Bronze Scales","Pocketwatch"],"acts_visited":["Exordium","TheCity","TheBeyond","TheEnding"],"potions_floor_usage":[23,25,25,29,30,33,33,33,39,39,40,40,40,42,42,42,44,48,48,50,50,50,50,54,54,54,55],"damage_taken":[{"damage":0.0,"enemies":"Jaw Worm","floor":1.0,"turns":1.0},{"damage":0.0,"enemies":"2 Louse","floor":3.0,"turns":1.0},{"damage":0.0,"enemies":"Gremlin Nob","floor":6.0,"turns":1.0},{"damage":8.0,"enemies":"Small Slimes","floor":7.0,"turns":3.0},{"damage":17.0,"enemies":"Lagavulin","floor":8.0,"turns":5.0},{"damage":10.0,"enemies":"3 Sentries","floor":10.0,"turns":5.0},{"damage":0.0,"enemies":"Gremlin Nob","floor":12.0,"turns":1.0},{"damage":0.0,"enemies":"2 Fungi Beasts","floor":13.0,"turns":3.0},{"damage":0.0,"enemies":"Looter","floor":14.0,"turns":2.0},{"damage":14.0,"enemies":"The Guardian","floor":16.0,"turns":8.0},{"damage":2.0,"enemies":"3 Byrds","floor":18.0,"turns":4.0},{"damage":0,"enemies":"Slavers","floor":23,"turns":2},{"damage":10,"enemies":"Chosen","floor":24,"turns":5},{"damage":0,"enemies":"Gremlin Leader","floor":25,"turns":4},{"damage":23,"enemies":"Snake Plant","floor":29,"turns":4},{"damage":0,"enemies":"Book of Stabbing","floor":30,"turns":3},{"damage":45,"enemies":"Automaton","floor":33,"turns":10},{"damage":0,"enemies":"3 Darklings","floor":35,"turns":3},{"damage":0,"enemies":"3 Shapes","floor":38,"turns":4},{"damage":0,"enemies":"3 Darklings","floor":39,"turns":4},{"damage":16,"enemies":"Reptomancer","floor":40,"turns":5},{"damage":10,"enemies":"Nemesis","floor":42,"turns":5},{"damage":0,"enemies":"Sphere and 2 Shapes","floor":44,"turns":1},{"damage":9,"enemies":"Reptomancer","floor":48,"turns":5},{"damage":60,"enemies":"Awakened One","floor":50,"turns":10},{"damage":73,"enemies":"Shield and Spear","floor":54,"turns":6},{"damage":123,"enemies":"The Heart","floor":55,"turns":9}],"seed_played":"8656002159288449288","potions_obtained":[{"floor":3.0,"key":"Poison Potion"},{"floor":7.0,"key":"Fire Potion"},{"floor":8.0,"key":"FairyPotion"},{"floor":10.0,"key":"SteroidPotion"},{"floor":16.0,"key":"Strength Potion"},{"floor":24,"key":"LiquidMemories"},{"floor":25,"key":"Fire Potion"},{"floor":30,"key":"Strength Potion"},{"floor":33,"key":"EssenceOfSteel"},{"floor":35,"key":"BlessingOfTheForge"},{"floor":39,"key":"SteroidPotion"},{"floor":47,"key":"LiquidMemories"}],"is_trial":false,"path_per_floor":["M","$","M","?","?","E","M","E","T","E","$","E","M","M","R","B",null,"M","?","$","?","?","E","M","E","T","T","R","M","E","$","R","B",null,"M","$","?","M","M","E","R","E","T","M","R","T","?","E","R","B",null,"R","$","E","B",null],"character_chosen":"THE_SILENT","items_purchased":["Noxious Fumes","Snake Skull","Corpse Explosion","Adrenaline","Centennial Puzzle","Bronze Scales"],"campfire_rested":1,"item_purchase_floors":[2,11,20,31,36,53],"current_hp_per_floor":[63,63,63,63,49,49,41,24,24,14,14,14,14,14,35,21,58,56,56,56,56,70,70,60,60,60,60,60,39,41,56,56,13,56,58,70,70,70,70,54,54,46,46,53,53,53,53,56,56,18,57,57,70,7,18],"gold":32,"neow_bonus":"THREE_ENEMY_KILL","is_daily":false,"chose_seed":false,"campfire_upgraded":5,"win_rate":0.0,"timestamp":1609879752,"path_taken":["M","$","M","?","?","E","M","E","T","E","$","E","M","M","R","BOSS","M","?","$","?","?","E","M","E","T","?","R","M","E","?","R","BOSS","M","$","?","M","M","E","R","E","T","?","R","?","?","E","R","BOSS","R","$","E","BOSS"],"items_purchased_type":["Card","Relic","Card","Card","Relic","Relic"],"build_version":"2020-12-22","purchased_purges":0,"victory":true,"max_hp_per_floor":[70,70,70,70,70,70,70,70,70,70,70,70,70,70,70,70,70,70,70,70,70,70,70,70,70,70,70,70,70,70,70,70,70,70,70,70,70,70,70,70,70,70,70,70,70,70,70,70,70,70,70,70,70,70,70],"relic_stats":{"counters":[27,114],"Blue Candle":[0],"HoveringKite":[28],"Snake Skull":[299],"Bag of Preparation":[2],"War Paint":["Corpse Explosion","PiercingWail"],"Boot":[18],"Blood Vial":18,"Nunchaku":[19],"Centennial Puzzle":[18],"Bronze Scales":[128],"Tiny Chest":2,"MealTicket":40,"Art of War":[13],"obtain_stats":[{"NeowsBlessing":0,"Blue Candle":43,"HoveringKite":34,"Snake Skull":11,"Bag of Preparation":4,"War Paint":23,"Empty Cage":17,"Boot":48,"Akabeko":40,"Blood Vial":25,"Anchor":12,"Nunchaku":27,"Centennial Puzzle":36,"HornCleat":46,"Ninja Scroll":6,"MutagenicStrength":19,"Bronze Scales":53,"Tiny Chest":8,"MealTicket":30,"Bag of Marbles":9,"Art of War":10,"Toy Ornithopter":42,"Ring of the Snake":0,"Pocketwatch":54},{"NeowsBlessing":0,"Blue Candle":22,"HoveringKite":17,"Snake Skull":6,"Bag of Preparation":2,"War Paint":12,"Empty Cage":10,"Boot":24,"Akabeko":21,"Blood Vial":14,"Anchor":7,"Nunchaku":14,"Centennial Puzzle":18,"HornCleat":23,"Ninja Scroll":3,"MutagenicStrength":11,"Bronze Scales":25,"Tiny Chest":5,"MealTicket":16,"Bag of Marbles":5,"Art of War":6,"Toy Ornithopter":22,"Ring of the Snake":0,"Pocketwatch":26},{"NeowsBlessing":0,"Blue Candle":83,"HoveringKite":62,"Snake Skull":16,"Bag of Preparation":2,"War Paint":36,"Empty Cage":30,"Boot":89,"Akabeko":78,"Blood Vial":45,"Anchor":17,"Nunchaku":45,"Centennial Puzzle":65,"HornCleat":84,"Ninja Scroll":3,"MutagenicStrength":34,"Bronze Scales":99,"Tiny Chest":11,"MealTicket":52,"Bag of Marbles":11,"Art of War":16,"Toy Ornithopter":83,"Ring of the Snake":0,"Pocketwatch":105}],"Toy Ornithopter":50,"Ring of the Snake":[54],"Pocketwatch":[0]},"card_choices":[{"not_picked":["Backstab","Masterful Stab"],"picked":"Deadly Poison","floor":1.0},{"not_picked":["Dash","Blade Dance"],"picked":"Bane","floor":3.0},{"not_picked":["Outmaneuver","Deflect"],"picked":"Venomology","floor":6.0},{"not_picked":["Slice","Infinite Blades"],"picked":"Blade Dance","floor":7.0},{"not_picked":["Flechettes","Endless Agony"],"picked":"PiercingWail","floor":8.0},{"not_picked":["Prepared","Calculated Gamble"],"picked":"Poisoned Stab","floor":10.0},{"not_picked":["Reflex","Accuracy"],"picked":"After Image","floor":12.0},{"not_picked":["Dodge and Roll","Dagger Throw","Sucker Punch"],"picked":"SKIP","floor":13.0},{"not_picked":["Dagger Spray","Underhanded Strike"],"picked":"Deflect","floor":14.0},{"not_picked":["Unload","A Thousand Cuts"],"picked":"Envenom","floor":16.0},{"not_picked":["Terror","Accuracy"],"picked":"Backflip","floor":18.0},{"not_picked":["Escape Plan","Deadly Poison+1"],"picked":"Calculated Gamble","floor":23},{"not_picked":["Deadly Poison","Acrobatics","Flying Knee"],"picked":"SKIP","floor":24},{"not_picked":["Riddle With Holes","Malaise","Expertise"],"picked":"SKIP","floor":25},{"not_picked":["Deadly Poison","Well Laid Plans","Dodge and Roll"],"picked":"SKIP","floor":29},{"not_picked":["Underhanded Strike","Concentrate"],"picked":"Prepared+1","floor":30},{"not_picked":["Glass Knife","Malaise"],"picked":"Burst","floor":33},{"not_picked":["Cloak And Dagger","Outmaneuver+1","Leg Sweep"],"picked":"SKIP","floor":35},{"not_picked":["Quick Slash+1","Bane","Underhanded Strike+1"],"picked":"SKIP","floor":38},{"not_picked":["Dagger Spray+1","Flying Knee+1"],"picked":"Prepared+1","floor":39},{"not_picked":["Masterful Stab","PiercingWail","Slice+1"],"picked":"SKIP","floor":40},{"not_picked":["Bullet Time","PiercingWail"],"picked":"Footwork","floor":42},{"not_picked":["Underhanded Strike+1","Blade Dance"],"picked":"Caltrops+1","floor":44},{"not_picked":["Caltrops+1","Glass Knife","Sucker Punch+1"],"picked":"SKIP","floor":48},{"not_picked":["Dagger Spray+1","Eviscerate"],"picked":"Cloak And Dagger+1","floor":54}],"player_experience":521915,"relics_obtained":[{"floor":6.0,"key":"Ninja Scroll"},{"floor":8.0,"key":"Tiny Chest"},{"floor":9.0,"key":"Bag of Marbles"},{"floor":10.0,"key":"Art of War"},{"floor":12.0,"key":"Anchor"},{"floor":23,"key":"War Paint"},{"floor":25,"key":"Blood Vial"},{"floor":27,"key":"Nunchaku"},{"floor":30,"key":"MealTicket"},{"floor":40,"key":"Akabeko"},{"floor":42,"key":"Toy Ornithopter"},{"floor":43,"key":"Blue Candle"},{"floor":46,"key":"HornCleat"},{"floor":48,"key":"Boot"},{"floor":54,"key":"Pocketwatch"}],"event_choices":[{"damage_healed":0.0,"max_hp_gain":0.0,"max_hp_loss":0.0,"gold_gain":0.0,"event_name":"Big Fish","player_choice":"Box","floor":4.0,"gold_loss":0.0,"damage_taken":0.0,"relics_obtained":["Bag of Preparation"],"cards_obtained":["Regret"]},{"damage_healed":0.0,"max_hp_gain":0.0,"max_hp_loss":0.0,"gold_gain":0.0,"event_name":"Shining Light","player_choice":"Entered Light","floor":5.0,"gold_loss":0.0,"damage_taken":14.0,"cards_upgraded":["Neutralize","Defend_G"]},{"damage_healed":0.0,"max_hp_gain":0.0,"max_hp_loss":0.0,"gold_gain":0.0,"event_name":"Drug Dealer","player_choice":"Inject Mutagens","floor":19.0,"gold_loss":0.0,"damage_taken":0.0,"relics_obtained":["MutagenicStrength"]},{"damage_healed":0.0,"max_hp_gain":0.0,"max_hp_loss":0.0,"gold_gain":0.0,"event_name":"Vampires","player_choice":"Ignored","floor":21.0,"gold_loss":0.0,"damage_taken":0.0},{"damage_healed":23,"gold_gain":0,"player_choice":"Heal","damage_taken":0,"max_hp_gain":0,"max_hp_loss":0,"event_name":"The Library","floor":22,"gold_loss":0},{"damage_healed":0,"gold_gain":0,"player_choice":"Copied","damage_taken":0,"max_hp_gain":0,"max_hp_loss":0,"event_name":"Duplicator","floor":37,"gold_loss":0,"cards_obtained":["Venomology"]},{"damage_healed":0,"gold_gain":0,"player_choice":"Got Potions","damage_taken":0,"max_hp_gain":0,"max_hp_loss":0,"event_name":"Lab","floor":47,"gold_loss":0}],"is_beta":false,"boss_relics":[{"not_picked":["SacredBark","Sozu"],"picked":"Empty Cage"},{"not_picked":["Fusion Hammer","Snecko Eye"],"picked":"HoveringKite"}],"items_purged_floors":[],"is_endless":false,"potions_floor_spawned":[3,7,8,10,16,24,25,30,33,35,39],"ascension_level":10}}