{"host":"sav7uxregyirlf69","time":1609831701,"event":{"mods":["AchievementEnabler","BaseMod","Colored Map","DeckTracker","Keyboard Shortcuts","Minty Spire (QoL Compilation)","READ ME - Guardian Mod","StSLib","SuperFastMode"],"gold_per_floor":[363,380,380,396,91,91,122,136,136,136,153,163,182,23,23,95,95,113,163,123,140,140,140,150,150,150,163,173,201,230,12,12,87,87,106,120,342,342,352,352,378,393,418,434,434,434],"floor_reached":45,"playtime":1243,"items_purged":["Strike_G","Strike_G"],"score":1138,"play_id":"36958d86-e012-462c-886d-a36aeb700c6a","local_time":"20210105162821","is_ascension_mode":true,"campfire_choices":[{"data":"Dash","floor":6,"key":"SMITH"},{"data":"Well Laid Plans","floor":10,"key":"SMITH"},{"data":"Neutralize","floor":15,"key":"SMITH"},{"data":"Blade Dance","floor":23,"key":"SMITH"},{"data":"Cloak And Dagger","floor":25,"key":"SMITH"},{"data":"Accuracy","floor":32,"key":"SMITH"},{"data":"Reflex","floor":40,"key":"SMITH"}],"circlet_count":0,"master_deck":["AscendersBane","Strike_G","Strike_G","Defend_G","Defend_G","Defend_G","Defend_G","Defend_G","Survivor","Neutralize+1","Dagger Spray","Escape Plan","Dash+1","Well Laid Plans+1","Masterful Stab","All Out Attack","Noxious Fumes","Blade Dance+1","Adrenaline","Backflip+1","Reflex+1","Cloak And Dagger+1","Accuracy+1","Dodge and Roll","Backstab","Prepared","Calculated Gamble+1","Noxious Fumes+1"],"relics":["Ring of the Snake","Orrery","Boot","Kunai","Coffee Dripper","Singing Bowl","HornCleat","Red Mask","Tingsha","Membership Card","Orichalcum"],"acts_visited":["Exordium","TheCity","TheBeyond"],"potions_floor_usage":[7,16,16,20,30,39],"damage_taken":[{"damage":2,"enemies":"Jaw Worm","floor":1,"turns":5},{"damage":4,"enemies":"Cultist","floor":2,"turns":4},{"damage":5,"enemies":"2 Louse","floor":4,"turns":3},{"damage":0,"enemies":"Gremlin Nob","floor":7,"turns":3},{"damage":0,"enemies":"Blue Slaver","floor":8,"turns":3},{"damage":2,"enemies":"Lots of Slimes","floor":11,"turns":3},{"damage":2,"enemies":"Exordium Thugs","floor":12,"turns":4},{"damage":7,"enemies":"Blue Slaver","floor":13,"turns":3},{"damage":0,"enemies":"Slime Boss","floor":16,"turns":7},{"damage":10,"enemies":"Shell Parasite","floor":18,"turns":6},{"damage":0,"enemies":"3 Byrds","floor":21,"turns":3},{"damage":17,"enemies":"Snecko","floor":24,"turns":7},{"damage":0,"enemies":"Sentry and Sphere","floor":27,"turns":5},{"damage":0,"enemies":"Snake Plant","floor":28,"turns":4},{"damage":0,"enemies":"Masked Bandits","floor":29,"turns":4},{"damage":3,"enemies":"Book of Stabbing","floor":30,"turns":4},{"damage":1,"enemies":"Collector","floor":33,"turns":11},{"damage":20,"enemies":"3 Darklings","floor":35,"turns":6},{"damage":0,"enemies":"Orb Walker","floor":36,"turns":3},{"damage":6,"enemies":"3 Darklings","floor":39,"turns":6},{"damage":29,"enemies":"Nemesis","floor":41,"turns":7},{"damage":3,"enemies":"4 Shapes","floor":42,"turns":6},{"damage":0,"enemies":"Sphere and 2 Shapes","floor":44,"turns":4},{"damage":21,"enemies":"Spire Growth","floor":45,"turns":6}],"seed_played":"7187788149084999914","potions_obtained":[{"floor":1,"key":"LiquidMemories"},{"floor":11,"key":"DistilledChaos"},{"floor":16,"key":"PowerPotion"},{"floor":20,"key":"Fruit Juice"},{"floor":20,"key":"SpeedPotion"},{"floor":39,"key":"Fruit Juice"},{"floor":42,"key":"SneckoOil"}],"is_trial":false,"path_per_floor":["M","M","?","M","$","R","E","M","T","R","M","M","M","$","R","B",null,"M","?","?","M","T","R","M","R","T","M","M","?","E","$","R","B",null,"M","M","?","?","M","R","E","M","T","M","M"],"character_chosen":"THE_SILENT","items_purchased":["Orrery","FearPotion","Blade Dance","Membership Card","Dodge and Roll","DuplicationPotion"],"campfire_rested":0,"item_purchase_floors":[5,5,14,31,31,31],"current_hp_per_floor":[42,38,38,33,33,33,33,33,33,33,31,29,22,22,22,22,55,45,45,50,50,50,50,33,33,33,35,37,37,36,36,36,37,69,49,51,51,51,50,50,23,20,20,20,0,0],"gold":434,"neow_bonus":"TWO_FIFTY_GOLD","is_daily":false,"chose_seed":false,"campfire_upgraded":7,"win_rate":0.0,"timestamp":1609831701,"path_taken":["M","M","?","?","$","R","E","M","T","R","?","M","M","$","R","BOSS","M","?","?","?","?","R","?","R","T","M","M","?","E","$","R","BOSS","M","M","?","?","?","R","E","M","T","M","M"],"items_purchased_type":["Relic","Potion","Card","Relic","Card","Potion"],"build_version":"2020-12-22","purchased_purges":2,"victory":false,"max_hp_per_floor":[66,66,66,66,66,66,66,66,66,66,66,66,66,66,66,66,66,66,66,71,71,71,71,71,71,71,73,75,75,77,77,77,79,79,79,81,81,81,86,86,88,88,88,88,88,88],"card_choices":[{"not_picked":["Footwork","Caltrops"],"picked":"Dagger Spray","floor":1},{"not_picked":["Setup","Dagger Spray"],"picked":"Escape Plan","floor":2},{"not_picked":["Well Laid Plans","Blade Dance"],"picked":"Dash","floor":4},{"not_picked":["Slice","Accuracy"],"picked":"Well Laid Plans","floor":5},{"not_picked":["Deadly Poison","Terror"],"picked":"Masterful Stab","floor":5},{"not_picked":["Deadly Poison","Cloak And Dagger"],"picked":"All Out Attack","floor":5},{"not_picked":["Masterful Stab","Acrobatics"],"picked":"Noxious Fumes","floor":7},{"not_picked":["Heel Hook","Slice","Envenom"],"picked":"SKIP","floor":8},{"not_picked":["Deflect","Distraction","Dagger Throw"],"picked":"SKIP","floor":11},{"not_picked":["Bane","Quick Slash","Deadly Poison"],"picked":"SKIP","floor":12},{"not_picked":["Acrobatics","Footwork","All Out Attack"],"picked":"SKIP","floor":13},{"not_picked":["Storm of Steel","Die Die Die"],"picked":"Adrenaline","floor":16},{"not_picked":["Prepared","Dagger Spray"],"picked":"Backflip+1","floor":18},{"not_picked":["Dagger Throw+1","Expertise"],"picked":"Reflex","floor":21},{"not_picked":["Skewer","Dash"],"picked":"Cloak And Dagger","floor":24},{"not_picked":["Heel Hook","Blade Dance","Backflip"],"picked":"Singing Bowl","floor":27},{"not_picked":["Die Die Die","Sucker Punch","Well Laid Plans"],"picked":"Singing Bowl","floor":28},{"not_picked":["Footwork","Bouncing Flask"],"picked":"Accuracy","floor":29},{"not_picked":["Endless Agony","Outmaneuver","Sucker Punch"],"picked":"Singing Bowl","floor":30},{"not_picked":["A Thousand Cuts","Glass Knife","Wraith Form v2"],"picked":"Singing Bowl","floor":33},{"not_picked":["PiercingWail","Dash"],"picked":"Backstab","floor":35},{"not_picked":["Poisoned Stab","Blade Dance","Leg Sweep"],"picked":"Singing Bowl","floor":36},{"not_picked":["Deflect","Catalyst"],"picked":"Prepared","floor":39},{"not_picked":["Poisoned Stab+1","Dash+1","PiercingWail+1"],"picked":"Singing Bowl","floor":41},{"not_picked":["Predator","Sucker Punch+1"],"picked":"Calculated Gamble+1","floor":42},{"not_picked":["Caltrops","All Out Attack"],"picked":"Noxious Fumes+1","floor":44}],"player_experience":1143572,"relics_obtained":[{"floor":7,"key":"Boot"},{"floor":9,"key":"Kunai"},{"floor":22,"key":"Singing Bowl"},{"floor":26,"key":"HornCleat"},{"floor":29,"key":"Red Mask"},{"floor":30,"key":"Tingsha"},{"floor":41,"key":"Orichalcum"}],"event_choices":[{"cards_removed":["Strike_G"],"damage_healed":0,"gold_gain":0,"player_choice":"Offered Basic","damage_taken":0,"max_hp_gain":0,"max_hp_loss":0,"event_name":"Bonfire Elementals","floor":3,"gold_loss":0},{"damage_healed":0,"gold_gain":50,"player_choice":"Stole From Cult","damage_taken":0,"max_hp_gain":0,"max_hp_loss":0,"event_name":"Nest","floor":19,"gold_loss":0},{"damage_healed":0,"gold_gain":0,"player_choice":"Bought 3 Potions","damage_taken":0,"max_hp_gain":0,"max_hp_loss":0,"event_name":"The Woman in Blue","floor":20,"gold_loss":0},{"damage_healed":0,"gold_gain":0,"player_choice":"Fought Bandits","damage_taken":0,"max_hp_gain":0,"max_hp_loss":0,"event_name":"Masked Bandits","floor":29,"gold_loss":0},{"damage_healed":0,"gold_gain":222,"player_choice":"Wore Mask","damage_taken":0,"max_hp_gain":0,"max_hp_loss":0,"event_name":"Tomb of Lord Red Mask","floor":37,"gold_loss":0},{"damage_healed":0,"gold_gain":0,"player_choice":"Ignored","damage_taken":0,"max_hp_gain":0,"max_hp_loss":0,"event_name":"SecretPortal","floor":38,"gold_loss":0}],"is_beta":false,"boss_relics":[{"not_picked":["Fusion Hammer","Runic Dome"],"picked":"Coffee Dripper"},{"not_picked":["Philosopher\u0027s Stone","Ring of the Serpent","Velvet Choker"]}],"items_purged_floors":[5,14],"is_endless":false,"potions_floor_spawned":[1,11,12,16,21,24,28,29,39,42],"killed_by":"Spire Growth","ascension_level":20}}