{"host":"hnrafgucdht3qvsp","time":1609831773,"event":{"mods":["BaseMod","Bestiary","Colored Map","Minty Spire (QoL Compilation)","Relic Stats","StSLib"],"gold_per_floor":[159,159,180,180,199,238,238,274,274,287,307,326,326,50,50,175,175,198,198,198,214,234,273,293,313,382,138,138,138,472,488,488,488,488],"floor_reached":33,"playtime":2458,"items_purged":[],"score":399,"play_id":"bcbb713f-0776-4069-b8ae-dc58a593bb5b","local_time":"20210105022933","is_ascension_mode":true,"campfire_choices":[{"floor":7,"key":"REST"},{"data":"Fiend Fire","floor":13,"key":"SMITH"},{"data":"True Grit","floor":15,"key":"SMITH"},{"data":"Dual Wield","floor":28,"key":"SMITH"},{"data":"Disarm","floor":32,"key":"SMITH"}],"circlet_count":0,"master_deck":["Strike_R","Strike_R","Strike_R","Strike_R+1","Strike_R","Defend_R","Defend_R","Defend_R","Defend_R","Bash","Feel No Pain","Battle Trance","Offering","Feel No Pain","Sword Boomerang","Spot Weakness+1","Fiend Fire+1","Dual Wield+1","True Grit+1","Evolve","Corruption","Reaper","Dark Embrace","Disarm+1"],"relics":["Tiny House","Golden Idol","Bottled Tornado","Turnip","Ginger","Lee\u0027s Waffle","Sozu","Toy Ornithopter","Singing Bowl","Question Card","Old Coin"],"acts_visited":["Exordium","TheCity"],"potions_floor_usage":[8,8,8,8,12,12],"damage_taken":[{"damage":5,"enemies":"Small Slimes","floor":1,"turns":4},{"damage":6,"enemies":"Jaw Worm","floor":3,"turns":5},{"damage":1,"enemies":"Cultist","floor":5,"turns":3},{"damage":40,"enemies":"Lagavulin","floor":6,"turns":7},{"damage":38,"enemies":"Gremlin Nob","floor":8,"turns":6},{"damage":10,"enemies":"Red Slaver","floor":10,"turns":2},{"damage":6,"enemies":"Looter","floor":11,"turns":2},{"damage":6,"enemies":"Blue Slaver","floor":12,"turns":2},{"damage":47,"enemies":"The Guardian","floor":16,"turns":9},{"damage":9,"enemies":"Shell Parasite","floor":18,"turns":2},{"damage":13,"enemies":"Chosen","floor":21,"turns":4},{"damage":15,"enemies":"Snake Plant","floor":22,"turns":3},{"damage":28,"enemies":"Book of Stabbing","floor":23,"turns":5},{"damage":11,"enemies":"Cultist and Chosen","floor":24,"turns":6},{"damage":10,"enemies":"Centurion and Healer","floor":25,"turns":6},{"damage":32,"enemies":"Slavers","floor":30,"turns":5},{"damage":6,"enemies":"3 Cultists","floor":31,"turns":5},{"damage":84,"enemies":"Collector","floor":33,"turns":6}],"seed_played":"-8402433074583346096","potions_obtained":[{"floor":0,"key":"Energy Potion"},{"floor":3,"key":"Explosive Potion"},{"floor":4,"key":"Dexterity Potion"},{"floor":4,"key":"EntropicBrew"},{"floor":5,"key":"Fruit Juice"},{"floor":11,"key":"Fruit Juice"},{"floor":12,"key":"Dexterity Potion"},{"floor":16,"key":"SteroidPotion"}],"is_trial":false,"path_per_floor":["M","?","M","?","M","E","R","E","T","M","M","M","R","$","R","B",null,"M","?","?","M","M","E","M","M","T","$","R","?","E","M","R","B"],"character_chosen":"IRONCLAD","items_purchased":["Lee\u0027s Waffle","True Grit","Evolve","Question Card"],"campfire_rested":1,"item_purchase_floors":[14,14,14,27],"current_hp_per_floor":[80,79,73,73,72,32,55,22,22,12,6,22,22,96,96,49,84,75,75,75,62,47,19,28,50,50,50,50,50,42,54,54,0,0],"gold":488,"neow_bonus":"BOSS_RELIC","is_daily":false,"chose_seed":false,"campfire_upgraded":4,"win_rate":0.0,"timestamp":1609831773,"path_taken":["M","?","M","?","M","E","R","E","T","?","M","M","R","?","R","BOSS","M","?","?","M","?","E","M","M","T","$","R","?","E","M","R","BOSS"],"items_purchased_type":["Relic","Card","Card","Relic"],"build_version":"2020-12-22","purchased_purges":0,"victory":false,"max_hp_per_floor":[85,79,79,79,79,79,79,84,84,84,84,89,89,96,96,96,96,96,96,96,96,96,96,96,96,96,96,96,96,96,98,98,98,98],"relic_stats":{"Sozu":4,"Lee\u0027s Waffle":74,"Singing Bowl":2,"counters":[18,82],"Golden Idol":97,"Turnip":[7],"Ginger":[8],"Question Card":2,"obtain_stats":[{"Sozu":17,"Lee\u0027s Waffle":14,"Tiny House":0,"Singing Bowl":26,"Golden Idol":2,"Turnip":8,"Ginger":9,"Bottled Tornado":6,"Question Card":27,"Burning Blood":0,"Toy Ornithopter":23,"Old Coin":30},{"Sozu":9,"Lee\u0027s Waffle":8,"Tiny House":0,"Singing Bowl":15,"Golden Idol":1,"Turnip":5,"Ginger":5,"Bottled Tornado":4,"Question Card":15,"Burning Blood":0,"Toy Ornithopter":13,"Old Coin":16},{"Sozu":40,"Lee\u0027s Waffle":31,"Tiny House":0,"Singing Bowl":66,"Golden Idol":4,"Turnip":25,"Ginger":25,"Bottled Tornado":19,"Question Card":66,"Burning Blood":0,"Toy Ornithopter":54,"Old Coin":71}],"Toy Ornithopter":0},"card_choices":[{"not_picked":["Clothesline","Anger"],"picked":"Feel No Pain","floor":0},{"not_picked":["Shockwave","Iron Wave"],"picked":"Battle Trance","floor":1},{"not_picked":["Wild Strike","Searing Blow"],"picked":"Offering","floor":3},{"not_picked":["Clash","Body Slam"],"picked":"Feel No Pain","floor":5},{"not_picked":["Iron Wave","Cleave"],"picked":"Sword Boomerang","floor":6},{"not_picked":["Wild Strike","Seeing Red"],"picked":"Spot Weakness","floor":8},{"not_picked":["Pommel Strike","Wild Strike"],"picked":"Fiend Fire","floor":10},{"not_picked":["Sword Boomerang","Flex","Thunderclap"],"picked":"SKIP","floor":11},{"not_picked":["Perfected Strike","Infernal Blade"],"picked":"Dual Wield","floor":12},{"not_picked":["Immolate","Bludgeon"],"picked":"Corruption","floor":16},{"not_picked":["Havoc+1","Warcry","Iron Wave"],"picked":"SKIP","floor":18},{"not_picked":["Bloodletting+1","Pommel Strike","Heavy Blade"],"picked":"SKIP","floor":21},{"not_picked":["Shrug It Off","True Grit","Anger"],"picked":"SKIP","floor":22},{"not_picked":["Sever Soul","Pommel Strike"],"picked":"Reaper","floor":23},{"not_picked":["Flex","Clash","Seeing Red"],"picked":"SKIP","floor":24},{"not_picked":["Body Slam+1","Iron Wave"],"picked":"Dark Embrace","floor":25},{"not_picked":["Twin Strike","Shrug It Off","Whirlwind"],"picked":"Disarm","floor":30},{"not_picked":["Combust","Clothesline","Twin Strike","Second Wind"],"picked":"Singing Bowl","floor":31}],"player_experience":392951,"relics_obtained":[{"floor":6,"key":"Bottled Tornado"},{"floor":8,"key":"Turnip"},{"floor":9,"key":"Ginger"},{"floor":23,"key":"Toy Ornithopter"},{"floor":26,"key":"Singing Bowl"},{"floor":30,"key":"Old Coin"}],"event_choices":[{"damage_healed":0,"gold_gain":0,"player_choice":"Lose Max HP","damage_taken":0,"relics_obtained":["Golden Idol"],"max_hp_gain":0,"max_hp_loss":6,"event_name":"Golden Idol","floor":2,"gold_loss":0},{"damage_healed":0,"gold_gain":0,"player_choice":"Got Potions","damage_taken":0,"max_hp_gain":0,"max_hp_loss":0,"event_name":"Lab","floor":4,"gold_loss":0},{"damage_healed":0,"gold_gain":0,"player_choice":"Ignored","damage_taken":0,"max_hp_gain":0,"max_hp_loss":0,"event_name":"Beggar","floor":19,"gold_loss":0},{"damage_healed":0,"gold_gain":0,"player_choice":"Upgraded","damage_taken":0,"max_hp_gain":0,"max_hp_loss":0,"event_name":"Upgrade Shrine","floor":20,"gold_loss":0,"cards_upgraded":["Spot Weakness"]},{"damage_healed":0,"gold_gain":0,"player_choice":"Ignored","damage_taken":0,"max_hp_gain":0,"max_hp_loss":0,"event_name":"Vampires","floor":29,"gold_loss":0}],"is_beta":false,"boss_relics":[{"not_picked":["Velvet Choker","Black Star"],"picked":"Sozu"}],"items_purged_floors":[],"is_endless":false,"potions_floor_spawned":[3,5,11,12,16,18,25,30,31],"killed_by":"Collector","ascension_level":5}}