{"host":"xu0zbcebhy6w9mdv","time":1609805107,"event":{"mods":["AchievementEnabler","Act Like it!","Aspiration","BaseMod","Better Match","Better Third Choice","BetterRewards","Colored Powertips","Downfall","Duelist Mod","Friendly Minions","Gensokyo","Hallownest","Hubris","Infinite Spire","Marisa????????","Minty Spire (QoL Compilation)","Potionbrewer","Quick Restart","READ ME - Guardian Mod","READ ME - Snecko Mod","Rare Cards Sparkle","Replay The Spire","Shop Mod","StSLib","The Animator","The Blackbeard","The Bug Knight","The Cursed","The Hierophant","The Necromancer","The Runesmith","The Servant 0.9.4"],"gold_per_floor":[113,113,113,126,143,143,177,188,213,229,229,255,272,282,282,386,386,397,397,397,62,80,106,124,139,164,164,164,164,180,193,193,290,390,406,406,331,33,33,33,49,49,49,64,80,80,112,193,193,193],"floor_reached":51,"playtime":3255,"items_purged":["Strike_B"],"score":1084,"play_id":"838d8357-55ff-4c70-bc37-2220ef0b2877","local_time":"20210104190507","is_ascension_mode":false,"campfire_choices":[{"data":"FIFO Queue","floor":6,"key":"SMITH"},{"data":"Crystallizer","floor":15,"key":"SMITH"},{"floor":27,"key":"REST"},{"data":"Go for the Eyes","floor":29,"key":"SMITH"},{"data":"Redo","floor":32,"key":"SMITH"},{"data":"Strike_B","floor":40,"key":"PURGE"},{"data":"Thunder Strike","floor":42,"key":"PURGE"},{"data":"Defend_B","floor":46,"key":"PURGE"},{"data":"Chaos","floor":49,"key":"SMITH"}],"circlet_count":0,"master_deck":["Strike_B","Strike_B","Defend_B","Defend_B","Defend_B","Zap","Dualcast","Coolheaded","Barrage","BasicCrystalCard+1","Crystallizer+1","Genetic Algorithm","Hallucinations","Conserve Battery","FIFO Queue+1","Go for the Eyes+1","Compile Driver","Gash","Chaos+1","Self Repair","Barrage","Double Energy","infinitespire:FutureSight","White Noise+1","Redo+1","Defragment+1"],"relics":["Cracked Core","BargainBundle","Replay:Mystery Machine","Ring of Peace","Replay:WaspNest","Centennial Puzzle","Durian","hubris:Backtick","theDuelist:SpellcasterToken","MerchantsRug","aspiration:Nostalgia","sneckomod:SneckoSoul","ReplayTheSpireMod:Ninjato","Juzu Bracelet","Replay:Wanted Poster","Peace Pipe","infinitespire:Freezer","hubris:AstralHammer","potionbrewer:RamsHorn"],"acts_visited":["Exordium","TheCity","TheCity"],"potions_floor_usage":[12,16,16,24,45,47,50,50],"damage_taken":[{"damage":10,"enemies":"Small Slimes","floor":1,"turns":3},{"damage":0,"enemies":"Jaw Worm","floor":4,"turns":4},{"damage":0,"enemies":"Cultist","floor":5,"turns":5},{"damage":0,"enemies":"HollowMod:MossKnight","floor":7,"turns":6},{"damage":0,"enemies":"Looter","floor":8,"turns":5},{"damage":5,"enemies":"3 Louse","floor":10,"turns":4},{"damage":11,"enemies":"Replay:BlueRogue","floor":12,"turns":5},{"damage":0,"enemies":"Blue Slaver","floor":13,"turns":3},{"damage":0,"enemies":"Red Slaver","floor":14,"turns":4},{"damage":0,"enemies":"Slime Boss","floor":16,"turns":6},{"damage":0,"enemies":"2 Thieves","floor":18,"turns":4},{"damage":0,"enemies":"3 Byrds","floor":22,"turns":4},{"damage":50,"enemies":"Nightmare","floor":23,"turns":6},{"damage":0,"enemies":"3 Cultists","floor":24,"turns":5},{"damage":10,"enemies":"Snake Plant","floor":25,"turns":3},{"damage":0,"enemies":"Snecko","floor":30,"turns":4},{"damage":0,"enemies":"Sentry and Sphere","floor":31,"turns":4},{"damage":7,"enemies":"hubris:MusketHawk","floor":33,"turns":4},{"damage":0,"enemies":"Gensokyo:3_Boulders","floor":35,"turns":4},{"damage":0,"enemies":"Gensokyo:AncientGuardian","floor":41,"turns":4},{"damage":3,"enemies":"Gensokyo:SeedOfUnknown","floor":44,"turns":2},{"damage":3,"enemies":"Gensokyo:Sharpion","floor":45,"turns":4},{"damage":12,"enemies":"Nightmare","floor":47,"turns":4},{"damage":16,"enemies":"Gensokyo:Shinki","floor":50,"turns":8}],"seed_played":"4714668992458276828","potions_obtained":[{"floor":4,"key":"BlessingOfTheForge"},{"floor":8,"key":"Weak Potion"},{"floor":11,"key":"Ancient Potion"},{"floor":12,"key":"SteroidPotion"},{"floor":16,"key":"Dexterity Potion"},{"floor":18,"key":"GamblersBrew"},{"floor":25,"key":"potionbrewer:FreezingPotion"},{"floor":30,"key":"potionbrewer:QuicksilverPotion"},{"floor":44,"key":"EssenceOfSteel"},{"floor":45,"key":"PowerPotion"},{"floor":47,"key":"Fire Potion"}],"is_trial":false,"path_per_floor":["M","?","?","M","M","R","E","M","T","M","?","E","M","M","R","B",null,"M","?","?","$","M","NM","M","M","T","R","?","R","M","M","R","B",null,"M","?","?","$","?","R","M","R","T","M","M","R","NM","T","R","B",null],"character_chosen":"DEFECT","items_purchased":["BargainBundle","Coolheaded","Barrage","BasicCrystalCard","Crystallizer","MerchantsRug","aspiration:Nostalgia","Peace Pipe"],"campfire_rested":1,"item_purchase_floors":[0,0,0,0,0,21,21,38],"current_hp_per_floor":[65,65,65,65,65,65,65,65,65,60,60,54,54,61,61,68,80,80,80,80,80,80,37,44,41,41,65,65,65,72,72,72,72,80,80,80,80,80,80,80,80,80,80,77,80,80,75,75,75,66],"gold":193,"neow_bonus":"","is_daily":false,"chose_seed":false,"campfire_upgraded":5,"win_rate":0.0,"timestamp":1609805107,"path_taken":["M","?","?","M","M","R","E","M","T","M","?","E","?","M","R","BOSS","M","?","?","$","M","NM","M","M","T","R","?","R","M","M","R","BOSS","M","?","?","?","?","R","M","R","T","M","M","R","NM","?","R","BOSS"],"items_purchased_type":["Relic","Card","Card","Card","Card","Relic","Relic","Relic"],"build_version":"2020-12-22","purchased_purges":1,"victory":true,"max_hp_per_floor":[75,75,75,75,75,75,75,75,75,75,75,80,80,80,80,80,80,80,80,80,80,80,80,80,80,80,80,80,80,80,80,80,80,80,80,80,80,80,80,80,80,80,80,80,80,80,80,80,80,80],"card_choices":[{"not_picked":["Capacitor","Stack"],"picked":"Genetic Algorithm","floor":1},{"not_picked":["Hologram","FTL"],"picked":"Conserve Battery","floor":4},{"not_picked":["Steam","Lockon"],"picked":"FIFO Queue","floor":5},{"not_picked":["hubris:SpecializedCircuitry","Hologram"],"picked":"Go for the Eyes","floor":7},{"not_picked":["Barrage","Tempest"],"picked":"Compile Driver","floor":8},{"not_picked":["Ball Lightning","Rebound"],"picked":"Gash","floor":10},{"not_picked":["White Noise","Rebound"],"picked":"Chaos","floor":12},{"not_picked":["Coolheaded","Mirror Shield"],"picked":"Self Repair","floor":13},{"not_picked":["Conserve Battery","Undo"],"picked":"Barrage","floor":14},{"not_picked":["Steam Power+1","Conserve Battery+1"],"picked":"Double Energy","floor":18},{"not_picked":["hubris:Ukulele+1","Beam Cell+1","Rebound"],"picked":"SKIP","floor":22},{"not_picked":["ReplayTheSpireMod:Haul","infinitespire:NeuralNetwork"],"picked":"infinitespire:FutureSight","floor":23},{"not_picked":["aspiration:Polymerization","Panic Button+1"],"picked":"Thunder Strike","floor":23},{"not_picked":["Stack+1","Conserve Battery"],"picked":"White Noise+1","floor":24},{"not_picked":["ReplayGash+1","Turbo","Aggregate+1"],"picked":"SKIP","floor":25},{"not_picked":["Electrodynamics","Turbo"],"picked":"Redo","floor":30},{"not_picked":["Barrage","Turbo+1","Electrodynamics"],"picked":"SKIP","floor":31},{"not_picked":["Leap+1","Hello World+1","Cold Snap+1"],"picked":"SKIP","floor":35},{"not_picked":["Leap+1","Darkness+1","Cold Snap+1"],"picked":"SKIP","floor":41},{"not_picked":["FTL+1","Ball Lightning","Redo+1"],"picked":"SKIP","floor":44},{"not_picked":["Conserve Battery+1","Auto Shields+1","Go for the Eyes"],"picked":"SKIP","floor":45},{"not_picked":["Aggregate","Sunder+1"],"picked":"Defragment+1","floor":47}],"player_experience":547889,"relics_obtained":[{"floor":2,"key":"Ring of Peace"},{"floor":7,"key":"Replay:WaspNest"},{"floor":9,"key":"Centennial Puzzle"},{"floor":12,"key":"Durian"},{"floor":23,"key":"ReplayTheSpireMod:Ninjato"},{"floor":26,"key":"Juzu Bracelet"},{"floor":43,"key":"infinitespire:Freezer"},{"floor":47,"key":"hubris:AstralHammer"},{"floor":48,"key":"potionbrewer:RamsHorn"}],"event_choices":[{"damage_healed":0,"gold_gain":0,"player_choice":"Ignored","damage_taken":113,"max_hp_gain":0,"max_hp_loss":0,"event_name":"betterThird:BetterSerpent","floor":3,"gold_loss":0},{"damage_healed":0,"gold_gain":0,"player_choice":"Got Potions","damage_taken":0,"max_hp_gain":0,"max_hp_loss":0,"event_name":"Lab","floor":11,"gold_loss":0},{"damage_healed":0,"gold_gain":0,"player_choice":"Ignored","damage_taken":0,"max_hp_gain":0,"max_hp_loss":0,"event_name":"Vampires","floor":20,"gold_loss":0},{"damage_healed":0,"gold_gain":0,"player_choice":"3","damage_taken":0,"max_hp_gain":0,"max_hp_loss":0,"event_name":"betterMatch:BetterMatch","floor":37,"gold_loss":0,"cards_obtained":[]}],"is_beta":false,"boss_relics":[{"not_picked":["aspiration:SecretTechniqueScroll","aspiration:FutureDiary"],"picked":"hubris:Backtick"},{"not_picked":["Calling Bell","ChewingGum"],"picked":"Replay:Wanted Poster"}],"items_purged_floors":[21],"is_endless":false,"potions_floor_spawned":[4,8,12,16,18,25,30,44,45,47],"ascension_level":0}}