{"host":"1tmagqyeywr2w44t","time":1609851436,"event":{"mods":["2.2 Compatiblity","BaseMod","Colored Powertips","Downfall","Marisa£¨Ùöéë¡¡Øª×âÞÞ£©","Minty Spire (QoL Compilation)","Rare Cards Sparkle","Replay The Spire","StSLib","SuperFastMode","The Cursed"],"gold_per_floor":[110,185,185,200,30,58,58,58,58,78,113,113,126,157,157,258,258,278,193,118,135,151,151,151],"floor_reached":23,"playtime":585,"items_purged":["Strike_R"],"score":281,"play_id":"af027e01-2ccf-4fbc-9cbb-7c62ee231753","local_time":"20210105215716","is_ascension_mode":true,"campfire_choices":[{"data":"Bash","floor":8,"key":"SMITH"},{"data":"Twin Strike","floor":12,"key":"SMITH"},{"data":"Seeing Red","floor":15,"key":"SMITH"}],"circlet_count":0,"master_deck":["Strike_R","Strike_R","Defend_R","Defend_R","Defend_R+1","Bash+1","Twin Strike+1","Dropkick","Replay:SS_hec_1","Berserk+1","Seeing Red+1","Clash","Brutality+1","Flex","Bloodletting"],"relics":["Burning Blood","NeowsBlessing","Juzu Bracelet","Letter Opener","Frozen Egg 2","Bottled Lightning","Empty Cage","InkBottle"],"acts_visited":["Exordium","TheCity"],"potions_floor_usage":[11,14,18,21,23],"damage_taken":[{"damage":0,"enemies":"2 Louse","floor":1,"turns":1},{"damage":0,"enemies":"Jaw Worm","floor":4,"turns":1},{"damage":0,"enemies":"Gremlin Nob","floor":6,"turns":1},{"damage":3,"enemies":"Cultist","floor":10,"turns":4},{"damage":32,"enemies":"3 Sentries","floor":11,"turns":9},{"damage":13,"enemies":"Red Slaver","floor":13,"turns":4},{"damage":3,"enemies":"Replay:BlueRogue","floor":14,"turns":4},{"damage":26,"enemies":"Slime Boss","floor":16,"turns":11},{"damage":15,"enemies":"Shell Parasite","floor":18,"turns":6},{"damage":26,"enemies":"3 Byrds","floor":21,"turns":5},{"damage":45,"enemies":"Cultist and Chosen","floor":22,"turns":7},{"damage":47,"enemies":"Gremlin Leader","floor":23,"turns":2}],"seed_played":"-7133805796714853762","potions_obtained":[{"floor":4,"key":"Fire Potion"},{"floor":6,"key":"SpeedPotion"},{"floor":11,"key":"Dexterity Potion"},{"floor":13,"key":"champ:CounterPotion"},{"floor":18,"key":"PowerPotion"},{"floor":21,"key":"FairyPotion"}],"is_trial":false,"path_per_floor":["M","?","?","M","$","E","$","R","T","M","E","R","M","E","R","B",null,"M","?","?","M","M","E"],"character_chosen":"IRONCLAD","items_purchased":["Replay:SS_hec_1"],"campfire_rested":0,"item_purchase_floors":[5],"current_hp_per_floor":[80,69,69,75,75,80,80,80,80,80,54,54,47,50,50,30,80,71,71,71,51,12,0,0],"gold":151,"neow_bonus":"THREE_ENEMY_KILL","is_daily":false,"chose_seed":false,"campfire_upgraded":3,"win_rate":0.0,"timestamp":1609851436,"path_taken":["M","?","?","?","?","E","$","R","T","M","E","R","M","E","R","BOSS","M","?","?","M","M","E"],"items_purchased_type":["Card"],"build_version":"2020-12-22","purchased_purges":1,"victory":false,"max_hp_per_floor":[80,80,80,80,80,80,80,80,80,80,80,80,80,80,80,80,80,80,80,80,80,80,80,80],"card_choices":[{"not_picked":["Flex","Wild Strike"],"picked":"Twin Strike","floor":1},{"not_picked":["Shrug It Off","Clash"],"picked":"Dropkick","floor":4},{"not_picked":["Iron Wave","ReplayTheSpireMod:Corrosion Curse","Wild Strike"],"picked":"SKIP","floor":6},{"not_picked":["Havoc","Iron Wave","Abandon"],"picked":"SKIP","floor":10},{"not_picked":["Anger","Flex"],"picked":"Berserk+1","floor":11},{"not_picked":["Feel No Pain+1","Headbutt"],"picked":"Seeing Red","floor":13},{"not_picked":["Rampage","Warcry"],"picked":"Clash","floor":14},{"not_picked":["Exhume","Limit Break"],"picked":"Brutality+1","floor":16},{"not_picked":["Body Slam","Clash"],"picked":"Flex","floor":18},{"not_picked":["Feel No Pain+1","Berserk+1","Wild Strike"],"picked":"SKIP","floor":21},{"not_picked":["Anger","Sword Boomerang"],"picked":"Bloodletting","floor":22}],"player_experience":275821,"relics_obtained":[{"floor":6,"key":"Juzu Bracelet"},{"floor":9,"key":"Letter Opener"},{"floor":11,"key":"Frozen Egg 2"},{"floor":14,"key":"Bottled Lightning"}],"event_choices":[{"damage_healed":0,"gold_gain":75,"player_choice":"Gather Gold","damage_taken":11,"max_hp_gain":0,"max_hp_loss":0,"event_name":"World of Goop","floor":2,"gold_loss":0},{"damage_healed":0,"gold_gain":0,"player_choice":"Forge","damage_taken":0,"max_hp_gain":0,"max_hp_loss":0,"event_name":"Accursed Blacksmith","floor":3,"gold_loss":0,"cards_upgraded":["Defend_R"]},{"damage_healed":0,"gold_gain":0,"player_choice":"Obtained Relic","damage_taken":0,"relics_obtained":["InkBottle"],"max_hp_gain":0,"max_hp_loss":0,"event_name":"Addict","floor":19,"gold_loss":85},{"cards_removed":["Defend_R"],"damage_healed":0,"gold_gain":0,"player_choice":"Gave Gold","damage_taken":0,"max_hp_gain":0,"max_hp_loss":0,"event_name":"Beggar","floor":20,"gold_loss":75}],"is_beta":false,"boss_relics":[{"not_picked":["Replay:Drink Me","Replay:Bronze Core"],"picked":"Empty Cage"}],"items_purged_floors":[5],"is_endless":false,"potions_floor_spawned":[4,6,11,13,18,21],"killed_by":"Gremlin Leader","ascension_level":4}}