{"host":"dk10vuzdqf3wivcv","time":1609811683,"event":{"mods":["Aspiration","Astrologer","BaseMod","Colored Map","Conspire","Friendly Minions","Hubris","Minty Spire (QoL Compilation)","Replay The Spire","StSLib","SuperFastMode","Td1madao Mod","The Animator","The Cursed","The Gatherer","The Hierophant","The Jungle","The Marked","The Servant 0.9.4"],"gold_per_floor":[111,121,101,31,43,43,69,93,142,169,244,256,273,284,284,284,284],"floor_reached":16,"playtime":948,"items_purged":[],"score":112,"play_id":"7dbf3977-8e80-450f-9744-6998acf43742","local_time":"20210105025443","is_ascension_mode":false,"campfire_choices":[{"floor":6,"key":"RECALL"}],"circlet_count":0,"master_deck":["TheCursedMod:Strike_TheCursed","TheCursedMod:Strike_TheCursed","TheCursedMod:Strike_TheCursed","TheCursedMod:Strike_TheCursed","TheCursedMod:Defend_TheCursed","TheCursedMod:Defend_TheCursed","TheCursedMod:Defend_TheCursed","TheCursedMod:Defend_TheCursed","TheCursedMod:CursedWand","TheCursedMod:CleanUpWorkshop","TheCursedMod:Dregs","TheCursedMod:CircleOfFlame","TheCursedMod:SpitefulStrike","TheCursedMod:HellsGateOpen+1","TheCursedMod:CircleOfWindfury","TheCursedMod:DemonicPact","TheCursedMod:DoubleShield","TheCursedMod:HellfireBreathing","TheCursedMod:ManaBullet","TheCursedMod:SurpriseAttack"],"relics":["TheCursedMod:BlackMagic101","ReplayFunnel","Gambling Chip","aspiration:ChemicalBlood","conspire:InfiniteJournal"],"acts_visited":["Exordium"],"potions_floor_usage":[7,10,13,16,16],"damage_taken":[{"damage":0,"enemies":"Small Slimes","floor":1,"turns":3},{"damage":0,"enemies":"Cultist","floor":2,"turns":4},{"damage":0,"enemies":"2 Louse","floor":5,"turns":2},{"damage":19,"enemies":"Lagavulin","floor":7,"turns":10},{"damage":14,"enemies":"3 Sentries","floor":10,"turns":5},{"damage":2,"enemies":"Blue Slaver","floor":12,"turns":5},{"damage":0,"enemies":"Gremlin Gang","floor":13,"turns":5},{"damage":8,"enemies":"2 Fungi Beasts","floor":14,"turns":5},{"damage":50,"enemies":"The Guardian","floor":16,"turns":8}],"seed_played":"-8457614029766738173","potions_obtained":[{"floor":1,"key":"Dexterity Potion"},{"floor":3,"key":"EntropicBrew"},{"floor":7,"key":"Explosive Potion"},{"floor":13,"key":"LiquidMemories"},{"floor":14,"key":"Swift Potion"},{"floor":16,"key":"Milkshake"}],"is_trial":false,"path_per_floor":["M","M","?","$","M","R","E","T","T","E","?","M","M","M","R_BF","B"],"character_chosen":"THE_CURSED","items_purchased":["TheCursedMod:HellsGateOpen"],"campfire_rested":0,"item_purchase_floors":[4],"current_hp_per_floor":[75,75,75,75,75,75,56,56,56,42,35,33,33,25,47,0,0],"gold":284,"neow_bonus":"RANDOM_COMMON_RELIC","is_daily":false,"chose_seed":false,"campfire_upgraded":0,"win_rate":0.0,"timestamp":1609811683,"path_taken":["M","M","?","?","?","R","E","?","T","E","?","M","?","M","R_BF","BOSS"],"items_purchased_type":["Card"],"build_version":"2020-12-22","purchased_purges":0,"victory":false,"max_hp_per_floor":[75,75,75,75,75,75,75,75,75,75,75,75,75,75,75,75,75],"card_choices":[{"not_picked":["TheCursedMod:PrepareRite","TheCursedMod:BloodBarrier"],"picked":"TheCursedMod:CircleOfFlame","floor":1},{"not_picked":["TheCursedMod:Stretching","TheCursedMod:CircleOfFlame"],"picked":"TheCursedMod:SpitefulStrike","floor":2},{"not_picked":["TheCursedMod:CursedStaff","TheCursedMod:CursedAmulet"],"picked":"TheCursedMod:CircleOfWindfury","floor":5},{"not_picked":["TheCursedMod:StingEye","TheCursedMod:SpitefulStrike"],"picked":"TheCursedMod:DemonicPact","floor":7},{"not_picked":["TheCursedMod:TroublousMinions","TheCursedMod:AshesToAshes"],"picked":"TheCursedMod:DoubleShield","floor":10},{"not_picked":["TheCursedMod:Obscuration","TheCursedMod:CircleOfFocus"],"picked":"TheCursedMod:HellfireBreathing","floor":12},{"not_picked":["TheCursedMod:Obscuration","TheCursedMod:RapidMovement"],"picked":"TheCursedMod:ManaBullet","floor":13},{"not_picked":["TheCursedMod:CursedAmulet","TheCursedMod:FleshFromBone"],"picked":"TheCursedMod:SurpriseAttack","floor":14}],"player_experience":126977,"relics_obtained":[{"floor":7,"key":"Gambling Chip"},{"floor":9,"key":"aspiration:ChemicalBlood"},{"floor":10,"key":"conspire:InfiniteJournal"}],"event_choices":[{"damage_healed":0,"gold_gain":0,"player_choice":"Bought 1 Potion","damage_taken":0,"max_hp_gain":0,"max_hp_loss":0,"event_name":"The Woman in Blue","floor":3,"gold_loss":0},{"damage_healed":0,"gold_gain":75,"player_choice":"Touch","damage_taken":7,"max_hp_gain":0,"max_hp_loss":0,"event_name":"FaceTrader","floor":11,"gold_loss":0}],"is_beta":false,"boss_relics":[],"items_purged_floors":[],"is_endless":false,"potions_floor_spawned":[1,7,13,14],"killed_by":"The Guardian","ascension_level":0}}