{"host":"w4qf11634cf28tiw","time":1609880751,"event":{"mods":["BaseMod","Colored Map","Colored Powertips","Minty Spire (QoL Compilation)","Quick Restart","StSLib"],"gold_per_floor":[112,37,50,20,34,64,64,98,147,147,157,169,186,215,227,339,351,382,411,423,423],"floor_reached":20,"playtime":2237,"items_purged":["Defend_P"],"score":196,"play_id":"aa2389c0-c29e-4a6d-9007-161cdecb2f16","local_time":"20210105160551","is_ascension_mode":false,"campfire_choices":[{"data":"Eruption","floor":7.0,"key":"SMITH"},{"floor":15.0,"key":"REST"}],"circlet_count":0,"master_deck":["Strike_P","Strike_P","Strike_P","Strike_P","Defend_P+1","Defend_P+1","Defend_P","Eruption+1","Vigilance","Swivel","Adaptation","Conclude","Consecrate","FollowUp","BattleHymn","Protect","EmptyFist","Collect","Devotion","Study+1","DeceiveReality"],"relics":["PureWater","Ornamental Fan","Orichalcum","War Paint","MawBank","Runic Pyramid"],"acts_visited":["Exordium","TheCity"],"potions_floor_usage":[20,20],"damage_taken":[{"damage":1.0,"enemies":"2 Louse","floor":1.0,"turns":3.0},{"damage":0.0,"enemies":"Cultist","floor":3.0,"turns":2.0},{"damage":3.0,"enemies":"Small Slimes","floor":5.0,"turns":4.0},{"damage":40.0,"enemies":"3 Sentries","floor":6.0,"turns":8.0},{"damage":22.0,"enemies":"Lagavulin","floor":8.0,"turns":4.0},{"damage":0.0,"enemies":"Red Slaver","floor":11.0,"turns":4.0},{"damage":0.0,"enemies":"3 Louse","floor":12.0,"turns":4.0},{"damage":3.0,"enemies":"Exordium Thugs","floor":13.0,"turns":4.0},{"damage":4.0,"enemies":"Gremlin Nob","floor":14.0,"turns":4.0},{"damage":28.0,"enemies":"Hexaghost","floor":16.0,"turns":10.0},{"damage":10.0,"enemies":"Spheric Guardian","floor":18.0,"turns":4.0},{"damage":9,"enemies":"Shell Parasite","floor":19,"turns":5},{"damage":64,"enemies":"Sentry and Sphere","floor":20,"turns":7}],"seed_played":"-721225109666602533","potions_obtained":[{"floor":4.0,"key":"SneckoOil"},{"floor":4.0,"key":"Dexterity Potion"},{"floor":6.0,"key":"Energy Potion"},{"floor":11.0,"key":"SneckoOil"},{"floor":13.0,"key":"SteroidPotion"},{"floor":19,"key":"SteroidPotion"}],"is_trial":false,"path_per_floor":["M","$","M","?","M","E","R","E","T","$","M","M","M","E","R","B",null,"M","M","M"],"character_chosen":"WATCHER","items_purchased":[],"campfire_rested":1,"item_purchase_floors":[],"current_hp_per_floor":[78,78,78,78,75,35,35,13,13,13,13,13,10,6,29,1,79,69,60,0,0],"gold":423,"neow_bonus":"TEN_PERCENT_HP_BONUS","is_daily":false,"chose_seed":false,"campfire_upgraded":1,"win_rate":0.0,"timestamp":1609880751,"path_taken":["M","$","M","?","M","E","R","E","T","$","M","?","M","E","R","BOSS","M","M","M"],"items_purchased_type":[],"build_version":"2020-12-22","purchased_purges":1,"victory":false,"max_hp_per_floor":[79,79,79,79,79,79,79,79,79,79,79,79,79,79,79,79,79,79,79,79,79],"card_choices":[{"not_picked":["ThirdEye","CutThroughFate"],"picked":"Swivel","floor":1.0},{"not_picked":["Swivel","Weave"],"picked":"Adaptation","floor":3.0},{"not_picked":["Crescendo","CrushJoints"],"picked":"Conclude","floor":5.0},{"not_picked":["Sanctity","Fasting2"],"picked":"Consecrate","floor":6.0},{"not_picked":["FlurryOfBlows","Establishment"],"picked":"FollowUp","floor":8.0},{"not_picked":["SashWhip","Weave"],"picked":"BattleHymn","floor":11.0},{"not_picked":["EmptyBody","WindmillStrike"],"picked":"Protect","floor":12.0},{"not_picked":["Prostrate","WindmillStrike"],"picked":"EmptyFist","floor":13.0},{"not_picked":["Nirvana","Weave"],"picked":"Collect","floor":14.0},{"not_picked":["Ragnarok","Judgement"],"picked":"Devotion","floor":16.0},{"not_picked":["FlyingSleeves","LikeWater"],"picked":"Study+1","floor":18.0},{"not_picked":["BowlingBash","Consecrate"],"picked":"DeceiveReality","floor":19}],"player_experience":33966,"relics_obtained":[{"floor":6.0,"key":"Ornamental Fan"},{"floor":8.0,"key":"Orichalcum"},{"floor":9.0,"key":"War Paint"},{"floor":14.0,"key":"MawBank"}],"event_choices":[{"damage_healed":0.0,"max_hp_gain":0.0,"max_hp_loss":0.0,"gold_gain":0.0,"event_name":"The Woman in Blue","player_choice":"Bought 2 Potions","floor":4.0,"gold_loss":0.0,"damage_taken":0.0}],"is_beta":false,"boss_relics":[{"not_picked":["Tiny House","Busted Crown"],"picked":"Runic Pyramid"}],"items_purged_floors":[2],"is_endless":false,"potions_floor_spawned":[6,8,11,13,14,19],"killed_by":"Sentry and Sphere","ascension_level":0}}