{"host":"2gugywxuw0nvjb3h","time":1609863365,"event":{"mods":["AchievementEnabler","BaseMod","Better Altar","Better Match","Better Note","Better Sensory Stone","Better Skull","Better Third Choice","BetterRewards","Colored Map","Colored Powertips","Curses Come First","Evolution","GifTheSpireLib","Hermit","Key Reminder","Marisa????????","Minty Spire (QoL Compilation)","Rare Cards Sparkle","Relic Sorter","Replay The Spire","Shade Mod","Spicy Shops","StSLib","The Cursed","The Disciple","The Marked","The Senshi","The Servant 0.9.4"],"gold_per_floor":[109,125,125,152,47,73,107,107,107,107,127,127,89,189,189,299,399,419,441,252,327,349,389,389,408,408,443,443,443,468,490,513,540,615,720,720,739,798,548,548,568,606,632,632,656,674,695,715,538,564,564,564],"floor_reached":53,"playtime":6018,"items_purged":["Parasite"],"score":706,"play_id":"7c33df3a-dde0-43e7-bf68-1b5cfce427fc","local_time":"20210105091605","is_ascension_mode":false,"campfire_choices":[{"data":"Shade:OpenGraves","floor":8,"key":"SMITH"},{"data":"Shade:Brains","floor":10,"key":"SMITH"},{"data":"Shade:AnimateDead","floor":12,"key":"SMITH"},{"data":"Shade:GraveStillness","floor":15,"key":"SMITH"},{"data":"Shade:AuraOfUnlife","floor":44,"key":"SMITH"},{"data":"Mayhem","floor":51,"key":"SMITH"}],"circlet_count":0,"master_deck":["Shade:Strike_Shade","Shade:Strike_Shade","Shade:Strike_Shade","Shade:Strike_Shade","Shade:Defend_Shade","Shade:Defend_Shade","Shade:Defend_Shade","Shade:Defend_Shade","Shade:AnimateDead+1","Shade:CarefulCut","Shade:FingerOfDeath","Shade:GoDigging","Shade:StitchTogether","Shade:Bonestorm","Shade:CommandSoldier","Shade:Bite_Shade","Shade:PoundOfFlesh","Shade:PoundOfFlesh","Shade:Brains+1","Shade:SanguineRitual","Shade:OpenGraves+1","Shade:FeralStrike","Shade:WallOfFlesh","Shade:GraveStillness+1","Shade:DarkOfNight","Shade:Frenzy","Shade:SoulToxin","Shade:OpenGraves","Shade:OpenGraves","ReplayTheSpireMod:Private Reserves","Shade:Trample","Shade:FreshBones","Shade:Premonition","Shade:ClawBack","Shade:ExtraLimbs","Shade:Trample","Shade:CoffinDance+1","Shade:FleshOffering","Shade:LichForm","Shade:CommandSoldier+1","Shade:FuneraryJewels+1","Shade:SpectralStrikes","Shade:SpectralStrikes","Shade:FleshToFlesh","Shade:CloudOfShrapnel+1","Shade:UnbarTheGrave","Shade:AuraOfUnlife+1","ReplayTheSpireMod:Private Reserves","Mayhem+1","Shade:FingerOfDeath+1","Shade:PoundOfFlesh+1","Shade:CommandSoldier+1"],"relics":["Shade:YorickSkull","Happy Flower","Nunchaku","EVO:Axolotl","Strawberry","Anchor","HornCleat","Ginger","CeramicFish","BargainBundle","Bag of Marbles","Toolbox","StrikeDummy","Replay:Bottled Snecko","Lantern","Replay:Wanted Poster","Blood Vial","Mercury Hourglass","Simple Rune","ChewingGum","Thread and Needle","ClockworkSouvenir","Potion Belt","Juzu Bracelet","ReplayTheSpireMod:CursedCoin","Gremlin Horn"],"acts_visited":["Exordium","TheCity","TheBeyond"],"potions_floor_usage":[7,18,22,23,27,32,41,42,43,43],"damage_taken":[{"damage":0,"enemies":"Jaw Worm","floor":1,"turns":3},{"damage":0,"enemies":"Cultist","floor":2,"turns":3},{"damage":0,"enemies":"2 Louse","floor":4,"turns":2},{"damage":2,"enemies":"Exordium Thugs","floor":6,"turns":3},{"damage":2,"enemies":"Gremlin Nob","floor":7,"turns":5},{"damage":0,"enemies":"Red Slaver","floor":11,"turns":2},{"damage":3,"enemies":"Fading Forest","floor":16,"turns":11},{"damage":0,"enemies":"Shell Parasite","floor":18,"turns":4},{"damage":0,"enemies":"3 Byrds","floor":19,"turns":3},{"damage":4,"enemies":"3 Cultists","floor":22,"turns":5},{"damage":4,"enemies":"Replay:Snechameleon","floor":23,"turns":5},{"damage":0,"enemies":"Snecko","floor":25,"turns":4},{"damage":8,"enemies":"Slavers","floor":27,"turns":5},{"damage":2,"enemies":"Sentry and Sphere","floor":30,"turns":5},{"damage":0,"enemies":"Centurion and Healer","floor":31,"turns":5},{"damage":0,"enemies":"Snecko","floor":32,"turns":4},{"damage":31,"enemies":"Automaton","floor":35,"turns":10},{"damage":0,"enemies":"Orb Walker","floor":37,"turns":2},{"damage":0,"enemies":"Mind Bloom Boss Battle","floor":38,"turns":4},{"damage":0,"enemies":"3 Darklings","floor":41,"turns":5},{"damage":2,"enemies":"R_Hoarder","floor":42,"turns":7},{"damage":0,"enemies":"Transient","floor":43,"turns":5},{"damage":0,"enemies":"Spire Growth","floor":47,"turns":4},{"damage":0,"enemies":"Jaw Worm Horde","floor":48,"turns":4},{"damage":0,"enemies":"Sphere and 2 Shapes","floor":50,"turns":4},{"damage":4,"enemies":"Replay:Hell Engine","floor":52,"turns":9}],"seed_played":"-610151280171324858","potions_obtained":[{"floor":1,"key":"Block Potion"},{"floor":6,"key":"Weak Potion"},{"floor":7,"key":"Swift Potion"},{"floor":18,"key":"Explosive Potion"},{"floor":19,"key":"Explosive Potion"},{"floor":30,"key":"PowerPotion"},{"floor":32,"key":"Explosive Potion"},{"floor":38,"key":"Cursed Concoction"},{"floor":41,"key":"Energy Potion"},{"floor":42,"key":"Explosive Potion"}],"is_trial":false,"path_per_floor":["M","M","?","M","$","M","E","R","T","R","M","R","$","?","R","B",null,"M","M","$","?","M","E","?","M","T","E","PTL","PTL","M","M","M","T","R_BF","B",null,"M","?","$","?","M","E","M","R","T","?","M","M","$","M","R","B",null],"character_chosen":"SHADE","items_purchased":["Strawberry","Shade:FingerOfDeath","Anchor","HornCleat","Shade:GoDigging","Shade:StitchTogether","BargainBundle","Bag of Marbles","Happy Flower","Toolbox","Shade:PoundOfFlesh","Shade:Brains","Shade:SanguineRitual","StrikeDummy","Explosive Potion","Shade:GraveStillness","Shade:OpenGraves","ReplayTheSpireMod:Private Reserves","Shade:Trample","ClockworkSouvenir","Shade:SpectralStrikes","Shade:FleshToFlesh","ReplayTheSpireMod:CursedCoin","Gremlin Horn"],"campfire_rested":0,"item_purchase_floors":[0,0,0,0,0,0,5,5,5,5,5,5,5,5,5,13,20,20,20,39,39,39,49,49],"current_hp_per_floor":[72,72,72,72,72,72,72,72,72,72,72,72,72,72,72,72,72,72,72,72,65,63,61,61,65,65,61,61,61,61,65,67,67,67,49,72,72,72,72,72,72,70,72,72,72,72,72,72,69,69,69,65],"gold":564,"neow_bonus":"","is_daily":false,"chose_seed":false,"campfire_upgraded":6,"win_rate":0.0,"timestamp":1609863365,"path_taken":["M","M","?","M","$","M","E","R","T","R","M","R","$","?","R","BOSS","M","M","$","?","M","E","?","M","T","E","PTL","PTL","M","M","?","?","R_BF","BOSS","M","?","$","?","M","E","M","R","T","?","M","M","$","M","R","BOSS"],"items_purchased_type":["Relic","Card","Relic","Relic","Card","Card","Relic","Relic","Relic","Relic","Card","Card","Card","Relic","Potion","Card","Card","Card","Card","Relic","Card","Card","Relic","Relic"],"build_version":"2020-12-22","purchased_purges":1,"victory":true,"max_hp_per_floor":[72,72,72,72,72,72,72,72,72,72,72,72,72,72,72,72,72,72,72,72,72,72,72,72,72,72,72,72,72,72,72,72,72,72,72,72,72,72,72,72,72,72,72,72,72,72,72,72,69,69,69,69],"card_choices":[{"not_picked":["Shade:FuneraryArmor","Shade:SpectralStrikes"],"picked":"Shade:Bonestorm","floor":1},{"not_picked":["Shade:StitchTogether","Shade:Trample"],"picked":"Shade:CommandSoldier","floor":2},{"not_picked":["Shade:ClawBack","Shade:GreyBargain"],"picked":"Shade:Bite_Shade","floor":4},{"not_picked":["Shade:FleshToFlesh","Shade:FreshBones"],"picked":"Shade:OpenGraves","floor":6},{"not_picked":["Shade:Haruspicy","Shade:Brains"],"picked":"Shade:FeralStrike","floor":7},{"not_picked":["Shade:BoneShards","Shade:ExtraLimbs"],"picked":"Shade:WallOfFlesh","floor":11},{"not_picked":["Shade:SelfBurial","Shade:OfferingToTheBeyond"],"picked":"Shade:DarkOfNight","floor":16},{"not_picked":["Shade:CommandSoldier","Shade:AblativeArmor+1"],"picked":"Shade:Frenzy","floor":18},{"not_picked":["Shade:GoDigging+1","Shade:AblativeArmor+1"],"picked":"Shade:SoulToxin","floor":19},{"not_picked":["Shade:LyeBath","Shade:GreyBargain+1"],"picked":"Shade:FreshBones","floor":22},{"not_picked":["Shade:LastGasp","Shade:Awaken"],"picked":"Shade:Premonition","floor":23},{"not_picked":["Shade:CommandSoldier+1","Shade:Haruspicy"],"picked":"Shade:ClawBack","floor":25},{"not_picked":["Shade:FingerOfDeath","Shade:CommandSoldier"],"picked":"Shade:ExtraLimbs","floor":27},{"not_picked":["Shade:ExtraLimbs","Shade:CommandSoldier"],"picked":"Shade:Trample","floor":30},{"not_picked":["Shade:FreshBones","Shade:SkeletonArmy"],"picked":"Shade:CoffinDance+1","floor":31},{"not_picked":["Shade:GreyBargain","Shade:ClawBack"],"picked":"Shade:FleshOffering","floor":32},{"not_picked":["Shade:SelfBurial","Shade:DarkOfNight"],"picked":"Shade:LichForm","floor":35},{"not_picked":["Shade:GraveStillness+1","Shade:SkeletonHug"],"picked":"Shade:CommandSoldier+1","floor":37},{"not_picked":["Shade:CoffinDance+1","Shade:SkeletonHug"],"picked":"Shade:FuneraryJewels+1","floor":38},{"not_picked":["Shade:SpontaneousRitual","Shade:RavenousHorde+1"],"picked":"Shade:CloudOfShrapnel+1","floor":41},{"not_picked":["Shade:GoDigging+1","Shade:CloudOfShrapnel"],"picked":"Shade:UnbarTheGrave","floor":42},{"not_picked":["Shade:Premonition","Shade:AblativeArmor"],"picked":"Shade:AuraOfUnlife","floor":43},{"not_picked":["Purity","Replay:BasicMightCard"],"picked":"ReplayTheSpireMod:Private Reserves","floor":46},{"not_picked":["Dark Shackles","Chrysalis"],"picked":"Mayhem","floor":46},{"not_picked":["Shade:FleshLikeOak+1","Shade:AncientSpear+1"],"picked":"Shade:FingerOfDeath+1","floor":47},{"not_picked":["Shade:FuneraryArmor","Shade:Bite_Shade+1"],"picked":"Shade:PoundOfFlesh+1","floor":48},{"not_picked":["Shade:FreshBones+1","Shade:RitualOffering"],"picked":"Shade:CommandSoldier+1","floor":50}],"player_experience":262085,"relics_obtained":[{"floor":7,"key":"Replay:Bottled Snecko"},{"floor":9,"key":"Lantern"},{"floor":23,"key":"Blood Vial"},{"floor":26,"key":"Mercury Hourglass"},{"floor":27,"key":"Nunchaku"},{"floor":33,"key":"Simple Rune"},{"floor":38,"key":"Thread and Needle"},{"floor":42,"key":"Potion Belt"},{"floor":45,"key":"Juzu Bracelet"}],"event_choices":[{"damage_healed":0,"gold_gain":0,"player_choice":"Gave Potion","damage_taken":0,"relics_obtained":["CeramicFish"],"max_hp_gain":0,"max_hp_loss":0,"event_name":"WeMeetAgain","floor":3,"gold_loss":0},{"damage_healed":0,"gold_gain":100,"player_choice":"Pray","damage_taken":0,"max_hp_gain":0,"max_hp_loss":0,"event_name":"Golden Shrine","floor":14,"gold_loss":0},{"damage_healed":0,"gold_gain":75,"player_choice":"Touch","damage_taken":7,"max_hp_gain":0,"max_hp_loss":0,"event_name":"FaceTrader","floor":21,"gold_loss":0},{"damage_healed":0,"gold_gain":0,"player_choice":"Ignored","damage_taken":0,"max_hp_gain":0,"max_hp_loss":0,"event_name":"betterNote:BetterNote","floor":24,"gold_loss":0,"cards_obtained":["Strike_MRS"]},{"damage_healed":0,"gold_gain":0,"player_choice":"Fight","damage_taken":0,"max_hp_gain":0,"max_hp_loss":0,"event_name":"MindBloom","floor":38,"gold_loss":0},{"damage_healed":0,"gold_gain":0,"player_choice":"Full Heal","damage_taken":0,"max_hp_gain":0,"max_hp_loss":0,"event_name":"Wheel of Change","floor":40,"gold_loss":0},{"damage_healed":0,"gold_gain":3,"player_choice":"1","damage_taken":0,"max_hp_gain":0,"max_hp_loss":0,"event_name":"betterStone:BetterStone","floor":46,"gold_loss":0}],"is_beta":false,"boss_relics":[{"not_picked":["Honey Jar","Astrolabe"],"picked":"Replay:Wanted Poster"},{"not_picked":["Replay:Drink Me","Calling Bell"],"picked":"ChewingGum"}],"items_purged_floors":[49],"is_endless":false,"potions_floor_spawned":[1,6,7,18,19,30,32,38,41,42],"ascension_level":0}}