{"host":"j5gdvqtwmxqn6tw6","time":1609862413,"event":{"mods":["BaseMod","Colored Map","Colored Powertips","Downfall","Hermit","Marisa????????","Minty Spire (QoL Compilation)","Replay The Spire","StSLib","SuperFastMode","The Servant 0.9.4"],"gold_per_floor":[110,36,136,61,80,111,111,137,161,171,171,171,171,23,23,148,148,169,169,182,202,49,80,80,99,99,130,229,229,253,269,269,392,392,408,261,277,297,297,297,360,210,210,248,263,0,0,0],"floor_reached":47,"playtime":1454,"items_purged":["Strike_S"],"score":576,"play_id":"c55a4a66-cbb3-447e-b018-f028447739a1","local_time":"20210105170013","is_ascension_mode":false,"campfire_choices":[{"data":"Misdirection","floor":7,"key":"SMITH"},{"floor":12,"key":"REST"},{"data":"GearUp","floor":15,"key":"SMITH"},{"data":"SurpressingFire","floor":24,"key":"SMITH"},{"data":"KidneyShot","floor":32,"key":"SMITH"},{"data":"FlawlessForm","floor":40,"key":"SMITH"}],"circlet_count":0,"master_deck":["Strike_S","Strike_S","Strike_S","Defend_S","Defend_S","KidneyShot+1","Exchange","InstantArmor","Misdirection+1","Ricochet","GearUp+1","GearUp","SurpressingFire+1","InstantArmor+1","FlawlessForm+1","SoulSculpture+1"],"relics":["Uniform","Centennial Puzzle","ReplayTheSpireMod:Lightbulb","MealTicket","Golden Idol","HandDrill","Painkiller Herb","Bronze Scales","Lizard Tail","ReplayTheSpireMod:Ninjato","Molten Egg 2","Enchiridion","MysterySword","TungstenRod","Sling","Ornamental Fan","Orichalcum","Red Mask"],"acts_visited":["Exordium","TheCity","TheBeyond"],"potions_floor_usage":[6,16,25,27,27,33,44],"damage_taken":[{"damage":1,"enemies":"Cultist","floor":1,"turns":4},{"damage":0,"enemies":"2 Louse","floor":5,"turns":3},{"damage":0,"enemies":"Lagavulin","floor":6,"turns":9},{"damage":30,"enemies":"Gremlin Nob","floor":8,"turns":5},{"damage":0,"enemies":"Jaw Worm","floor":10,"turns":4},{"damage":4,"enemies":"Hexaghost","floor":16,"turns":16},{"damage":0,"enemies":"Spheric Guardian","floor":18,"turns":5},{"damage":0,"enemies":"Shell Parasite","floor":20,"turns":5},{"damage":0,"enemies":"Snake Plant","floor":21,"turns":6},{"damage":0,"enemies":"Gremlin Leader","floor":23,"turns":9},{"damage":0,"enemies":"3 Cultists","floor":25,"turns":7},{"damage":38,"enemies":"Slavers","floor":27,"turns":9},{"damage":0,"enemies":"Snecko","floor":30,"turns":7},{"damage":3,"enemies":"Sentry and Sphere","floor":31,"turns":5},{"damage":57,"enemies":"Champ","floor":33,"turns":19},{"damage":4,"enemies":"3 Darklings","floor":35,"turns":7},{"damage":0,"enemies":"3 Shapes","floor":37,"turns":8},{"damage":0,"enemies":"Spire Growth","floor":38,"turns":4},{"damage":55,"enemies":"2 Orb Walkers","floor":41,"turns":8},{"damage":0,"enemies":"Giant Head","floor":44,"turns":11},{"damage":0,"enemies":"Sphere and 2 Shapes","floor":45,"turns":6},{"damage":38,"enemies":"Reptomancer","floor":47,"turns":2}],"seed_played":"2561526184213266951","potions_obtained":[{"floor":5,"key":"LifebloodPotion"},{"floor":6,"key":"FearPotion"},{"floor":21,"key":"PowerPotion"},{"floor":23,"key":"Swift Potion"},{"floor":25,"key":"Elixir"},{"floor":30,"key":"Energy Potion"},{"floor":33,"key":"GamblersBrew"},{"floor":41,"key":"BlessingOfTheForge"},{"floor":45,"key":"Strength Potion"}],"is_trial":false,"path_per_floor":["M","$","?","$","M","E","R","E","T","M","?","R","?","$","R","B",null,"?","?","?","?","T","E","T","?","T","E","?","?","?","?","T","B",null,"?","T","?","?","?","T","?","T","T","E","?","?","E"],"character_chosen":"THE_SERVANT","items_purchased":["Misdirection","HandDrill","Bronze Scales","SoulSculpture+1","Sling"],"campfire_rested":1,"item_purchase_floors":[2,14,22,36,42],"current_hp_per_floor":[58,58,58,58,58,58,58,28,28,28,9,32,32,47,47,43,77,77,77,77,77,77,77,77,77,77,39,39,23,23,20,20,8,77,73,77,77,77,77,77,22,37,37,37,37,37,0,0],"gold":0,"neow_bonus":"TWENTY_PERCENT_HP_BONUS","is_daily":false,"chose_seed":false,"campfire_upgraded":5,"win_rate":0.0,"timestamp":1609862413,"path_taken":["M","?","?","$","?","E","R","E","T","M","?","R","?","?","R","BOSS","?","?","?","?","T","E","T","?","T","E","?","?","?","?","T","BOSS","?","T","?","?","?","T","?","T","T","E","?","?","E"],"items_purchased_type":["Card","Relic","Relic","Card","Relic"],"build_version":"2020-12-22","purchased_purges":1,"victory":false,"max_hp_per_floor":[77,77,77,77,77,77,77,77,77,77,77,77,77,77,77,77,77,77,77,77,77,77,77,77,77,77,77,77,77,77,77,77,77,77,77,77,77,77,77,77,77,77,77,77,77,77,77,77],"card_choices":[{"not_picked":["TimeWarp","Defy"],"picked":"InstantArmor","floor":1},{"not_picked":["Foresight","RealityMarble","Defy"],"picked":"SKIP","floor":5},{"not_picked":["Revamp","Sabotage"],"picked":"Ricochet","floor":6},{"not_picked":["Advance","Starlight"],"picked":"GearUp","floor":8},{"not_picked":["Manipulate","DualDimension","Replace"],"picked":"SKIP","floor":10},{"not_picked":["DoubleEdge","Alleviate","TimeWarp"],"picked":"SKIP","floor":18},{"not_picked":["Alleviate","FastForward"],"picked":"GearUp","floor":20},{"not_picked":["Revamp","BestPractice"],"picked":"SurpressingFire","floor":21},{"not_picked":["LightFlow","Contraction","Hightail+1"],"picked":"SKIP","floor":23},{"not_picked":["ReturningBlade+1","Alleviate","Unruled"],"picked":"SKIP","floor":25},{"not_picked":["Spin+1","ShatteredReality+1","TimeWarp+1"],"picked":"SKIP","floor":27},{"not_picked":["DoubleEdge+1","Starlight+1","PendulumOfEternity+1"],"picked":"SKIP","floor":30},{"not_picked":["Rewind","Potential+1"],"picked":"InstantArmor+1","floor":31},{"not_picked":["KillingDoll+1","LightFlow+1"],"picked":"FlawlessForm","floor":33},{"not_picked":["FastForward","Replace+1","Defy+1"],"picked":"SKIP","floor":35},{"not_picked":["BottledTime+1","Unruled+1","Defy"],"picked":"SKIP","floor":37},{"not_picked":["Revamp+1","Starlight+1","LightFlow+1"],"picked":"SKIP","floor":38},{"not_picked":["FastForward","Duplication","Replace+1"],"picked":"SKIP","floor":44},{"not_picked":["Starlight+1","Ricochet+1","Advance+1"],"picked":"SKIP","floor":45}],"player_experience":86914,"relics_obtained":[{"floor":6,"key":"Centennial Puzzle"},{"floor":8,"key":"ReplayTheSpireMod:Lightbulb"},{"floor":9,"key":"MealTicket"},{"floor":23,"key":"Lizard Tail"},{"floor":26,"key":"ReplayTheSpireMod:Ninjato"},{"floor":27,"key":"Molten Egg 2"},{"floor":29,"key":"Enchiridion"},{"floor":41,"key":"TungstenRod"},{"floor":43,"key":"Ornamental Fan"},{"floor":44,"key":"Orichalcum"}],"event_choices":[{"damage_healed":0,"gold_gain":100,"player_choice":"Pray","damage_taken":0,"max_hp_gain":0,"max_hp_loss":0,"event_name":"Golden Shrine","floor":3,"gold_loss":0},{"damage_healed":0,"gold_gain":0,"player_choice":"Take Damage","damage_taken":19,"relics_obtained":["Golden Idol"],"max_hp_gain":0,"max_hp_loss":0,"event_name":"Golden Idol","floor":11,"gold_loss":0},{"cards_removed":["Defend_S"],"damage_healed":0,"gold_gain":0,"player_choice":"Card Removal","damage_taken":0,"max_hp_gain":0,"max_hp_loss":0,"event_name":"Wheel of Change","floor":19,"gold_loss":0},{"damage_healed":0,"gold_gain":99,"player_choice":"Stole From Cult","damage_taken":0,"max_hp_gain":0,"max_hp_loss":0,"event_name":"Nest","floor":28,"gold_loss":0},{"damage_healed":0,"gold_gain":0,"player_choice":"Obtained Book","damage_taken":16,"max_hp_gain":0,"max_hp_loss":0,"event_name":"Cursed Tome","floor":29,"gold_loss":0},{"cards_removed":["Defend_S"],"damage_healed":0,"gold_gain":0,"player_choice":"Removed Skill","damage_taken":0,"max_hp_gain":0,"max_hp_loss":0,"event_name":"Falling","floor":39,"gold_loss":0},{"damage_healed":0,"gold_gain":0,"player_choice":"Fight","damage_taken":0,"max_hp_gain":0,"max_hp_loss":0,"event_name":"Mysterious Sphere","floor":41,"gold_loss":0},{"damage_healed":0,"gold_gain":0,"player_choice":"Paid","damage_taken":0,"relics_obtained":["Red Mask"],"max_hp_gain":0,"max_hp_loss":0,"event_name":"Tomb of Lord Red Mask","floor":46,"gold_loss":263}],"is_beta":false,"boss_relics":[{"not_picked":["ChewingGum","Replay:Drink Me"],"picked":"Painkiller Herb"},{"not_picked":["SacredBark","Busted Crown"],"picked":"MysterySword"}],"items_purged_floors":[4],"is_endless":false,"potions_floor_spawned":[5,6,21,23,25,30,33,41,45],"killed_by":"Reptomancer","ascension_level":0}}