{"host":"qswkx8hggytna0kc","time":1609849656,"event":{"mods":["Aspiration","BaseMod","BetterRewards","Colored Map","Colored Powertips","Highlight Path","Hubris","Mimic Mod","Minty Spire (QoL Compilation)","Quick Restart","Replay The Spire","StSLib","SuperFastMode"],"gold_per_floor":[112,124,144,159,174,174,190,190,213,213,239,239,251,263,263,366,366,377,388,402,416,436,436,446,464,488,488,505,524,439,464,464,567,567,585,510,521,540,384,411,411,411,435,460,472,472,501,519,519,519,519],"floor_reached":50,"playtime":2465,"items_purged":["Defend_B"],"score":856,"play_id":"1c3aabdb-f6b6-43a1-92fa-913ce04ada5a","local_time":"20210105202736","is_ascension_mode":true,"campfire_choices":[{"data":"Zap","floor":6.0,"key":"SMITH"},{"data":"Dualcast","floor":8.0,"key":"SMITH"},{"data":"Sunder","floor":12.0,"key":"SMITH"},{"floor":15.0,"key":"REST"},{"data":"Machine Learning","floor":23,"key":"SMITH"},{"floor":27,"key":"REST"},{"data":"ReplaySolidLightProjector","floor":32,"key":"SMITH"},{"data":"Hologram","floor":41,"key":"SMITH"},{"data":"Defragment","floor":46,"key":"SMITH"},{"data":"Pot Of Greed","floor":49,"key":"SMITH"}],"circlet_count":0,"master_deck":["Defend_B","Defend_B","Defend_B","Zap+1","Dualcast+1","Go for the Eyes","Defragment+1","Sunder+1","All For One","ReplaySolidLightProjector+1","Stack","Rebound","Stack","Turbo","ReplayGash","All For One","Redo+1","Machine Learning+1","Steam","Self Repair","Gash","White Noise+1","Turbo+1","Pot Of Greed+1","Pot Of Greed","Pot Of Greed","Go for the Eyes+1","Skim","Fission","FTL","Hologram+1","Steam+1","Go for the Eyes+1","Panic Button+1","FTL+1","Loop+1"],"relics":["Cracked Core","NeowsBlessing","Vajra","Mirror","Replay:Drink Me","Grinning Jar","Gremlin Horn","hubris:RGBLights","Painkiller Herb","Runic Capacitor","hubris:ToyBattleship","ReplayTheSpireMod:Lightbulb","MealTicket","Eternal Feather"],"acts_visited":["Exordium","TheCity","TheBeyond"],"potions_floor_usage":[50,50,50],"damage_taken":[{"damage":0.0,"enemies":"2 Louse","floor":1.0,"turns":1.0},{"damage":0.0,"enemies":"Cultist","floor":2.0,"turns":1.0},{"damage":0.0,"enemies":"Jaw Worm","floor":3.0,"turns":1.0},{"damage":10.0,"enemies":"Large Slime","floor":4.0,"turns":5.0},{"damage":5.0,"enemies":"Red Slaver","floor":5.0,"turns":3.0},{"damage":0.0,"enemies":"3 Louse","floor":7.0,"turns":2.0},{"damage":8.0,"enemies":"Gremlin Nob","floor":11.0,"turns":3.0},{"damage":1.0,"enemies":"Gremlin Gang","floor":13.0,"turns":4.0},{"damage":0.0,"enemies":"2 Fungi Beasts","floor":14.0,"turns":2.0},{"damage":47.0,"enemies":"The Guardian","floor":16.0,"turns":9.0},{"damage":0.0,"enemies":"Chosen","floor":18.0,"turns":2.0},{"damage":18.0,"enemies":"Shell Parasite","floor":19.0,"turns":3.0},{"damage":0.0,"enemies":"Sentry and Sphere","floor":20.0,"turns":3.0},{"damage":0.0,"enemies":"Centurion and Healer","floor":21.0,"turns":6.0},{"damage":0.0,"enemies":"Snecko","floor":22.0,"turns":3.0},{"damage":21,"enemies":"Sentry and Sphere","floor":24,"turns":4},{"damage":0,"enemies":"Snake Plant","floor":25,"turns":3},{"damage":6,"enemies":"Chosen and Byrds","floor":28,"turns":6},{"damage":0,"enemies":"Sentry and Sphere","floor":29,"turns":3},{"damage":4,"enemies":"Slavers","floor":31,"turns":6},{"damage":15,"enemies":"Champ","floor":33,"turns":8},{"damage":12,"enemies":"Orb Walker","floor":35,"turns":2},{"damage":0,"enemies":"3 Shapes","floor":37,"turns":4},{"damage":1,"enemies":"Transient","floor":38,"turns":5},{"damage":0,"enemies":"Nemesis","floor":40,"turns":7},{"damage":0,"enemies":"Reptomancer","floor":44,"turns":5},{"damage":0,"enemies":"3 Darklings","floor":45,"turns":4},{"damage":5,"enemies":"Nemesis","floor":47,"turns":5},{"damage":0,"enemies":"Spire Growth","floor":48,"turns":3},{"damage":58,"enemies":"Time Eater","floor":50,"turns":11}],"seed_played":"9067970917810719329","potions_obtained":[{"floor":2.0,"key":"SneckoOil"},{"floor":4.0,"key":"LiquidBronze"},{"floor":11.0,"key":"Swift Potion"},{"floor":13.0,"key":"AttackPotion"},{"floor":19.0,"key":"SpeedPotion"},{"floor":20.0,"key":"Toxic Potion"},{"floor":21.0,"key":"LiquidMemories"},{"floor":44,"key":"LiquidMemories"}],"is_trial":false,"path_per_floor":["M","M","M","M","M","R","M","R","T","?","E","R","M","M","R","B",null,"M","M","M","M","M","R","M","M","T","R","M","M","?","E","R","B",null,"?","T","?","?","T","E","T","?","T","E","?","T","E","?","T","B"],"character_chosen":"DEFECT","items_purchased":["Runic Capacitor"],"campfire_rested":2,"item_purchase_floors":[39],"current_hp_per_floor":[68,68,68,58,53,53,53,53,53,53,45,45,44,44,66,19,48,48,30,30,30,30,30,16,23,23,40,41,48,48,51,51,50,55,50,50,57,57,57,57,57,57,57,57,57,57,57,57,57,0,0],"gold":519,"neow_bonus":"THREE_ENEMY_KILL","is_daily":false,"chose_seed":false,"campfire_upgraded":8,"win_rate":0.0,"timestamp":1609849656,"path_taken":["M","M","M","M","M","R","M","R","T","?","E","R","M","?","R","BOSS","M","M","M","M","?","R","M","M","T","R","M","M","?","E","R","BOSS","?","T","?","?","T","E","T","?","T","E","?","T","E","?","T","BOSS"],"items_purchased_type":["Relic"],"build_version":"2020-12-22","purchased_purges":1,"victory":false,"max_hp_per_floor":[75,75,75,75,75,75,75,75,75,75,75,75,75,75,75,75,57,57,57,57,57,57,57,57,57,57,57,57,57,57,57,57,57,57,57,57,57,57,57,57,57,57,57,57,57,57,57,57,57,57,57],"card_choices":[{"not_picked":["Hologram","Barrage"],"picked":"Go for the Eyes","floor":1.0},{"not_picked":["Coolheaded","BasicCrystalCard"],"picked":"Defragment","floor":2.0},{"not_picked":["Turbo","FIFO Queue"],"picked":"Sunder","floor":3.0},{"not_picked":["Undo","Panic Button"],"picked":"All For One","floor":4.0},{"not_picked":["Streamline","BasicCrystalCard"],"picked":"ReplaySolidLightProjector","floor":5.0},{"not_picked":["Compile Driver","ReplayTheSpireMod:Repulse"],"picked":"Stack","floor":7.0},{"not_picked":["Sweeping Beam","Rebound"],"picked":"Stack","floor":11.0},{"not_picked":["Redo","Consume"],"picked":"Turbo","floor":13.0},{"not_picked":["Rip and Tear","Cold Snap"],"picked":"ReplayGash","floor":14.0},{"not_picked":["hubris:Prefetch","Electrodynamics"],"picked":"All For One","floor":16.0},{"not_picked":["Turbo","Steam"],"picked":"Redo+1","floor":18.0},{"not_picked":["Reprogram","Compile Driver"],"picked":"Machine Learning","floor":19.0},{"not_picked":["Coolheaded","Hologram"],"picked":"Steam","floor":20.0},{"not_picked":["Rebound","Double Energy"],"picked":"Self Repair","floor":21.0},{"not_picked":["Streamline","Steam"],"picked":"Gash","floor":22},{"not_picked":["Rebound","Cold Snap+1"],"picked":"White Noise+1","floor":24},{"not_picked":["Double Energy","Hello World"],"picked":"Turbo+1","floor":25},{"not_picked":["Rebound","Sweeping Beam"],"picked":"Go for the Eyes+1","floor":28},{"not_picked":["Rebound+1","Time Bomb+1","Sweeping Beam"],"picked":"SKIP","floor":29},{"not_picked":["Ball Lightning","BootSequence"],"picked":"Skim","floor":31},{"not_picked":["ReplayRNGCard","Meteor Strike"],"picked":"Fission","floor":33},{"not_picked":["Sweeping Beam+1","Panic Button+1"],"picked":"FTL","floor":35},{"not_picked":["Streamline+1","BasicCrystalCard"],"picked":"Hologram","floor":37},{"not_picked":["aspiration:Polymerization","BasicCrystalCard"],"picked":"Steam+1","floor":38},{"not_picked":["Doom and Gloom+1","Streamline","Reinforced Body"],"picked":"SKIP","floor":40},{"not_picked":["Sweeping Beam+1","Hologram"],"picked":"Go for the Eyes+1","floor":44},{"not_picked":["Hologram+1","Redo+1"],"picked":"Panic Button+1","floor":45},{"not_picked":["Panic Button+1","Defragment"],"picked":"FTL+1","floor":47},{"not_picked":["Sweeping Beam","Go for the Eyes+1"],"picked":"Loop+1","floor":48}],"player_experience":231445,"relics_obtained":[{"floor":9.0,"key":"Vajra"},{"floor":11.0,"key":"Mirror"},{"floor":26,"key":"Grinning Jar"},{"floor":31,"key":"hubris:RGBLights"},{"floor":40,"key":"hubris:ToyBattleship"},{"floor":43,"key":"ReplayTheSpireMod:Lightbulb"},{"floor":44,"key":"MealTicket"},{"floor":47,"key":"Eternal Feather"}],"event_choices":[{"damage_healed":0.0,"max_hp_gain":0.0,"max_hp_loss":0.0,"gold_gain":0.0,"cards_transformed":["Strike_B"],"event_name":"Transmorgrifier","player_choice":"Transformed","floor":10.0,"gold_loss":0.0,"damage_taken":0.0,"cards_obtained":["Rebound"]},{"damage_healed":0,"gold_gain":0,"player_choice":"Obtained Relic","damage_taken":0,"relics_obtained":["Gremlin Horn"],"max_hp_gain":0,"max_hp_loss":0,"event_name":"Addict","floor":30,"gold_loss":85},{"damage_healed":0,"gold_gain":0,"player_choice":"Bought 0 Potions","damage_taken":0,"max_hp_gain":0,"max_hp_loss":0,"event_name":"The Woman in Blue","floor":42,"gold_loss":0}],"is_beta":false,"boss_relics":[{"not_picked":["hubris:ScarierMask","Runic Pyramid"],"picked":"Replay:Drink Me"},{"not_picked":["aspiration:WatcherSkillbook","hubris:RunicObelisk"],"picked":"Painkiller Herb"}],"items_purged_floors":[36],"is_endless":false,"potions_floor_spawned":[2,4,11,13,14,19,20,21,29,31,33,44,45,47],"killed_by":"Time Eater","ascension_level":6}}