{"host":"h78e02h09yhg9y5r","time":1609842711,"event":{"mods":["ATMod(阿瑾Mod)","AchievementEnabler","Act Like it!","Arknights The Spire","Aspiration","BaseMod","BetterRewards","Dota2Spire","Hermit","KinomotoSakuraMod(木之本樱)","Minty Spire (QoL Compilation)","MostiFishMod","RumiaBox-露米娅的神秘盒子","SIMod","Shop Mod","Spicy Shops","StSLib","The Runesmith","【功能Mod】混沌之环修复补丁"],"gold_per_floor":[109,59,59,59,72,106,106,136,163,163,190,202,214,249,249,374,374,393,393,442,518,553,615,615,625,625,687,703,768,129,149,149,279,279,289,308,530,530,577,603,603,659,659,685,733,745,788,802,802,832],"floor_reached":51,"playtime":1976,"items_purged":["ats:Defend"],"score":1724,"play_id":"256f2618-8535-41e6-b76e-4a6b501027cf","local_time":"20210105183151","is_ascension_mode":true,"campfire_choices":[{"data":"ats:Rat Pack","floor":10,"key":"SMITH"},{"data":"ats:Sunburst","floor":15,"key":"SMITH"},{"data":"ats:Soul Rend","floor":24,"key":"SMITH"},{"data":"ats:Armor Crushing Shot","floor":32,"key":"SMITH"},{"data":"ats:Disruption Kick","floor":41,"key":"SMITH"},{"data":"ats:Volcano","floor":49,"key":"SMITH"}],"circlet_count":0,"master_deck":["ats:Strike C","ats:Strike G","ats:Armor Crushing Shot+1","ats:Defend","ats:Defend","ats:Emotion Absorption","AT_ChampionStep","ats:Sunburst+1","ats:Rat Pack+1","ats:Red Shift","ats:Thermite Blade","ats:Soul Rend+1","ats:Shell Defense+1","ats:Very Hot Blade","ats:Volcano+1","ats:Chain Hook+1","ats:Disruption Kick+1","ats:Calcification"],"relics":["ats:Sanity","DaveBox","AT_ATBox","BirthdayGift-Tetrahedron","Shuriken","Mercury Hourglass","SynthV:TestCard","Pear","ats:Originium","Ornamental Fan","Dota2Spire:Mjollnir","Dota2Spire:DrumOfEndurance","Odd Mushroom","Dota2Spire:HandOfMidas","ats:Tactical Delivery","ats:Lavender","Red Mask","Mango","Blue Candle","Oddly Smooth Stone","Strawberry","Dota2Spire:EchoSabre","HandDrill","StrikeDummy","HaiYi:Twilight","Pantograph","AT_ChloranthyRing","AT_RedNoBalance"],"acts_visited":["Exordium","TheCity","TheBeyond"],"potions_floor_usage":[6,23,29,50,50],"damage_taken":[{"damage":2,"enemies":"2 Louse","floor":1,"turns":2},{"damage":6,"enemies":"Small Slimes","floor":5,"turns":2},{"damage":2,"enemies":"Gremlin Nob","floor":6,"turns":2},{"damage":3,"enemies":"3 Sentries","floor":8,"turns":2},{"damage":2,"enemies":"The Mushroom Lair","floor":11,"turns":2},{"damage":2,"enemies":"Jaw Worm","floor":12,"turns":2},{"damage":2,"enemies":"2 Fungi Beasts","floor":13,"turns":2},{"damage":4,"enemies":"Gremlin Nob","floor":14,"turns":3},{"damage":6,"enemies":"Slime Boss","floor":16,"turns":4},{"damage":3,"enemies":"3 Byrds","floor":18,"turns":2},{"damage":5,"enemies":"Shell Parasite","floor":20,"turns":3},{"damage":2,"enemies":"Masked Bandits","floor":22,"turns":2},{"damage":11,"enemies":"Gremlin Leader","floor":23,"turns":3},{"damage":3,"enemies":"Snecko","floor":25,"turns":2},{"damage":17,"enemies":"Slavers","floor":27,"turns":3},{"damage":2,"enemies":"Shelled Parasite and Fungi","floor":28,"turns":2},{"damage":4,"enemies":"Book of Stabbing","floor":29,"turns":3},{"damage":2,"enemies":"Centurion and Healer","floor":31,"turns":2},{"damage":6,"enemies":"Collector","floor":33,"turns":4},{"damage":24,"enemies":"3 Shapes","floor":35,"turns":2},{"damage":6,"enemies":"Orb Walker","floor":36,"turns":2},{"damage":4,"enemies":"Writhing Mass","floor":39,"turns":3},{"damage":5,"enemies":"Nemesis","floor":40,"turns":3},{"damage":8,"enemies":"Giant Head","floor":42,"turns":4},{"damage":6,"enemies":"Nemesis","floor":44,"turns":4},{"damage":0,"enemies":"Jaw Worm Horde","floor":45,"turns":1},{"damage":10,"enemies":"Spire Growth","floor":46,"turns":3},{"damage":3,"enemies":"3 Darklings","floor":47,"turns":2},{"damage":4,"enemies":"Jaw Worm Horde","floor":48,"turns":2},{"damage":8,"enemies":"Time Eater","floor":50,"turns":5}],"seed_played":"7883168499678180843","potions_obtained":[{"floor":5,"key":"DistilledChaos"},{"floor":8,"key":"Dexterity Potion"},{"floor":11,"key":"Dota2Spire:HealingSalve"},{"floor":13,"key":"EssenceOfSteel"},{"floor":28,"key":"Fire Potion"},{"floor":29,"key":"Energy Potion"},{"floor":31,"key":"CultistPotion"}],"is_trial":false,"path_per_floor":["M","?","?","?","M","E","$","E","T","R","?","M","M","E","R","B",null,"M","?","M","T","?","E","R","M","T","E","M","E","$","M","R","B",null,"M","M","?","?","M","E","R","E","T","E","M","M","M","M","R","B",null],"character_chosen":"DOCTOR_CLASS","items_purchased":["Shuriken","Mercury Hourglass","Dota2Spire:EchoSabre","HandDrill","StrikeDummy"],"campfire_rested":0,"item_purchase_floors":[0,0,30,30,30],"current_hp_per_floor":[70,70,70,77,71,69,69,66,66,66,64,62,60,56,56,50,82,80,80,76,76,77,87,87,86,86,75,84,99,99,103,103,101,103,88,83,83,83,91,101,101,103,103,103,53,53,55,52,52,92],"gold":832,"neow_bonus":"","is_daily":false,"chose_seed":false,"campfire_upgraded":6,"win_rate":0.0,"timestamp":1609842711,"path_taken":["M","?","?","?","M","E","$","E","T","R","?","M","M","E","R","BOSS","M","?","M","?","?","E","R","M","T","E","M","E","$","?","R","BOSS","M","?","?","?","M","E","R","E","T","E","M","?","?","?","R","BOSS"],"items_purchased_type":["Relic","Relic","Relic","Relic","Relic"],"build_version":"2020-12-22","purchased_purges":1,"victory":true,"max_hp_per_floor":[72,72,72,82,82,82,82,82,82,82,82,82,82,82,82,82,82,82,82,82,82,82,96,96,96,96,96,96,103,103,103,103,103,103,103,103,103,103,103,103,103,103,103,103,103,103,103,103,103,103],"card_choices":[{"not_picked":["ats:Revitalization","ats:Leaping Hammer","ats:Cat Scratch"],"picked":"SKIP","floor":1},{"not_picked":["ats:Poison Spread","ats:Apocalypse","ats:Burning Ground","ats:Revitalization"],"picked":"ats:Sunburst","floor":5},{"not_picked":["ats:Apocalypse","ats:Powerful Strike","ats:Assault Order","ats:Revitalization","ats:Spore Proliferation"],"picked":"SKIP","floor":6},{"not_picked":["ats:Healing Strengthening","ats:Consecutive Shot Auto","ats:Flexible Camouflage","ats:Apocalypse"],"picked":"ats:Rat Pack","floor":8},{"not_picked":["ats:Childhood Dance","ats:Cat Scratch","ats:Consecutive Shot Auto","ats:Poison Spread"],"picked":"ats:Red Shift","floor":12},{"not_picked":["ats:Hammer On","ats:Counter Healing Mode","ats:Automatic Cover","ats:Cat Scratch"],"picked":"ats:Thermite Blade","floor":13},{"not_picked":["ats:Curse Doll","ats:Overload","ats:Powerful Strike","ats:Fractured Body","ats:Leaping Hammer"],"picked":"SKIP","floor":14},{"not_picked":["ats:Fractured Body","ats:Rat Pack","ats:Durian","ats:Dogmatic Field"],"picked":"ats:Soul Rend","floor":16},{"not_picked":["ats:Ignite","ats:Closed Bolt Burst Fire+1","ats:Childhood Dance+1","ats:Wolf Pack"],"picked":"ats:Shell Defense+1","floor":18},{"not_picked":["ats:Ignite","ats:Childhood Dance","ats:Leaping Hammer","ats:Thorns+1","ats:Flexible Camouflage"],"picked":"SKIP","floor":20},{"not_picked":["ats:Consecutive Shot Auto","ats:Part Time Job","ats:Hook Shot","ats:LN2 Cannon","ats:Curse Doll+1"],"picked":"SKIP","floor":23},{"not_picked":["ats:Cat Scratch","ats:Hammer On","ats:Healing Drone","ats:Neurotoxin+1","ats:Shell Defense+1"],"picked":"SKIP","floor":25},{"not_picked":["ats:Leaping Hammer","ats:Powerful Strike","ats:Sword Rain","ats:Consecutive Shot Auto"],"picked":"ats:Very Hot Blade","floor":27},{"not_picked":["ats:Revitalization","ats:Poison Spread","ats:Blood Oath","ats:Thorns","ats:Flame Of Heaven"],"picked":"SKIP","floor":28},{"not_picked":["ats:Explosion Area Strengthen+1","ats:Ignite+1","ats:Leaping Hammer","ats:Rat Pack","ats:Burning Ground"],"picked":"SKIP","floor":29},{"not_picked":["ats:Revitalization","ats:Steam Pump","ats:Explosion Area Strengthen+1","ats:Hammer On","ats:Very Hot Blade"],"picked":"SKIP","floor":31},{"not_picked":["ats:Nebulous Foxfire","ats:Rat Pack","ats:Fractured Body","ats:Soul Rend"],"picked":"ats:Volcano","floor":33},{"not_picked":["ats:Powerful Strike","ats:Spore Proliferation+1","ats:LN2 Cannon+1","ats:Song Of Battle+1","ats:Flexible Camouflage+1"],"picked":"SKIP","floor":35},{"not_picked":["ats:Neurotoxin","ats:Consecutive Shot Auto","ats:Explosion Area Strengthen+1","ats:Ignite+1"],"picked":"ats:Chain Hook+1","floor":36},{"not_picked":["ats:Consecutive Shot Auto+1","ats:Collapsing Strike+1","ats:Poison Spread+1","ats:Rapid Magazine+1","ats:Revitalization+1"],"picked":"SKIP","floor":39},{"not_picked":["ats:Assault Order","ats:Shell Defense+1","ats:Leaping Hammer+1","ats:Curse Doll"],"picked":"ats:Disruption Kick","floor":40},{"not_picked":["ats:Dogmatic Field","ats:Fractured Body","ats:Blood Oath","ats:Thermite Blade+1","ats:Consecutive Shot Auto"],"picked":"SKIP","floor":42},{"not_picked":["ats:Shell Defense","ats:Rat Pack","ats:Revitalization","ats:Cat Scratch+1","ats:Explosion Area Strengthen"],"picked":"SKIP","floor":44},{"not_picked":["ats:Childhood Dance+1","ats:Leaping Hammer+1","ats:Curse Doll+1","ats:Shell Defense+1","ats:Ignite"],"picked":"SKIP","floor":45},{"not_picked":["ats:Assault Order+1","ats:LN2 Cannon+1","ats:Song Of Battle+1","ats:Flexible Camouflage"],"picked":"ats:Calcification","floor":46},{"not_picked":["ats:Sunburst","ats:Cat Scratch+1","ats:Assault Order+1","ats:Ignite","ats:Hammer On"],"picked":"SKIP","floor":47},{"not_picked":["ats:Ignite","ats:Leaping Hammer+1","ats:Hammer On","ats:Flexible Camouflage","ats:Shell Defense+1"],"picked":"SKIP","floor":48}],"player_experience":495217,"relics_obtained":[{"floor":1,"key":"SynthV:TestCard"},{"floor":6,"key":"ats:Originium"},{"floor":6,"key":"Ornamental Fan"},{"floor":8,"key":"ats:Originium"},{"floor":8,"key":"Dota2Spire:Mjollnir"},{"floor":9,"key":"Dota2Spire:DrumOfEndurance"},{"floor":11,"key":"Odd Mushroom"},{"floor":14,"key":"ats:Originium"},{"floor":14,"key":"Dota2Spire:HandOfMidas"},{"floor":21,"key":"ats:Lavender"},{"floor":22,"key":"Red Mask"},{"floor":23,"key":"Mango"},{"floor":26,"key":"Blue Candle"},{"floor":27,"key":"Oddly Smooth Stone"},{"floor":29,"key":"Strawberry"},{"floor":40,"key":"Pantograph"},{"floor":43,"key":"AT_ChloranthyRing"},{"floor":44,"key":"AT_SilverBalance"}],"event_choices":[{"cards_removed":["ats:Strike S"],"damage_healed":0,"gold_gain":0,"player_choice":"Card Removal","damage_taken":0,"max_hp_gain":0,"max_hp_loss":0,"event_name":"The Cleric","floor":2,"gold_loss":50},{"cards_removed":["ats:Defend"],"damage_healed":0,"gold_gain":0,"player_choice":"Forget","damage_taken":0,"max_hp_gain":0,"max_hp_loss":0,"event_name":"Living Wall","floor":3,"gold_loss":0},{"damage_healed":0,"gold_gain":0,"player_choice":"Success","damage_taken":3,"relics_obtained":["Pear"],"max_hp_gain":0,"max_hp_loss":0,"event_name":"Scrap Ooze","floor":4,"gold_loss":0},{"damage_healed":0,"gold_gain":0,"player_choice":"Fought Mushrooms","damage_taken":0,"max_hp_gain":0,"max_hp_loss":0,"event_name":"Mushrooms","floor":11,"gold_loss":0},{"damage_healed":0,"gold_gain":0,"player_choice":"Ignored","damage_taken":0,"max_hp_gain":0,"max_hp_loss":0,"event_name":"Ghosts","floor":19,"gold_loss":0},{"damage_healed":0,"gold_gain":0,"player_choice":"Fought Bandits","damage_taken":0,"max_hp_gain":0,"max_hp_loss":0,"event_name":"Masked Bandits","floor":22,"gold_loss":0},{"damage_healed":0,"gold_gain":222,"player_choice":"Wore Mask","damage_taken":0,"max_hp_gain":0,"max_hp_loss":0,"event_name":"Tomb of Lord Red Mask","floor":37,"gold_loss":0},{"cards_removed":["ats:Strike V"],"damage_healed":0,"gold_gain":0,"player_choice":"Offered Basic","damage_taken":0,"max_hp_gain":0,"max_hp_loss":0,"event_name":"Bonfire Elementals","floor":38,"gold_loss":0}],"is_beta":false,"boss_relics":[{"not_picked":["Runic Pyramid","Tiny House"],"picked":"ats:Tactical Delivery"},{"not_picked":["GuanYuAspect","MostiFishMod:Hod"],"picked":"HaiYi:Twilight"}],"items_purged_floors":[30],"is_endless":false,"potions_floor_spawned":[5,8,11,13,18,28,29,31,33,36,45,47],"ascension_level":2}}