{"host":"tw7a6rmo9h75ssrt","time":1609805740,"event":{"mods":["AchievementEnabler","Act Like it!","BaseMod","Colored Map","Highlight Path","Minty Spire (QoL Compilation)","Permanent Neow","Quick Restart","Relic Stats","SuperFastMode"],"gold_per_floor":[115,40,58,75,75,75,87,99,173,206,206,281,281,304,304,433,433,451,129,129,150,164,164,211,224,269,269,310,310,324,50,50,169,169,184,184,209,223,556,570,570,589,589,121,121,140,150,169,169,169],"floor_reached":51,"playtime":3017,"items_purged":["Strike_R","Strike_R","Strike_R","Strike_R"],"score":929,"play_id":"6d843840-625d-4248-acf0-cdf3e755b690","local_time":"20210105081540","is_ascension_mode":true,"campfire_choices":[{"data":"Cleave","floor":6.0,"key":"SMITH"},{"data":"Bash","floor":13.0,"key":"SMITH"},{"data":"Flame Barrier","floor":15.0,"key":"SMITH"},{"floor":23.0,"key":"DIG"},{"floor":27.0,"key":"REST"},{"floor":29.0,"key":"REST"},{"floor":32.0,"key":"DIG"},{"floor":45.0,"key":"REST"},{"data":"Berserk","floor":49,"key":"SMITH"}],"circlet_count":0,"master_deck":["Strike_R","Defend_R","Defend_R","Defend_R","Defend_R","Bash+1","Blood for Blood+1","Cleave+1","Flame Barrier+1","Berserk+1","Burning Pact","Dark Embrace+1","Entrench+1","Battle Trance+1","Pommel Strike+1","Master of Strategy"],"relics":["Burning Blood","NeowsBlessing","Mercury Hourglass","Shovel","Velvet Choker","Bag of Preparation","Regal Pillow","Oddly Smooth Stone","Potion Belt","Ornamental Fan","Medical Kit","Omamori","SlaversCollar","Anchor","Sundial","Paper Frog","ClockworkSouvenir"],"acts_visited":["Exordium","TheCity","TheBeyond"],"potions_floor_usage":[50,50],"damage_taken":[{"damage":0.0,"enemies":"2 Louse","floor":1.0,"turns":1.0},{"damage":0.0,"enemies":"Small Slimes","floor":3.0,"turns":1.0},{"damage":0.0,"enemies":"Jaw Worm","floor":4.0,"turns":1.0},{"damage":10.0,"enemies":"Large Slime","floor":7.0,"turns":4.0},{"damage":13.0,"enemies":"Red Slaver","floor":8.0,"turns":4.0},{"damage":8.0,"enemies":"3 Sentries","floor":10.0,"turns":4.0},{"damage":11.0,"enemies":"Blue Slaver","floor":14.0,"turns":3.0},{"damage":24.0,"enemies":"The Guardian","floor":16.0,"turns":9.0},{"damage":26.0,"enemies":"Shell Parasite","floor":18.0,"turns":4.0},{"damage":19.0,"enemies":"Spheric Guardian","floor":21.0,"turns":4.0},{"damage":17.0,"enemies":"Shelled Parasite and Fungi","floor":22.0,"turns":3.0},{"damage":19.0,"enemies":"Snake Plant","floor":25.0,"turns":3.0},{"damage":42.0,"enemies":"Book of Stabbing","floor":28.0,"turns":5.0},{"damage":8.0,"enemies":"Snecko","floor":30.0,"turns":4.0},{"damage":60.0,"enemies":"Automaton","floor":33.0,"turns":12.0},{"damage":11.0,"enemies":"3 Shapes","floor":35.0,"turns":5.0},{"damage":6.0,"enemies":"Orb Walker","floor":37.0,"turns":4.0},{"damage":3.0,"enemies":"Spire Growth","floor":38.0,"turns":7.0},{"damage":26.0,"enemies":"Sphere and 2 Shapes","floor":40.0,"turns":8.0},{"damage":23.0,"enemies":"Writhing Mass","floor":42.0,"turns":8.0},{"damage":0.0,"enemies":"4 Shapes","floor":46.0,"turns":5.0},{"damage":9.0,"enemies":"Transient","floor":47.0,"turns":5.0},{"damage":13.0,"enemies":"Jaw Worm Horde","floor":48.0,"turns":6.0},{"damage":34,"enemies":"Awakened One","floor":50,"turns":15}],"seed_played":"8140344719959911314","potions_obtained":[{"floor":1.0,"key":"EssenceOfSteel"},{"floor":4.0,"key":"ElixirPotion"},{"floor":10.0,"key":"AttackPotion"},{"floor":16.0,"key":"DuplicationPotion"},{"floor":21.0,"key":"AttackPotion"},{"floor":28.0,"key":"BlessingOfTheForge"},{"floor":30.0,"key":"ColorlessPotion"},{"floor":33.0,"key":"PowerPotion"},{"floor":35.0,"key":"Ancient Potion"},{"floor":37.0,"key":"EssenceOfSteel"},{"floor":40.0,"key":"GamblersBrew"},{"floor":42.0,"key":"CultistPotion"}],"is_trial":false,"path_per_floor":["M","$","M","M","?","R","M","M","T","E","?","?","R","M","R","B",null,"M","$","?","M","M","R","T","M","T","R","E","R","M","$","R","B",null,"M","?","M","M","?","M","T","M","T","$","R","M","M","M","R","B",null],"character_chosen":"IRONCLAD","items_purchased":["Bag of Preparation","Burning Pact","Medical Kit","ClockworkSouvenir","Master of Strategy"],"campfire_rested":3,"item_purchase_floors":[19,19,31,44,44],"current_hp_per_floor":[80,80,80,80,80,80,76,69,69,67,67,56,56,51,51,33,64,44,44,68,55,44,44,44,31,31,68,32,69,67,67,67,13,59,54,54,54,57,57,37,37,20,20,20,57,63,60,53,53,25],"gold":169,"neow_bonus":"THREE_ENEMY_KILL","is_daily":false,"chose_seed":false,"campfire_upgraded":4,"win_rate":0.0,"timestamp":1609805740,"path_taken":["M","$","M","M","?","R","M","M","T","E","?","?","R","M","R","BOSS","M","$","?","M","M","R","?","M","T","R","E","R","M","$","R","BOSS","M","?","?","M","?","M","?","M","T","$","R","M","?","M","R","BOSS"],"items_purchased_type":["Relic","Card","Relic","Relic","Card"],"build_version":"2020-12-22","purchased_purges":4,"victory":true,"max_hp_per_floor":[80,80,80,80,80,80,80,80,80,80,74,74,74,74,74,74,74,74,74,74,74,74,74,74,74,74,74,74,74,74,74,74,74,74,74,74,74,74,74,74,74,74,74,74,74,74,74,74,74,74],"relic_stats":{"Regal Pillow":45,"Shovel":2,"counters":[24,124],"Ornamental Fan":[52],"Sundial":[26],"Bag of Preparation":[30],"Medical Kit":[5],"obtain_stats":[{"Potion Belt":26,"Regal Pillow":23,"NeowsBlessing":0,"Golden Idol":11,"Velvet Choker":17,"Oddly Smooth Stone":24,"Bag of Preparation":19,"Omamori":32,"Medical Kit":31,"Burning Blood":0,"Mercury Hourglass":9,"ClockworkSouvenir":44,"SlaversCollar":34,"Anchor":36,"Shovel":10,"Ornamental Fan":28,"Sundial":41,"Paper Frog":43},{"Potion Belt":12,"Regal Pillow":11,"NeowsBlessing":0,"Golden Idol":6,"Velvet Choker":8,"Oddly Smooth Stone":11,"Bag of Preparation":9,"Omamori":14,"Medical Kit":14,"Burning Blood":0,"Mercury Hourglass":5,"ClockworkSouvenir":20,"SlaversCollar":15,"Anchor":16,"Shovel":6,"Ornamental Fan":13,"Sundial":19,"Paper Frog":20},{"Potion Belt":41,"Regal Pillow":38,"NeowsBlessing":0,"Golden Idol":15,"Velvet Choker":27,"Oddly Smooth Stone":38,"Bag of Preparation":31,"Omamori":49,"Medical Kit":49,"Burning Blood":0,"Mercury Hourglass":11,"ClockworkSouvenir":93,"SlaversCollar":61,"Anchor":66,"Shovel":15,"Ornamental Fan":46,"Sundial":85,"Paper Frog":93}],"Burning Blood":126,"Mercury Hourglass":[409]},"card_choices":[{"not_picked":["Flex","Body Slam"],"picked":"Blood for Blood","floor":1.0},{"not_picked":["Blood for Blood","Warcry","Infernal Blade"],"picked":"SKIP","floor":3.0},{"not_picked":["Twin Strike","Shrug It Off"],"picked":"Cleave","floor":4.0},{"not_picked":["Whirlwind","Dual Wield","Wild Strike"],"picked":"SKIP","floor":7.0},{"not_picked":["Iron Wave","Dark Embrace","Clash"],"picked":"SKIP","floor":8.0},{"not_picked":["Havoc","Power Through","Shockwave"],"picked":"SKIP","floor":10.0},{"not_picked":["Headbutt","Thunderclap"],"picked":"Flame Barrier","floor":14.0},{"not_picked":["Juggernaut","Offering"],"picked":"Berserk","floor":16.0},{"not_picked":["Cleave","Twin Strike","Disarm"],"picked":"SKIP","floor":18.0},{"not_picked":["Havoc","Headbutt","Shrug It Off"],"picked":"SKIP","floor":21.0},{"not_picked":["Cleave","Iron Wave","Anger"],"picked":"SKIP","floor":22.0},{"not_picked":["Warcry","Offering","Second Wind"],"picked":"SKIP","floor":25.0},{"not_picked":["Wild Strike","Heavy Blade"],"picked":"Dark Embrace+1","floor":28.0},{"not_picked":["Bloodletting","Perfected Strike"],"picked":"Entrench+1","floor":30.0},{"not_picked":["Dual Wield","Armaments+1","Cleave+1"],"picked":"SKIP","floor":35.0},{"not_picked":["Intimidate+1","Body Slam"],"picked":"Battle Trance+1","floor":37.0},{"not_picked":["Whirlwind","Ghostly Armor+1","Cleave"],"picked":"SKIP","floor":38.0},{"not_picked":["Cleave","Thunderclap+1"],"picked":"Pommel Strike+1","floor":40.0},{"not_picked":["True Grit","Armaments+1","Blood for Blood+1"],"picked":"SKIP","floor":42.0},{"not_picked":["Shrug It Off","Wild Strike","Body Slam"],"picked":"SKIP","floor":46.0},{"not_picked":["Perfected Strike+1","Sword Boomerang","Battle Trance+1"],"picked":"SKIP","floor":47.0},{"not_picked":["Evolve+1","Heavy Blade","Entrench+1"],"picked":"SKIP","floor":48.0}],"player_experience":22435,"relics_obtained":[{"floor":9.0,"key":"Mercury Hourglass"},{"floor":10.0,"key":"Shovel"},{"floor":23.0,"key":"Regal Pillow"},{"floor":24.0,"key":"Oddly Smooth Stone"},{"floor":26.0,"key":"Potion Belt"},{"floor":28.0,"key":"Ornamental Fan"},{"floor":32.0,"key":"Omamori"},{"floor":41.0,"key":"Sundial"},{"floor":43.0,"key":"Paper Frog"}],"event_choices":[{"damage_healed":0.0,"max_hp_gain":0.0,"max_hp_loss":0.0,"gold_gain":0.0,"event_name":"Living Wall","player_choice":"Grow","floor":5.0,"gold_loss":0.0,"damage_taken":0.0,"cards_upgraded":["Blood for Blood"]},{"damage_healed":0.0,"max_hp_gain":0.0,"max_hp_loss":6.0,"gold_gain":0.0,"event_name":"Golden Idol","player_choice":"Lose Max HP","floor":11.0,"gold_loss":0.0,"damage_taken":0.0,"relics_obtained":["Golden Idol"]},{"damage_healed":0.0,"max_hp_gain":0.0,"max_hp_loss":0.0,"gold_gain":75.0,"event_name":"World of Goop","player_choice":"Gather Gold","floor":12.0,"gold_loss":0.0,"damage_taken":11.0},{"damage_healed":24.0,"max_hp_gain":0.0,"max_hp_loss":0.0,"gold_gain":0.0,"event_name":"The Library","player_choice":"Heal","floor":20.0,"gold_loss":0.0,"damage_taken":0.0},{"damage_healed":0.0,"max_hp_gain":0.0,"max_hp_loss":0.0,"gold_gain":0.0,"event_name":"WeMeetAgain","player_choice":"Gave Potion","floor":36.0,"gold_loss":0.0,"damage_taken":0.0,"relics_obtained":["Anchor"]},{"damage_healed":0.0,"max_hp_gain":0.0,"max_hp_loss":0.0,"gold_gain":333.0,"event_name":"The Moai Head","player_choice":"Gave Idol","floor":39.0,"relics_lost":["Golden Idol"],"gold_loss":0.0,"damage_taken":0.0}],"is_beta":false,"boss_relics":[{"not_picked":["Astrolabe","Calling Bell"],"picked":"Velvet Choker"},{"not_picked":["SacredBark","Busted Crown"],"picked":"SlaversCollar"}],"items_purged_floors":[2,19,31,44],"is_endless":false,"potions_floor_spawned":[1,4,10,16,21,28,30,33,35,37,40,42],"ascension_level":5}}