{"host":"1kq2ingo3j45gyyp","time":1609881295,"event":{"mods":["BaseMod","Better Note","Better Third Choice","Downfall","Minty Spire (QoL Compilation)","StSLib"],"gold_per_floor":[99,119,134,134,119,150,150,75,33,49,49,68,68,95,105,105,105,105],"floor_reached":16,"playtime":1204,"items_purged":[],"score":135,"play_id":"c019ea88-bc0c-4d57-9cd0-b9f109831d2f","local_time":"20210105161455","is_ascension_mode":false,"campfire_choices":[{"data":"Slimebound:Split","floor":1,"key":"SMITH"},{"floor":8,"key":"RECALL"},{"data":"Slimebound:SplitMire","floor":13,"key":"SMITH"}],"circlet_count":0,"master_deck":["Slimebound:Strike_Slimebound","Slimebound:Strike_Slimebound","Slimebound:Strike_Slimebound","Slimebound:Tackle","Slimebound:Defend_Slimebound","Slimebound:Defend_Slimebound","Slimebound:Defend_Slimebound","Slimebound:Defend_Slimebound","Slimebound:Split+1","Slimebound:CorrosiveSpit","Slimebound:SplitMire+1","Slimebound:PressTheAttack","Slimebound:DisruptingSlam","Slimebound:Repurpose","Slimebound:RejuvenatingLick","Slimebound:SplitMire","Slimebound:PressTheAttack","Slimebound:PressTheAttack","Slimebound:LeechEnergy"],"relics":["Slimebound:AbsorbEndCombat","CaptainsWheel","MealTicket","downfall:HeartBlessingBlue","StrikeDummy"],"acts_visited":["Exordium"],"potions_floor_usage":[16],"damage_taken":[{"damage":12,"enemies":"2 Louse","floor":2,"turns":3},{"damage":13,"enemies":"Jaw Worm","floor":3,"turns":2},{"damage":18,"enemies":"downfall:FleeingMerchant","floor":5,"turns":4},{"damage":29,"enemies":"Gremlin Nob","floor":6,"turns":4},{"damage":22,"enemies":"downfall:FleeingMerchant","floor":9,"turns":4},{"damage":16,"enemies":"Small Slimes","floor":10,"turns":3},{"damage":20,"enemies":"Blue Slaver","floor":12,"turns":3},{"damage":16,"enemies":"Lagavulin","floor":14,"turns":4},{"damage":18,"enemies":"3 Louse","floor":15,"turns":2},{"damage":89,"enemies":"downfall:Defect","floor":16,"turns":6}],"seed_played":"2798286181215213544","potions_obtained":[{"floor":2,"key":"Explosive Potion"},{"floor":6,"key":"LiquidMemories"},{"floor":10,"key":"SpeedPotion"},{"floor":15,"key":"SkillPotion"}],"is_trial":false,"path_per_floor":["R","M","M","?","$","E","T","R","$","M","?","M","R","E","M","B"],"character_chosen":"SLIMEBOUND","items_purchased":["Slimebound:PressTheAttack"],"campfire_rested":0,"item_purchase_floors":[9],"current_hp_per_floor":[60,60,53,46,50,43,43,53,70,70,70,64,64,70,68,0,0,0],"gold":105,"neow_bonus":"THREE_CARDS","is_daily":false,"chose_seed":false,"campfire_upgraded":2,"win_rate":0.0,"timestamp":1609881295,"path_taken":["R","M","M","?","$","E","T","R","$","M","?","M","R","E","M","BOSS"],"items_purchased_type":["Card"],"build_version":"2020-12-22","purchased_purges":0,"victory":false,"max_hp_per_floor":[60,60,60,60,60,60,60,70,70,70,70,70,70,70,70,70,70,70],"card_choices":[{"not_picked":["Slimebound:SlimeSpikes","Slimebound:SplitLeeching"],"picked":"Slimebound:SplitMire","floor":0},{"not_picked":["Slimebound:Prepare","Slimebound:SplitMire"],"picked":"Slimebound:PressTheAttack","floor":2},{"not_picked":["Slimebound:FirmFortitude","Slimebound:ComboTackle"],"picked":"Slimebound:DisruptingSlam","floor":3},{"not_picked":["Slimebound:ForwardTackle","Slimebound:Grow"],"picked":"Slimebound:Repurpose","floor":5},{"not_picked":["Slimebound:OozeBath","Slimebound:AcidTongue"],"picked":"Slimebound:RejuvenatingLick","floor":6},{"not_picked":["Slimebound:SlimeSpikes","Slimebound:TongueLash"],"picked":"Slimebound:SplitMire","floor":9},{"not_picked":["Slimebound:ItLooksTasty","Slimebound:ForwardTackle","Slimebound:GoopTackle"],"picked":"SKIP","floor":10},{"not_picked":["Slimebound:GoopSpray","Slimebound:RainOfGoop","Slimebound:Equalize"],"picked":"SKIP","floor":12},{"not_picked":["Slimebound:Chomp","Slimebound:Schlurp"],"picked":"Slimebound:PressTheAttack","floor":14},{"not_picked":["Slimebound:GoopSpray","Slimebound:ComboTackle"],"picked":"Slimebound:LeechEnergy","floor":15}],"player_experience":836919,"relics_obtained":[{"floor":6,"key":"MealTicket"},{"floor":14,"key":"StrikeDummy"}],"event_choices":[{"damage_healed":0,"gold_gain":0,"player_choice":"Success","damage_taken":7,"relics_obtained":["CaptainsWheel"],"max_hp_gain":0,"max_hp_loss":0,"event_name":"Scrap Ooze","floor":4,"gold_loss":0}],"is_beta":false,"boss_relics":[],"items_purged_floors":[],"is_endless":false,"potions_floor_spawned":[2,6,10,12,15],"killed_by":"downfall:Defect","ascension_level":0}}