{"host":"xu0zbcebhy6w9mdv","time":1609886567,"event":{"mods":["AchievementEnabler","Act Like it!","Aspiration","BaseMod","Better Match","Better Third Choice","BetterRewards","Colored Powertips","Downfall","Duelist Mod","Friendly Minions","Gensokyo","Hallownest","Hubris","Infinite Spire","Marisa????????","Minty Spire (QoL Compilation)","Potionbrewer","Quick Restart","READ ME - Guardian Mod","READ ME - Snecko Mod","Rare Cards Sparkle","Replay The Spire","Shop Mod","StSLib","The Animator","The Blackbeard","The Bug Knight","The Cursed","The Hierophant","The Necromancer","The Runesmith","The Servant 0.9.4"],"gold_per_floor":[109,120,130,142,142,142,175,188,188,222,222,183,183,183,183,288,288,303,107,126,126,126],"floor_reached":21,"playtime":6084,"items_purged":[],"score":289,"play_id":"88fa78f7-76cd-4a88-b7e4-af229e8e18e2","local_time":"20210105174247","is_ascension_mode":false,"campfire_choices":[{"data":"Noxious Fumes","floor":6.0,"key":"SMITH"},{"floor":13,"key":"REST"},{"floor":15,"key":"REST"}],"circlet_count":0,"master_deck":["Strike_G","Strike_G","Strike_G","Strike_G","Strike_G","Defend_G","Defend_G","Defend_G","Defend_G","Defend_G","Survivor","Neutralize","Noxious Fumes+1","Sucker Punch","Endless Agony","Deadly Poison","PiercingWail","Crippling Poison","Noxious Fumes","ReplayTheSpireMod:Necrosis","Deflect","Deadly Poison","Poisoned Stab"],"relics":["Ring of the Snake","MerchantsRug","infinitespire:WardingShard","Replay:Wax Seal","hubris:ToyBattleship","Toy Ornithopter","hubris:Backtick","infinitespire:Freezer","MealTicket"],"acts_visited":["Exordium","TheCity"],"potions_floor_usage":[16,16,16],"damage_taken":[{"damage":5.0,"enemies":"Cultist","floor":1.0,"turns":5.0},{"damage":1.0,"enemies":"Jaw Worm","floor":2.0,"turns":4.0},{"damage":0.0,"enemies":"Small Slimes","floor":3.0,"turns":3.0},{"damage":1.0,"enemies":"Blue Slaver","floor":4.0,"turns":3.0},{"damage":5.0,"enemies":"Replay:BlueRogue","floor":7.0,"turns":6.0},{"damage":9.0,"enemies":"Large Slime","floor":8.0,"turns":5.0},{"damage":42,"enemies":"Gremlin Nob","floor":10,"turns":5},{"damage":38,"enemies":"Fading Forest","floor":16,"turns":11},{"damage":15,"enemies":"Shell Parasite","floor":18,"turns":6},{"damage":18,"enemies":"Spheric Guardian","floor":20,"turns":5},{"damage":52,"enemies":"Masked Bandits","floor":21,"turns":3}],"seed_played":"-8555394983998085609","potions_obtained":[{"floor":7.0,"key":"sneckomod:MuddlingPotion"},{"floor":8.0,"key":"Reflective Coating"},{"floor":10,"key":"champ:CounterPotion"}],"is_trial":false,"path_per_floor":["M","M","M","M","?","R","E","M","T","E","?","$","R","$","R","B",null,"M","$","M","?"],"character_chosen":"THE_SILENT","items_purchased":["Noxious Fumes","Sucker Punch","MerchantsRug","Noxious Fumes","MealTicket","Deadly Poison"],"campfire_rested":2,"item_purchase_floors":[0,0,0,12,19,19],"current_hp_per_floor":[65,64,64,63,60,60,55,46,46,4,4,4,25,25,46,33,70,55,55,37,0,0],"gold":126,"neow_bonus":"","is_daily":false,"chose_seed":false,"campfire_upgraded":1,"win_rate":0.0,"timestamp":1609886567,"path_taken":["M","?","?","?","?","R","E","M","T","E","?","$","R","?","R","BOSS","M","$","M","?"],"items_purchased_type":["Card","Card","Relic","Card","Relic","Card"],"build_version":"2020-12-22","purchased_purges":0,"victory":false,"max_hp_per_floor":[70,70,70,70,70,70,70,70,70,70,70,70,70,70,70,70,70,70,70,70,70,70],"card_choices":[{"not_picked":["Outmaneuver","Well Laid Plans"],"picked":"Endless Agony","floor":1.0},{"not_picked":["Hidden Blade","hubris:Sniper","Underhanded Strike"],"picked":"SKIP","floor":2.0},{"not_picked":["Skewer","Dagger Throw","hubris:TrickCloak"],"picked":"SKIP","floor":3.0},{"not_picked":["Expertise","Burst"],"picked":"Deadly Poison","floor":4.0},{"not_picked":["Flying Knee","Predator","ReplayTheSpireMod:Speed Training"],"picked":"SKIP","floor":7.0},{"not_picked":["ReplayTheSpireMod:Shiv Toss","Underhanded Strike"],"picked":"PiercingWail","floor":8.0},{"not_picked":["ReplayTheSpireMod:Shiv Toss","Replay:Poison Smokescreen"],"picked":"Crippling Poison","floor":10},{"not_picked":["Phantasmal Killer","Malaise"],"picked":"ReplayTheSpireMod:Necrosis","floor":16},{"not_picked":["Flying Knee","ReplayTheSpireMod:Exploit Weakness"],"picked":"Deflect","floor":18},{"not_picked":["Deadly Poison","Underhanded Strike"],"picked":"Poisoned Stab","floor":20}],"player_experience":563053,"relics_obtained":[{"floor":7.0,"key":"Replay:Wax Seal"},{"floor":9.0,"key":"hubris:ToyBattleship"},{"floor":10,"key":"Toy Ornithopter"}],"event_choices":[{"damage_healed":0.0,"max_hp_gain":0.0,"max_hp_loss":0.0,"gold_gain":0.0,"event_name":"betterThird:BetterScrap","player_choice":"Relic ","floor":5.0,"gold_loss":0.0,"damage_taken":3.0,"cards_obtained":["ReplayTheSpireMod:System Scan"]},{"damage_healed":0,"gold_gain":0,"player_choice":"Searched \u00270\u0027 times","damage_taken":0,"max_hp_gain":0,"max_hp_loss":0,"event_name":"Dead Adventurer","floor":11,"gold_loss":0},{"damage_healed":0,"gold_gain":0,"player_choice":"Fought Bandits","damage_taken":0,"max_hp_gain":0,"max_hp_loss":0,"event_name":"Masked Bandits","floor":21,"gold_loss":0}],"is_beta":false,"boss_relics":[{"not_picked":["Replay:Grab Bag","SacredBark"],"picked":"hubris:Backtick"}],"items_purged_floors":[],"is_endless":false,"potions_floor_spawned":[7,8,10],"killed_by":"Masked Bandits","ascension_level":0}}