{"host":"e8rlfedn69rz2s07","time":1609881713,"event":{"mods":["Act Like it!","BaseMod","Conspire","Hubris","Infinite Spire","Minty Spire (QoL Compilation)","Permanent Neow","Relic Stats","Replay The Spire","Shop Mod","StSLib","The Jungle"],"gold_per_floor":[114,130,130,140,140,140,170,170,244,244,269,34,50,50,50,123,123,139,414,433,433,449,449,449],"floor_reached":23,"playtime":1069,"items_purged":[],"score":338,"play_id":"48d312e4-aed2-4400-990b-d61ce83547c2","local_time":"20210105232153","is_ascension_mode":true,"campfire_choices":[{"data":"Perfected Strike","floor":6.0,"key":"SMITH"},{"data":"Perfected Strike","floor":8.0,"key":"SMITH"},{"data":"True Grit","floor":10.0,"key":"SMITH"},{"data":"hubris:ReadiedAction","floor":15,"key":"SMITH"}],"circlet_count":0,"master_deck":["AscendersBane","Strike_R","Strike_R","Strike_R","Strike_R","Strike_R","Defend_R","Defend_R","Defend_R","Defend_R","Bash+1","Twin Strike","True Grit+1","Perfected Strike+1","Perfected Strike+1","hubris:ReadiedAction+1","Metallicize","True Grit","Reaper","ReplayTheSpireMod:Strike From Hell","Regret","Shrug It Off","Flame Barrier"],"relics":["Burning Blood","hubris:OldNail","Pondfish Scales","King of Hearts","Sozu"],"acts_visited":["Exordium","Exordium"],"potions_floor_usage":[16,18],"damage_taken":[{"damage":0.0,"enemies":"conspire:RoseBush","floor":1.0,"turns":7.0},{"damage":7.0,"enemies":"Small Slimes","floor":2.0,"turns":4.0},{"damage":1.0,"enemies":"Jaw Worm","floor":4.0,"turns":6.0},{"damage":8.0,"enemies":"Gremlin Nob","floor":7.0,"turns":3.0},{"damage":21.0,"enemies":"3 Sentries","floor":11.0,"turns":7.0},{"damage":9,"enemies":"Exordium Wildlife","floor":13,"turns":5},{"damage":63,"enemies":"Fading Forest","floor":16,"turns":11},{"damage":29,"enemies":"theJungle:Flameango_and_Byrd","floor":18,"turns":10},{"damage":17,"enemies":"theJungle:GiantWrat","floor":20,"turns":5},{"damage":38,"enemies":"theJungle:2_Flameangoes","floor":22,"turns":10},{"damage":81,"enemies":"theJungle:MamaSnecko","floor":23,"turns":6}],"seed_played":"8626945544709130119","potions_obtained":[{"floor":1.0,"key":"Weak Potion"},{"floor":2.0,"key":"Adrenaline Potion"},{"floor":16,"key":"Regen Potion"}],"is_trial":false,"path_per_floor":["M","M","?","M","?","R","E","R","T","R","E","$","M","$","R","B",null,"M","?","M","?","M","E"],"character_chosen":"IRONCLAD","items_purchased":["King of Hearts","hubris:ReadiedAction","Metallicize"],"campfire_rested":0,"item_purchase_floors":[12,12,12],"current_hp_per_floor":[74,73,78,80,80,80,78,78,78,78,63,63,65,65,65,8,62,58,58,47,90,62,0,0],"gold":449,"neow_bonus":"UPGRADE_CARD","is_daily":false,"chose_seed":false,"campfire_upgraded":4,"win_rate":0.0,"timestamp":1609881713,"path_taken":["M","M","?","M","?","R","E","R","T","R","E","$","M","?","R","BOSS","M","?","?","?","?","E"],"items_purchased_type":["Relic","Card","Card"],"build_version":"2020-12-22","purchased_purges":0,"victory":false,"max_hp_per_floor":[75,75,80,80,80,80,80,80,80,80,80,80,80,80,80,80,80,80,80,80,90,90,90,90],"relic_stats":{"Sozu":2,"counters":[11,74],"obtain_stats":[{"Sozu":17,"Pondfish Scales":11,"King of Hearts":12,"Burning Blood":0,"hubris:OldNail":7},{"Sozu":7,"Pondfish Scales":5,"King of Hearts":5,"Burning Blood":0,"hubris:OldNail":4},{"Sozu":43,"Pondfish Scales":27,"King of Hearts":27,"Burning Blood":0,"hubris:OldNail":20}],"Burning Blood":57},"card_choices":[{"not_picked":["Heavy Blade","Dark Embrace"],"picked":"Twin Strike","floor":1.0},{"not_picked":["Clothesline","Battle Trance"],"picked":"True Grit","floor":2.0},{"not_picked":["Shrug It Off","ReplayTheSpireMod:Strike From Hell"],"picked":"Perfected Strike","floor":4.0},{"not_picked":["Cleave","Replay:Undeath\u0027s Touch"],"picked":"Perfected Strike","floor":7.0},{"not_picked":["Run Through","Infernal Blade"],"picked":"Hemogenesis","floor":11.0},{"not_picked":["Thunderclap","Havoc"],"picked":"True Grit","floor":13},{"not_picked":["Limit Break","Brutality"],"picked":"Reaper","floor":16},{"not_picked":["Run Through+1","Armaments"],"picked":"ReplayTheSpireMod:Strike From Hell","floor":18},{"not_picked":["Thunderclap","Clothesline"],"picked":"Shrug It Off","floor":20},{"not_picked":["Clothesline","hubris:ReadiedAction"],"picked":"Flame Barrier","floor":22}],"player_experience":949184,"relics_obtained":[{"floor":7.0,"key":"hubris:OldNail"},{"floor":11.0,"key":"Pondfish Scales"}],"event_choices":[{"damage_healed":0.0,"max_hp_gain":5.0,"max_hp_loss":0.0,"gold_gain":0.0,"event_name":"Big Fish","player_choice":"Donut","floor":3.0,"gold_loss":0.0,"damage_taken":0.0},{"damage_healed":0,"gold_gain":275,"player_choice":"Desecrate","damage_taken":0,"max_hp_gain":0,"max_hp_loss":0,"event_name":"Golden Shrine","floor":19,"gold_loss":0,"cards_obtained":["Regret"]},{"cards_removed":["Hemogenesis"],"damage_healed":33,"gold_gain":0,"player_choice":"Offered Rare","damage_taken":0,"max_hp_gain":10,"max_hp_loss":0,"event_name":"Bonfire Elementals","floor":21,"gold_loss":0}],"is_beta":false,"boss_relics":[{"not_picked":["conspire:RunicOctahedron","Runic Cube"],"picked":"Sozu"}],"items_purged_floors":[],"is_endless":false,"potions_floor_spawned":[1,2,16,20,22],"killed_by":"theJungle:MamaSnecko","ascension_level":14}}