{"host":"474oh00kq6ni8dn3","time":1609859597,"event":{"mods":["AchievementEnabler","Aspiration","BaseMod","Bestiary","Colored Map","Colored Powertips","Conspire","Custom Start","Defuse TimeMaze Blight","Downfall","Duelist Mod","GifTheSpireLib","Googly Eyes","GungeonMod","Halation","Hubris","Infinite Spire","Jedi Mod","Minty Spire (QoL Compilation)","Permanent Neow","Quick Restart","Random Character Button","Replay The Spire","Shop Mod","StSLib","Stuff the Spire","The Construct","The Factory","The Jungle","Trackpad","Unceasing Turn Reminder","vexMod"],"gold_per_floor":[142,142,142,160,284,284,284],"floor_reached":6,"playtime":1057,"items_purged":[],"score":39,"play_id":"9fe0412f-6333-4555-ad3f-bbd89600fc17","local_time":"20210105151317","is_ascension_mode":true,"campfire_choices":[],"circlet_count":0,"master_deck":["theDuelist:CastleWalls","theDuelist:CastleWalls","theDuelist:DarkMagician","theDuelist:MysticalElf","theDuelist:MysticalElf","theDuelist:NeoMagic","theDuelist:NeoMagic","theDuelist:Sparks","theDuelist:LegendaryExodia"],"relics":["theDuelist:MillenniumPuzzle","MerchantsRug","trackpad:ByrdBGone"],"acts_visited":["Exordium"],"potions_floor_usage":[],"damage_taken":[{"damage":0,"enemies":"Cultist","floor":1,"turns":3},{"damage":0,"enemies":"Small Slimes","floor":4,"turns":3},{"damage":1,"enemies":"Lagavulin","floor":6,"turns":6}],"seed_played":"578256435493881719","potions_obtained":[{"floor":1,"key":"Swift Potion"}],"is_trial":false,"path_per_floor":["M","T","?","M","$","E"],"character_chosen":"THE_DUELIST","items_purchased":["MerchantsRug","trackpad:ByrdBGone"],"campfire_rested":0,"item_purchase_floors":[5,5],"current_hp_per_floor":[56,56,56,56,56,55,55],"gold":284,"neow_bonus":"REMOVE_TWO","is_daily":false,"chose_seed":false,"campfire_upgraded":0,"win_rate":0.0,"timestamp":1609859597,"path_taken":["M","?","?","?","$","E"],"items_purchased_type":["Relic","Relic"],"build_version":"2020-12-22","purchased_purges":0,"victory":false,"max_hp_per_floor":[80,80,80,80,80,80,80],"card_choices":[{"not_picked":["theDuelist:FireOrbCard","theDuelist:HellfireOrbCard","theDuelist:WaterOrbCard","theDuelist:MistOrbCard","theDuelist:PlasmaOrbCard"],"picked":"SKIP","floor":1},{"not_picked":["theDuelist:ApprenticeIllusionMagician","theDuelist:MindAir","theDuelist:TimeWizard","theDuelist:SpiritHarp"],"picked":"theDuelist:LegendaryExodia","floor":4}],"player_experience":81133,"relics_obtained":[],"event_choices":[],"is_beta":false,"boss_relics":[],"items_purged_floors":[],"is_endless":false,"potions_floor_spawned":[1],"killed_by":"Lagavulin","ascension_level":3}}