{"host":"armnliea5o2aqs4b","time":1609822101,"event":{"mods":["BaseMod","Hubris","Infinite Spire","Minty Spire (QoL Compilation)","Quick Restart","StSLib"],"gold_per_floor":[110,110,110,35,51,51,79,79,79,79,114,114,114,38,38,142,142,162,162,162,188,110,110,110,110],"floor_reached":24,"playtime":659,"items_purged":["Regret"],"score":232,"play_id":"2c5fa60c-5340-4af9-822a-3d0627cd4dd2","local_time":"20210105154821","is_ascension_mode":true,"campfire_choices":[{"floor":6,"key":"RECALL"},{"data":"Night Terror","floor":8,"key":"SMITH"},{"data":"Cloak And Dagger","floor":10,"key":"SMITH"},{"floor":15,"key":"REST"},{"data":"Corpse Explosion","floor":23,"key":"SMITH"}],"circlet_count":0,"master_deck":["Strike_G","Strike_G+1","Strike_G","Strike_G","Strike_G","Defend_G","Defend_G","Defend_G","Defend_G","Defend_G","Survivor+1","Neutralize","Cloak And Dagger+1","Night Terror+1","Distraction","Infinite Blades","Cloak And Dagger","Corpse Explosion+1","Deadly Poison","Noxious Fumes"],"relics":["Ring of the Snake","NeowsBlessing","Nunchaku","infinitespire:PuzzleCube","infinitespire:Lucky Rock","Dream Catcher","hubris:RunicObelisk","hubris:BottledHeart","Toy Ornithopter"],"acts_visited":["Exordium","TheCity"],"potions_floor_usage":[16,16],"damage_taken":[{"damage":0,"enemies":"Cultist","floor":1,"turns":1},{"damage":0,"enemies":"2 Louse","floor":5,"turns":1},{"damage":0,"enemies":"Gremlin Nob","floor":7,"turns":1},{"damage":35,"enemies":"3 Sentries","floor":11,"turns":11},{"damage":40,"enemies":"Hexaghost","floor":16,"turns":16},{"damage":7,"enemies":"Shell Parasite","floor":18,"turns":9},{"damage":10,"enemies":"Slavers","floor":24,"turns":3}],"seed_played":"5317279676589294598","potions_obtained":[{"floor":1,"key":"EssenceOfSteel"},{"floor":11,"key":"DistilledChaos"}],"is_trial":false,"path_per_floor":["M","?","?","$","M","R","E","R","T","R","E","?","?","$","R","B",null,"M","AVR","?","T","$","R","E"],"character_chosen":"THE_SILENT","items_purchased":["Infinite Blades","Noxious Fumes"],"campfire_rested":1,"item_purchase_floors":[14,22],"current_hp_per_floor":[70,70,70,70,70,70,70,70,70,70,35,21,21,21,42,2,70,63,63,1,1,1,1,0,0],"gold":110,"neow_bonus":"THREE_ENEMY_KILL","is_daily":false,"chose_seed":false,"campfire_upgraded":3,"win_rate":0.0,"timestamp":1609822101,"path_taken":["M","?","?","$","M","R","E","R","T","R","E","?","?","?","R","BOSS","M","AVR","?","?","?","R","E"],"items_purchased_type":["Card","Card"],"build_version":"2020-12-22","purchased_purges":1,"victory":false,"max_hp_per_floor":[70,70,70,70,70,70,70,70,70,70,70,70,70,70,70,70,70,70,70,1,1,1,1,1,1],"card_choices":[{"not_picked":["Backflip","Outmaneuver"],"picked":"Cloak And Dagger","floor":1},{"not_picked":["Backstab","Bouncing Flask"],"picked":"Night Terror","floor":5},{"not_picked":["Outmaneuver","Masterful Stab","Backstab"],"picked":"SKIP","floor":7},{"not_picked":["Masterful Stab","Expertise"],"picked":"Distraction","floor":11},{"not_picked":["Distraction","PiercingWail"],"picked":"Cloak And Dagger","floor":15},{"not_picked":["Night Terror","Malaise"],"picked":"Corpse Explosion","floor":16},{"not_picked":["Outmaneuver","Prepared"],"picked":"Deadly Poison","floor":18}],"player_experience":184056,"relics_obtained":[{"floor":3,"key":"infinitespire:PuzzleCube"},{"floor":7,"key":"infinitespire:Lucky Rock"},{"floor":11,"key":"Dream Catcher"},{"floor":21,"key":"Toy Ornithopter"}],"event_choices":[{"damage_healed":0,"gold_gain":0,"player_choice":"Box","damage_taken":0,"relics_obtained":["Nunchaku"],"max_hp_gain":0,"max_hp_loss":0,"event_name":"Big Fish","floor":2,"gold_loss":0,"cards_obtained":["Regret"]},{"damage_healed":0,"gold_gain":0,"player_choice":"Entered Light","damage_taken":14,"max_hp_gain":0,"max_hp_loss":0,"event_name":"Shining Light","floor":12,"gold_loss":0,"cards_upgraded":["Strike_G","Survivor"]},{"damage_healed":0,"gold_gain":0,"player_choice":"Ignored","damage_taken":0,"max_hp_gain":0,"max_hp_loss":0,"event_name":"Golden Wing","floor":13,"gold_loss":0}],"is_beta":false,"boss_relics":[{"not_picked":["Cursed Key","Busted Crown"],"picked":"hubris:RunicObelisk"}],"items_purged_floors":[4],"is_endless":false,"potions_floor_spawned":[1,11],"killed_by":"Slavers","ascension_level":1}}