{"host":"egyxg9lnjq7g2hmw","time":1609890566,"event":{"mods":["AchievementEnabler","BaseMod","Block Reminder","Colored Map","Colored Powertips","Highlight Path","Minty Spire (QoL Compilation)","Rare Cards Sparkle","StSLib"],"gold_per_floor":[118,131,131,131,145,179,28,40,40,70,80,111,111,131,131,236,236,249,249,263,10,10,10],"floor_reached":22,"playtime":1719,"items_purged":["Strike_R","Strike_R"],"score":288,"play_id":"085b151e-36de-4e4f-bdc2-adebd4b0816a","local_time":"20210105154926","is_ascension_mode":true,"campfire_choices":[{"data":"Body Slam","floor":15.0,"key":"SMITH"}],"circlet_count":0,"master_deck":["Strike_R","Strike_R","Strike_R","Defend_R","Defend_R","Defend_R","Defend_R","Bash+1","Cleave","True Grit","Flame Barrier","Body Slam+1","Sentinel","Thunderclap","Exhume","Battle Trance","Shockwave+1","Berserk","RitualDagger"],"relics":["Burning Blood","HornCleat","InkBottle","Pantograph","Regal Pillow","Toxic Egg 2","Ornamental Fan","Mark of Pain","Art of War"],"acts_visited":["Exordium","TheCity"],"potions_floor_usage":[20,22],"damage_taken":[{"damage":8.0,"enemies":"Jaw Worm","floor":1.0,"turns":4.0},{"damage":1.0,"enemies":"Cultist","floor":2.0,"turns":3.0},{"damage":3.0,"enemies":"2 Louse","floor":5.0,"turns":2.0},{"damage":23.0,"enemies":"3 Sentries","floor":6.0,"turns":10.0},{"damage":1.0,"enemies":"Blue Slaver","floor":8.0,"turns":4.0},{"damage":45.0,"enemies":"Lagavulin","floor":10.0,"turns":7.0},{"damage":13.0,"enemies":"Large Slime","floor":11.0,"turns":8.0},{"damage":2.0,"enemies":"Gremlin Nob","floor":12.0,"turns":3.0},{"damage":6.0,"enemies":"Looter","floor":14.0,"turns":3.0},{"damage":31.0,"enemies":"The Guardian","floor":16.0,"turns":15.0},{"damage":46.0,"enemies":"Spheric Guardian","floor":18.0,"turns":8.0},{"damage":15,"enemies":"Shell Parasite","floor":20,"turns":6},{"damage":31,"enemies":"Snake Plant","floor":22,"turns":4}],"seed_played":"4917548184077271601","potions_obtained":[{"floor":2.0,"key":"SpeedPotion"},{"floor":5.0,"key":"DistilledChaos"},{"floor":11.0,"key":"Swift Potion"},{"floor":14.0,"key":"Regen Potion"},{"floor":16.0,"key":"BloodPotion"},{"floor":18.0,"key":"Strength Potion"}],"is_trial":false,"path_per_floor":["M","M","?","?","M","E","$","M","T","E","M","E","?","M","R","B",null,"M","?","M","$","M"],"character_chosen":"IRONCLAD","items_purchased":["Sentinel","Art of War"],"campfire_rested":0,"item_purchase_floors":[7,21],"current_hp_per_floor":[70,75,75,75,78,61,61,66,66,27,20,24,21,21,21,21,65,41,35,26,26,0,0],"gold":10,"neow_bonus":"UPGRADE_CARD","is_daily":false,"chose_seed":false,"campfire_upgraded":1,"win_rate":0.0,"timestamp":1609890566,"path_taken":["M","M","?","?","?","E","$","M","T","E","M","E","?","M","R","BOSS","M","?","M","$","M"],"items_purchased_type":["Card","Relic"],"build_version":"2020-12-22","purchased_purges":2,"victory":false,"max_hp_per_floor":[80,80,80,80,80,80,80,80,80,80,80,80,80,80,80,80,80,80,80,80,80,80,80],"card_choices":[{"not_picked":["Havoc","Clash"],"picked":"Cleave","floor":1.0},{"not_picked":["Warcry","Twin Strike"],"picked":"True Grit","floor":2.0},{"not_picked":["Heavy Blade","Warcry"],"picked":"Flame Barrier","floor":5.0},{"not_picked":["Disarm","Flame Barrier"],"picked":"Body Slam","floor":6.0},{"not_picked":["Spot Weakness","Hemokinesis"],"picked":"Thunderclap","floor":8.0},{"not_picked":["Battle Trance","Sentinel"],"picked":"Exhume","floor":10.0},{"not_picked":["Warcry","Pummel"],"picked":"Battle Trance","floor":11.0},{"not_picked":["Flex+1","Body Slam","Twin Strike"],"picked":"SKIP","floor":12.0},{"not_picked":["Shrug It Off+1","Sword Boomerang"],"picked":"Shockwave+1","floor":14.0},{"not_picked":["Corruption","Barricade"],"picked":"Berserk","floor":16.0},{"not_picked":["Cleave","Warcry+1","Rupture"],"picked":"SKIP","floor":18.0},{"not_picked":["Body Slam","Thunderclap","Headbutt"],"picked":"SKIP","floor":20}],"player_experience":581880,"relics_obtained":[{"floor":6.0,"key":"InkBottle"},{"floor":9.0,"key":"Pantograph"},{"floor":10.0,"key":"Regal Pillow"},{"floor":12.0,"key":"Toxic Egg 2"}],"event_choices":[{"damage_healed":0.0,"max_hp_gain":0.0,"max_hp_loss":0.0,"gold_gain":0.0,"event_name":"Big Fish","player_choice":"Box","floor":3.0,"gold_loss":0.0,"damage_taken":0.0,"relics_obtained":["HornCleat"],"cards_obtained":["Regret"]},{"cards_removed":["Regret"],"damage_healed":0.0,"max_hp_gain":0.0,"max_hp_loss":0.0,"gold_gain":0.0,"event_name":"Fountain of Cleansing","player_choice":"Removed Curses","floor":4.0,"gold_loss":0.0,"damage_taken":0.0},{"damage_healed":0.0,"max_hp_gain":0.0,"max_hp_loss":0.0,"gold_gain":0.0,"event_name":"Scrap Ooze","player_choice":"Success","floor":13.0,"gold_loss":0.0,"damage_taken":3.0,"relics_obtained":["Ornamental Fan"]},{"damage_healed":0.0,"max_hp_gain":0.0,"max_hp_loss":0.0,"gold_gain":0.0,"event_name":"Nest","player_choice":"Joined the Cult","floor":19.0,"gold_loss":0.0,"damage_taken":6.0,"cards_obtained":["RitualDagger"]}],"is_beta":false,"boss_relics":[{"not_picked":["Calling Bell","Empty Cage"],"picked":"Mark of Pain"}],"items_purged_floors":[7,21],"is_endless":false,"potions_floor_spawned":[2,5,11,14,16,18],"killed_by":"Snake Plant","ascension_level":8}}