{"host":"69bph6yxyxosrorh","time":1609858921,"event":{"mods":["ATMod(°¢èªMod)","Act Like it!","Arknights The Spire","BaseMod","Gensokyo","Minty Spire (QoL Compilation)","MostiFishMod","Permanent Neow","Quick Restart","Spicy Shops","StSLib","Yakumo Yukari mod","¡¾ÒÅÎï¿¨ÅÆ¡¿REMEMod"],"gold_per_floor":[114,214,214,85,98,131,131,158,184,184,195,95,95,109,109,210,210,224,237,487,506,524,549,348,364,364,364,139,157,174,189,189,293,293,309,309,325,325,335,335,353,365,365,397,85,85,85,104,104,104],"floor_reached":51,"playtime":1756,"items_purged":["ats:Strike S","Clumsy","ats:Strike V","ats:Armor Crushing Shot"],"score":1232,"play_id":"b4c5c047-213d-46d5-b639-fcc4df4c59bd","local_time":"20210105230201","is_ascension_mode":true,"campfire_choices":[{"data":"MostiFishMod:FlyOverUtopia","floor":7,"key":"SMITH"},{"data":"ats:Sunburst","floor":15,"key":"SMITH"},{"data":"ats:Volcano","floor":27,"key":"SMITH"},{"data":"ats:Ignite","floor":32,"key":"SMITH"},{"data":"ats:Guardian Obelisk","floor":40,"key":"SMITH"},{"data":"ats:Soul Absorption","floor":46,"key":"SMITH"},{"data":"ats:Flame Of Heaven","floor":49,"key":"SMITH"}],"circlet_count":0,"master_deck":["ats:Strike C","ats:Defend","ats:Defend","ats:Defend","ats:Defend","ats:Emotion Absorption+1","AT_FamilyPortrait","MostiFishMod:FlyOverUtopia+1","ats:Guardian Obelisk+1","ats:Ignite+1","ats:Sunburst+1","ats:Flame Of Heaven+1","ats:Volcano+1","ats:Soul Absorption+1","ats:Very Hot Blade+1","Doubt"],"relics":["ats:Sanity","REME_ComplimentaryCards","DaveBox","AT_ATBox","Civilization","SynthV:TestCard","ats:Originium","Anchor","OriginationStaff","Regal Pillow","Gensokyo:NagashiBinaDoll","REME_HandOfSuture","ChiXiaoBlade","AT_ForceNature","Medical Kit","AT_RedNoBalance","Boot","Philosopher\u0027s Stone","ats:Industrial Water Cannon","AT_ChloranthyRing","ats:Arts","ClockworkSouvenir"],"acts_visited":["Exordium","Gensokyo:Gensokyo","Gensokyo:Gensokyoer"],"potions_floor_usage":[33],"damage_taken":[{"damage":4,"enemies":"Gensokyo:3_Fairies","floor":1,"turns":4},{"damage":0,"enemies":"Gensokyo:2_Kodama","floor":5,"turns":3},{"damage":4,"enemies":"Gensokyo:Mamizou","floor":6,"turns":5},{"damage":4,"enemies":"Gensokyo:Cirno","floor":8,"turns":11},{"damage":0,"enemies":"Gensokyo:Gryphon","floor":11,"turns":1},{"damage":0,"enemies":"Gensokyo:Python_and_Kodama","floor":14,"turns":2},{"damage":4,"enemies":"Gensokyo:Reimu","floor":16,"turns":2},{"damage":9,"enemies":"Gensokyo:3_Dogs","floor":18,"turns":3},{"damage":0,"enemies":"Gensokyo:AngelMirror","floor":19,"turns":1},{"damage":0,"enemies":"Gensokyo:Wraith","floor":21,"turns":2},{"damage":6,"enemies":"Gensokyo:Mirror_and_Dog","floor":22,"turns":3},{"damage":4,"enemies":"Gensokyo:Tenshi","floor":23,"turns":1},{"damage":0,"enemies":"Gensokyo:Monolith_and_Dog","floor":25,"turns":1},{"damage":0,"enemies":"Gensokyo:Wraith","floor":29,"turns":2},{"damage":0,"enemies":"Gensokyo:3_Gloops","floor":30,"turns":1},{"damage":0,"enemies":"Gensokyo:Chomper_and_Gloop","floor":31,"turns":2},{"damage":2,"enemies":"Gensokyo:Eternal_Rivals","floor":33,"turns":5},{"damage":0,"enemies":"Gensokyo:3_Boulders","floor":35,"turns":1},{"damage":0,"enemies":"Gensokyo:3_Bats","floor":37,"turns":1},{"damage":0,"enemies":"Gensokyo:SeedOfUnknown","floor":39,"turns":1},{"damage":0,"enemies":"Gensokyo:3_Boulders","floor":41,"turns":4},{"damage":0,"enemies":"Gensokyo:Rafflesia","floor":42,"turns":4},{"damage":0,"enemies":"Gensokyo:Kasen","floor":44,"turns":2},{"damage":5,"enemies":"Gensokyo:Sharpion","floor":48,"turns":2},{"damage":2,"enemies":"Gensokyo:Scarlet_Devils","floor":50,"turns":2}],"seed_played":"8589514055927117834","potions_obtained":[{"floor":1,"key":"FearPotion"},{"floor":14,"key":"Dexterity Potion"},{"floor":16,"key":"SteroidPotion"},{"floor":37,"key":"BlessingOfTheForge"}],"is_trial":false,"path_per_floor":["M","?","?","$","M","E","R","E","T","?","M","$","T","M","R","B",null,"M","M","?","M","M","E","$","M","T","R","$","M","M","M","R","B",null,"M","?","M","?","M","R","M","M","T","E","COS","R","$","M","R","B",null],"character_chosen":"DOCTOR_CLASS","items_purchased":["ats:Ignite","Medical Kit","Boot"],"campfire_rested":0,"item_purchase_floors":[4,24,28],"current_hp_per_floor":[74,74,74,74,82,87,87,102,102,102,122,122,122,144,144,163,179,196,223,219,247,271,298,298,331,331,331,331,204,241,280,280,319,492,536,536,583,583,631,631,682,734,734,789,789,789,789,840,840,902],"gold":104,"neow_bonus":"REMOVE_CARD","is_daily":false,"chose_seed":false,"campfire_upgraded":7,"win_rate":0.0,"timestamp":1609858921,"path_taken":["M","?","?","$","M","E","R","E","T","?","?","$","?","M","R","BOSS","M","M","?","M","M","E","$","M","T","R","$","M","M","M","R","BOSS","M","?","M","?","M","R","M","M","T","E","COS","R","?","?","R","BOSS"],"items_purchased_type":["Card","Relic","Relic"],"build_version":"2020-12-22","purchased_purges":4,"victory":true,"max_hp_per_floor":[78,78,78,78,86,95,95,114,114,114,134,134,134,156,156,179,179,205,232,219,247,277,308,308,341,341,341,341,375,412,451,451,492,492,536,536,583,583,631,631,682,734,734,789,789,789,789,845,845,902],"card_choices":[{"not_picked":["ats:Revitalization","ats:Childhood Dance"],"picked":"ats:Guardian Obelisk","floor":1},{"not_picked":["ats:Powerful Strike","ats:Cat Scratch","ats:Revitalization","ats:Red Shift","ats:Shadow Raid"],"picked":"SKIP","floor":5},{"not_picked":["ats:Explosion Area Strengthen","ats:Red Shift","ats:Leaping Hammer","ats:Hammer On","ats:Shell Defense"],"picked":"SKIP","floor":6},{"not_picked":["ats:Curse Doll","ats:Chain Hook","ats:Soul Absorption","ats:Shadow Assault"],"picked":"ats:Sunburst","floor":8},{"not_picked":["ats:Support Order","ats:Encircling Forest","ats:Shell Defense","ats:Leaping Hammer"],"picked":"ats:Flame Of Heaven","floor":11},{"not_picked":["ats:Explosion Area Strengthen","ats:Cat Scratch","ats:Leaping Hammer","ats:Rapid Magazine","ats:Support Order"],"picked":"SKIP","floor":14},{"not_picked":["ats:Calcification","ats:Durian","ats:Nebulous Foxfire","ats:Roar Of Ursus"],"picked":"ats:Volcano","floor":16},{"not_picked":["ats:Shell Defense","ats:Hammer On+1","ats:Ignite","ats:Healing Strengthening+1","ats:Guardian Obelisk+1"],"picked":"SKIP","floor":18},{"not_picked":["ats:Shell Defense","ats:Assault Order+1","ats:Healing Drone","ats:Flexible Camouflage+1","ats:Ignite"],"picked":"SKIP","floor":19},{"not_picked":["ats:Healing Drone+1","ats:Apocalypse","ats:Explosion Area Strengthen+1","ats:Encircling Forest+1","ats:Hammer On"],"picked":"SKIP","floor":21},{"not_picked":["ats:Ignite","ats:Powerful Strike+1","ats:Cat Scratch","ats:Apocalypse","ats:Directed Diagnosis"],"picked":"SKIP","floor":22},{"not_picked":["ats:Soul Rend","ats:Cat Scratch+1","ats:Leaping Hammer","ats:Demon Strength+1"],"picked":"ats:Soul Absorption","floor":23},{"not_picked":["ats:Hammer On","ats:Ignite","ats:Song Of Battle+1","ats:Leaping Hammer","ats:Echo Reverb"],"picked":"SKIP","floor":25},{"not_picked":["ats:Consecutive Shot Auto","ats:Explosion Area Strengthen","ats:Healing Strengthening","ats:Curse Doll","ats:Apocalypse+1"],"picked":"SKIP","floor":29},{"not_picked":["ats:Powerful Strike","ats:Part Time Job","ats:Leaping Hammer+1","ats:Dogmatic Field"],"picked":"ats:Very Hot Blade+1","floor":30},{"not_picked":["ats:Blood Oath","ats:Explosion Area Strengthen","ats:Leaping Hammer","ats:Hammer On","ats:Assault Order"],"picked":"SKIP","floor":31},{"not_picked":["ats:Childhood Dance+1","ats:Shell Defense","ats:Cat Scratch","ats:Poison Spread+1","ats:Demon Strength"],"picked":"SKIP","floor":35},{"not_picked":["ats:Cat Scratch+1","ats:Curse Doll","ats:Revitalization+1","ats:Shell Defense"],"picked":"ats:Chain Hook+1","floor":37},{"not_picked":["ats:Revitalization+1","ats:Leaping Hammer","ats:Assault Order","ats:Thermite Blade+1","ats:Encircling Forest+1"],"picked":"SKIP","floor":39},{"not_picked":["ats:Shell Defense","ats:Red Shift","ats:Leaping Hammer","ats:Flexible Camouflage","ats:Ignite+1"],"picked":"SKIP","floor":41},{"not_picked":["ats:Childhood Dance","ats:True Silver Slash","ats:Rapid Magazine+1","ats:Powerful Strike+1","ats:Flexible Camouflage+1"],"picked":"SKIP","floor":42},{"not_picked":["ats:Ignite","ats:Assault Order","ats:Flame Of Heaven+1","ats:Consecutive Shot Auto","ats:Explosion Area Strengthen"],"picked":"SKIP","floor":44},{"not_picked":["ats:Leaping Hammer+1","ats:Thorns","ats:Part Time Job","ats:Shadow Raid+1","ats:Powerful Strike+1"],"picked":"SKIP","floor":48}],"player_experience":34214,"relics_obtained":[{"floor":1,"key":"SynthV:TestCard"},{"floor":6,"key":"ats:Originium"},{"floor":6,"key":"Anchor"},{"floor":8,"key":"ats:Originium"},{"floor":8,"key":"OriginationStaff"},{"floor":9,"key":"Regal Pillow"},{"floor":13,"key":"REME_HandOfSuture"},{"floor":23,"key":"ats:Originium"},{"floor":23,"key":"AT_ForceNature"},{"floor":26,"key":"AT_SilverBalance"},{"floor":43,"key":"ats:Industrial Water Cannon"},{"floor":44,"key":"AT_ChloranthyRing"}],"event_choices":[],"is_beta":false,"boss_relics":[{"not_picked":["REME_ChargedStone","PatriotShield"],"picked":"ChiXiaoBlade"},{"not_picked":["GreenFoldingFan","Cursed Key"],"picked":"Philosopher\u0027s Stone"}],"items_purged_floors":[4,12,24,28],"is_endless":false,"potions_floor_spawned":[1,14,16,21,23,25,29,31,37,39,41,42],"ascension_level":1}}