{"host":"1eo5f82aifdzd7pr","time":1609886871,"event":{"mods":["AchievementEnabler","BaseMod","Colored Map","Colored Powertips","DeckTracker","Marisa????????","Minty Spire (QoL Compilation)","StSLib","SuperFastMode"],"gold_per_floor":[118,136,151,171,190,115,115,134,134,134,149,149,168,181,181,277,277,291,291,306,306,231,231,248,248,273,304,204,204,236,246,246,246,246],"floor_reached":33,"playtime":1941,"items_purged":["Defend_R","Strike_R"],"score":281,"play_id":"587a500a-1b42-4d4f-9701-500c3dc1ec3e","local_time":"20210106004751","is_ascension_mode":false,"campfire_choices":[{"data":"Armaments","floor":7,"key":"SMITH"},{"data":"Shrug It Off","floor":10,"key":"SMITH"},{"data":"Spot Weakness","floor":12,"key":"SMITH"},{"data":"Ghostly Armor","floor":15,"key":"SMITH"},{"data":"Searing Blow+1","floor":23,"key":"SMITH"},{"data":"Searing Blow+2","floor":29,"key":"SMITH"},{"data":"Searing Blow+3","floor":32,"key":"SMITH"}],"circlet_count":0,"master_deck":["Strike_R","Defend_R","Bash","Spot Weakness+1","Ghostly Armor+1","Armaments+1","Shrug It Off+1","Reaper","Searing Blow+4","Sever Soul+1","Disarm+1","Battle Trance+1","Armaments+1"],"relics":["Burning Blood","Darkstone Periapt","Astrolabe","Shuriken","Bag of Preparation","Gambling Chip","Meat on the Bone"],"acts_visited":["Exordium","TheCity"],"potions_floor_usage":[16,18,18,27,30,33],"damage_taken":[{"damage":3,"enemies":"Cultist","floor":1,"turns":5},{"damage":0,"enemies":"Small Slimes","floor":2,"turns":4},{"damage":6,"enemies":"Jaw Worm","floor":3,"turns":5},{"damage":11,"enemies":"Red Slaver","floor":4,"turns":6},{"damage":16,"enemies":"Gremlin Gang","floor":5,"turns":6},{"damage":19,"enemies":"3 Louse","floor":8,"turns":5},{"damage":7,"enemies":"Blue Slaver","floor":11,"turns":6},{"damage":0,"enemies":"2 Fungi Beasts","floor":13,"turns":4},{"damage":0,"enemies":"Large Slime","floor":14,"turns":5},{"damage":37,"enemies":"Hexaghost","floor":16,"turns":10},{"damage":18,"enemies":"2 Thieves","floor":18,"turns":4},{"damage":25,"enemies":"Spheric Guardian","floor":20,"turns":6},{"damage":0,"enemies":"Snecko","floor":24,"turns":5},{"damage":30,"enemies":"Book of Stabbing","floor":27,"turns":6},{"damage":57,"enemies":"Slavers","floor":30,"turns":5},{"damage":6,"enemies":"Centurion and Healer","floor":31,"turns":6},{"damage":85,"enemies":"Collector","floor":33,"turns":7}],"seed_played":"-610267335071511817","potions_obtained":[{"floor":2,"key":"Weak Potion"},{"floor":11,"key":"FearPotion"},{"floor":13,"key":"Explosive Potion"},{"floor":16,"key":"SkillPotion"},{"floor":24,"key":"ColorlessPotion"},{"floor":27,"key":"Strength Potion"}],"is_trial":false,"path_per_floor":["M","M","M","M","M","$","R","M","T","R","M","R","M","M","R","B",null,"M","?","M","?","?","R","M","?","T","E","$","R","E","M","R","B"],"character_chosen":"IRONCLAD","items_purchased":[],"campfire_rested":0,"item_purchase_floors":[],"current_hp_per_floor":[80,80,80,75,65,65,65,52,52,52,51,51,57,63,63,32,80,68,68,49,75,75,75,80,80,80,56,56,56,32,50,50,0,0],"gold":246,"neow_bonus":"REMOVE_CARD","is_daily":false,"chose_seed":false,"campfire_upgraded":7,"win_rate":0.0,"timestamp":1609886871,"path_taken":["M","M","M","?","M","$","R","M","T","R","M","R","M","M","R","BOSS","M","?","M","?","?","R","M","?","T","E","$","R","E","M","R","BOSS"],"items_purchased_type":[],"build_version":"2020-12-22","purchased_purges":2,"victory":false,"max_hp_per_floor":[80,80,80,80,80,80,80,80,80,80,80,80,80,80,80,80,80,80,80,80,80,80,80,80,80,80,80,80,80,80,80,80,80,80],"card_choices":[{"not_picked":["Warcry","Rampage","Body Slam"],"picked":"SKIP","floor":1},{"not_picked":["Thunderclap","Armaments"],"picked":"Spot Weakness","floor":2},{"not_picked":["Fiend Fire","Whirlwind"],"picked":"Ghostly Armor","floor":3},{"not_picked":["Thunderclap","True Grit"],"picked":"Armaments","floor":4},{"not_picked":["Bloodletting","Pommel Strike","Warcry"],"picked":"SKIP","floor":5},{"not_picked":["Body Slam","Thunderclap"],"picked":"Shrug It Off","floor":8},{"not_picked":["Sword Boomerang","Clothesline","Wild Strike"],"picked":"SKIP","floor":11},{"not_picked":["Evolve","Bloodletting","Burning Pact"],"picked":"SKIP","floor":13},{"not_picked":["Heavy Blade","Iron Wave","Twin Strike"],"picked":"SKIP","floor":14},{"not_picked":["Impervious","Double Tap"],"picked":"Reaper","floor":16},{"not_picked":["Body Slam","Sword Boomerang","Spot Weakness"],"picked":"SKIP","floor":18},{"not_picked":["Clothesline","Second Wind","Body Slam+1"],"picked":"SKIP","floor":20},{"not_picked":["Body Slam","Twin Strike","Inflame"],"picked":"SKIP","floor":24},{"not_picked":["Wild Strike+1","True Grit"],"picked":"Battle Trance+1","floor":27},{"not_picked":["Warcry","Impervious","Iron Wave"],"picked":"SKIP","floor":30},{"not_picked":["Perfected Strike","Thunderclap"],"picked":"Armaments+1","floor":31}],"player_experience":798495,"relics_obtained":[{"floor":9,"key":"Darkstone Periapt"},{"floor":26,"key":"Bag of Preparation"},{"floor":27,"key":"Gambling Chip"},{"floor":30,"key":"Meat on the Bone"}],"event_choices":[{"damage_healed":0,"gold_gain":0,"player_choice":"Opened","damage_taken":0,"relics_obtained":["Shuriken"],"max_hp_gain":0,"max_hp_loss":0,"event_name":"The Mausoleum","floor":19,"gold_loss":0},{"damage_healed":26,"gold_gain":0,"player_choice":"Heal","damage_taken":0,"max_hp_gain":0,"max_hp_loss":0,"event_name":"The Library","floor":21,"gold_loss":0},{"cards_removed":["Strike_R"],"damage_healed":0,"gold_gain":0,"player_choice":"Gave Gold","damage_taken":0,"max_hp_gain":0,"max_hp_loss":0,"event_name":"Beggar","floor":22,"gold_loss":75},{"damage_healed":0,"gold_gain":0,"player_choice":"Ignored","damage_taken":0,"max_hp_gain":0,"max_hp_loss":0,"event_name":"Vampires","floor":25,"gold_loss":0}],"is_beta":false,"boss_relics":[{"not_picked":["Runic Pyramid","Tiny House"],"picked":"Astrolabe"}],"items_purged_floors":[6,28],"is_endless":false,"potions_floor_spawned":[2,11,13,16,24,27],"killed_by":"Collector","ascension_level":0}}