{"host":"25hwxgnshg5vqzox","time":1609860225,"event":{"mods":["BaseMod","Colored Map","Downfall","Googly Eyes","Highlight Path","Minty Spire (QoL Compilation)","Replay The Spire","StSLib","The Servant 0.9.4","Thieving Mod"],"gold_per_floor":[117,117,130,130,130,130,180,180,180,190,190,210,210,210,210,210,210],"floor_reached":16,"playtime":373,"items_purged":[],"score":88,"play_id":"575e8a60-967d-45b8-956a-eb4dd8535e03","local_time":"20210105152345","is_ascension_mode":false,"campfire_choices":[{"data":"Solidify","floor":6.0,"key":"SMITH"},{"floor":13.0,"key":"REST"},{"floor":15.0,"key":"DIG"}],"circlet_count":0,"master_deck":["Strike_S","Strike_S","Strike_S","Strike_S","Defend_S","Defend_S+1","Defend_S","Defend_S","KidneyShot","Exchange","Solidify+1","Rewind","Luminosity","Sunlight","Ricochet","FanOfKnives"],"relics":["Uniform","Juzu Bracelet","Mummified Hand","ReplayTheSpireMod:TigerMarble"],"acts_visited":["Exordium"],"potions_floor_usage":[],"damage_taken":[{"damage":0.0,"enemies":"Small Slimes","floor":1.0,"turns":3.0},{"damage":0.0,"enemies":"2 Louse","floor":3.0,"turns":3.0},{"damage":11.0,"enemies":"Jaw Worm","floor":10.0,"turns":2.0},{"damage":1.0,"enemies":"Exordium Wildlife","floor":12.0,"turns":2.0},{"damage":0,"enemies":"Fading Forest","floor":16,"turns":1}],"seed_played":"3365387743911255314","potions_obtained":[{"floor":3.0,"key":"Guardian:BlockOnCardUsePotion"},{"floor":7.0,"key":"Slimebound:ThreeZeroPotion"},{"floor":10.0,"key":"champ:CounterPotion"}],"is_trial":false,"path_per_floor":["M","?","M","?","?","R","?","?","T","M","$","M","R","?","R_BF","B"],"character_chosen":"THE_SERVANT","items_purchased":[],"campfire_rested":1,"item_purchase_floors":[],"current_hp_per_floor":[65,65,65,65,70,70,53,53,53,42,42,41,62,67,67,67,67],"gold":210,"neow_bonus":"ONE_RANDOM_RARE_CARD","is_daily":false,"chose_seed":false,"campfire_upgraded":1,"win_rate":0.0,"timestamp":1609860225,"path_taken":["M","?","M","?","?","R","?","?","T","M","$","M","R","?","R_BF","BOSS"],"items_purchased_type":[],"build_version":"2020-12-22","purchased_purges":0,"victory":false,"max_hp_per_floor":[65,65,65,65,70,70,70,70,70,70,70,70,70,70,70,70,70],"card_choices":[{"not_picked":["Alleviate","ShatteredReality"],"picked":"Rewind","floor":1.0},{"not_picked":["Replace","Rewind"],"picked":"Luminosity","floor":3.0},{"not_picked":["Alleviate","DoubleEdge"],"picked":"Sunlight","floor":7.0},{"not_picked":["Revamp","Spin"],"picked":"Ricochet","floor":7.0},{"not_picked":["Sabotage","Replace"],"picked":"FanOfKnives","floor":10.0},{"not_picked":["Starlight","ForgedInTime"],"picked":"Spin","floor":12.0}],"player_experience":39835,"relics_obtained":[{"floor":7.0,"key":"Juzu Bracelet"},{"floor":9.0,"key":"Mummified Hand"},{"floor":15.0,"key":"ReplayTheSpireMod:TigerMarble"}],"event_choices":[{"damage_healed":0.0,"max_hp_gain":0.0,"max_hp_loss":0.0,"gold_gain":0.0,"event_name":"Liars Game","player_choice":"Ignored","floor":2.0,"gold_loss":0.0,"damage_taken":0.0},{"damage_healed":0.0,"max_hp_gain":5.0,"max_hp_loss":0.0,"gold_gain":0.0,"event_name":"Big Fish","player_choice":"Donut","floor":5.0,"gold_loss":0.0,"damage_taken":0.0},{"cards_removed":["Spin"],"damage_healed":5.0,"max_hp_gain":0.0,"max_hp_loss":0.0,"gold_gain":0.0,"event_name":"Bonfire Elementals","player_choice":"Offered Common","floor":14.0,"gold_loss":0.0,"damage_taken":0.0},{"cards_removed":["Spin"],"damage_healed":5.0,"max_hp_gain":0.0,"max_hp_loss":0.0,"gold_gain":0.0,"event_name":"Bonfire Elementals","player_choice":"Offered Special","floor":14.0,"gold_loss":0.0,"damage_taken":0.0}],"is_beta":false,"boss_relics":[],"items_purged_floors":[],"is_endless":false,"potions_floor_spawned":[3,10],"killed_by":"Fading Forest","ascension_level":0}}