{"host":"i1h39d0gfh5c6uxl","time":1609815336,"event":{"mods":["AchievementEnabler","BaseMod","Colored Map","Colored Powertips","Highlight Path","Minty Spire (QoL Compilation)"],"gold_per_floor":[114,129,129,77,96,96,128,158,170,214,152,164,187,226,238,322,334,366,388,415,427,439,439],"floor_reached":22,"playtime":1106,"items_purged":[],"score":412,"play_id":"71389a80-3391-40d2-bfba-4af6c0c1ae2f","local_time":"20210105105536","is_ascension_mode":true,"campfire_choices":[{"data":"Armaments","floor":6,"key":"SMITH"},{"floor":15,"key":"REST"}],"circlet_count":0,"master_deck":["AscendersBane","Strike_R","Strike_R","Strike_R","Strike_R","Defend_R","Defend_R","Defend_R","Defend_R","Bash","Armaments+1","True Grit","Perfected Strike","Pommel Strike","Double Tap","Perfected Strike","Pommel Strike","Uppercut","Limit Break","Reaper","CurseOfTheBell","Uppercut+1","Twin Strike"],"relics":["Burning Blood","MawBank","White Beast Statue","Ice Cream","Pear","Calling Bell","Omamori","Eternal Feather","StoneCalendar"],"acts_visited":["Exordium","TheCity"],"potions_floor_usage":[7,13,16,18,20,22,22],"damage_taken":[{"damage":6,"enemies":"Small Slimes","floor":1,"turns":5},{"damage":7,"enemies":"Cultist","floor":2,"turns":4},{"damage":3,"enemies":"2 Louse","floor":5,"turns":3},{"damage":30,"enemies":"Lagavulin","floor":7,"turns":5},{"damage":8,"enemies":"2 Fungi Beasts","floor":8,"turns":3},{"damage":20,"enemies":"3 Sentries","floor":10,"turns":7},{"damage":5,"enemies":"Gremlin Gang","floor":13,"turns":4},{"damage":22,"enemies":"Gremlin Nob","floor":14,"turns":4},{"damage":84,"enemies":"Slime Boss","floor":16,"turns":15},{"damage":12,"enemies":"3 Byrds","floor":18,"turns":5},{"damage":35,"enemies":"Spheric Guardian","floor":19,"turns":7},{"damage":33,"enemies":"Snake Plant","floor":20,"turns":4},{"damage":11,"enemies":"Sentry and Sphere","floor":22,"turns":3}],"seed_played":"6958019582348346175","potions_obtained":[{"floor":1,"key":"Ancient Potion"},{"floor":5,"key":"SkillPotion"},{"floor":10,"key":"Fire Potion"},{"floor":13,"key":"FairyPotion"},{"floor":16,"key":"LiquidBronze"},{"floor":18,"key":"SteroidPotion"},{"floor":19,"key":"Ancient Potion"},{"floor":20,"key":"Block Potion"}],"is_trial":false,"path_per_floor":["M","M","?","$","M","R","E","M","T","E","?","?","M","E","R","B",null,"M","M","M","?","M"],"character_chosen":"IRONCLAD","items_purchased":["Perfected Strike"],"campfire_rested":1,"item_purchase_floors":[4],"current_hp_per_floor":[75,74,82,82,82,82,58,56,56,42,42,35,36,30,57,7,71,65,36,9,9,0,0],"gold":439,"neow_bonus":"TEN_PERCENT_HP_BONUS","is_daily":false,"chose_seed":false,"campfire_upgraded":1,"win_rate":0.0,"timestamp":1609815336,"path_taken":["M","M","?","?","M","R","E","?","T","E","?","?","M","E","R","BOSS","M","M","M","?","M"],"items_purchased_type":["Card"],"build_version":"2020-12-22","purchased_purges":0,"victory":false,"max_hp_per_floor":[82,82,82,82,82,82,82,82,82,82,82,82,82,92,92,92,92,92,92,92,92,92,92],"card_choices":[{"not_picked":["Ghostly Armor","Wild Strike"],"picked":"Armaments","floor":1},{"not_picked":["Rage","Pummel"],"picked":"True Grit","floor":2},{"not_picked":["Combust","Headbutt"],"picked":"Pommel Strike","floor":5},{"not_picked":["Seeing Red","Sever Soul"],"picked":"Double Tap","floor":7},{"not_picked":["Power Through","Wild Strike"],"picked":"Perfected Strike","floor":8},{"not_picked":["Cleave","Rupture"],"picked":"Pommel Strike","floor":10},{"not_picked":["Clash","Reckless Charge"],"picked":"Uppercut","floor":13},{"not_picked":["Combust","Iron Wave"],"picked":"Limit Break","floor":14},{"not_picked":["Berserk","Double Tap"],"picked":"Reaper","floor":16},{"not_picked":["Pommel Strike","True Grit"],"picked":"Uppercut+1","floor":18},{"not_picked":["Anger","Heavy Blade","Armaments"],"picked":"SKIP","floor":19},{"not_picked":["Body Slam","Shrug It Off"],"picked":"Twin Strike","floor":20}],"player_experience":1289275,"relics_obtained":[{"floor":7,"key":"MawBank"},{"floor":9,"key":"White Beast Statue"},{"floor":10,"key":"Ice Cream"},{"floor":14,"key":"Pear"},{"floor":17,"key":"Omamori"},{"floor":17,"key":"Eternal Feather"},{"floor":17,"key":"StoneCalendar"}],"event_choices":[{"damage_healed":8,"gold_gain":0,"player_choice":"Full Heal","damage_taken":0,"max_hp_gain":0,"max_hp_loss":0,"event_name":"Wheel of Change","floor":3,"gold_loss":0},{"damage_healed":0,"gold_gain":0,"player_choice":"Left Gold","damage_taken":0,"max_hp_gain":0,"max_hp_loss":0,"event_name":"World of Goop","floor":11,"gold_loss":74},{"cards_removed":["Strike_R"],"damage_healed":0,"gold_gain":0,"player_choice":"Card Removal","damage_taken":7,"max_hp_gain":0,"max_hp_loss":0,"event_name":"Golden Wing","floor":12,"gold_loss":0},{"damage_healed":0,"gold_gain":0,"player_choice":"0 cards matched","damage_taken":0,"max_hp_gain":0,"max_hp_loss":0,"event_name":"Match and Keep!","floor":21,"gold_loss":0,"cards_obtained":[]}],"is_beta":false,"boss_relics":[{"not_picked":["SacredBark","Coffee Dripper"],"picked":"Calling Bell"}],"items_purged_floors":[],"is_endless":false,"potions_floor_spawned":[1,5,10,13,14,16,18,19,20],"killed_by":"Sentry and Sphere","ascension_level":20}}