{"host":"oiai0qxasotny765","time":1609835125,"event":{"mods":["2.2 Compatiblity","AchievementEnabler","BaseMod","Colored Map","Minty Spire (QoL Compilation)","Permanent Neow","Relic Stats","StSLib","SuperFastMode","everything is the same but u backflip on backflip"],"gold_per_floor":[18,31,43,62,62,73,73,73,73,103,103,120,137,194,194,194,194],"floor_reached":16,"playtime":451,"items_purged":[],"score":187,"play_id":"dd65bb4e-6a2a-4345-bbfc-97019bddcea8","local_time":"20210105172525","is_ascension_mode":true,"campfire_choices":[{"floor":8,"key":"DIG"},{"floor":11,"key":"DIG"},{"floor":15,"key":"DIG"}],"circlet_count":0,"master_deck":["AscendersBane","Strike_R","Strike_R","Strike_R","Strike_R","Strike_R","Defend_R","Defend_R","Defend_R","Defend_R","Bash","Power Through","Clash","Barricade","Carnage","Shrug It Off"],"relics":["Burning Blood","Shovel","Bag of Marbles","Turnip","The Courier","Lantern","Ice Cream","Mummified Hand","Shuriken"],"acts_visited":["Exordium"],"potions_floor_usage":[10,10,14,14],"damage_taken":[{"damage":6,"enemies":"Cultist","floor":1,"turns":4},{"damage":1,"enemies":"Jaw Worm","floor":2,"turns":4},{"damage":4,"enemies":"2 Louse","floor":3,"turns":4},{"damage":11,"enemies":"2 Fungi Beasts","floor":4,"turns":4},{"damage":6,"enemies":"Looter","floor":6,"turns":4},{"damage":25,"enemies":"3 Sentries","floor":10,"turns":8},{"damage":13,"enemies":"3 Louse","floor":12,"turns":7},{"damage":10,"enemies":"2 Fungi Beasts","floor":13,"turns":4},{"damage":27,"enemies":"Gremlin Nob","floor":14,"turns":4},{"damage":18,"enemies":"The Guardian","floor":16,"turns":4}],"seed_played":"-5023091406557625928","potions_obtained":[{"floor":2,"key":"AttackPotion"},{"floor":3,"key":"SneckoOil"},{"floor":10,"key":"BloodPotion"},{"floor":13,"key":"AttackPotion"}],"is_trial":false,"path_per_floor":["M","M","M","M","$","M","?","R","T","E","R","M","M","?","R","B"],"character_chosen":"IRONCLAD","items_purchased":[],"campfire_rested":0,"item_purchase_floors":[],"current_hp_per_floor":[68,73,75,70,70,70,52,52,52,33,33,26,22,16,16,0,0],"gold":194,"neow_bonus":"ONE_RARE_RELIC","is_daily":false,"chose_seed":false,"campfire_upgraded":0,"win_rate":0.0,"timestamp":1609835125,"path_taken":["M","M","?","M","$","M","?","R","T","E","R","M","M","?","R","BOSS"],"items_purchased_type":[],"build_version":"2020-12-22","purchased_purges":0,"victory":false,"max_hp_per_floor":[75,75,75,75,75,75,75,75,75,75,75,75,75,75,75,75,75],"relic_stats":{"Shovel":3,"counters":[10,47],"Mummified Hand":[1],"Shuriken":[0],"Turnip":[0],"obtain_stats":[{"Ice Cream":11,"Lantern":10,"Shovel":0,"Mummified Hand":14,"Shuriken":15,"Turnip":8,"The Courier":9,"Bag of Marbles":7,"Burning Blood":0},{"Ice Cream":6,"Lantern":6,"Shovel":0,"Mummified Hand":9,"Shuriken":9,"Turnip":5,"The Courier":5,"Bag of Marbles":5,"Burning Blood":0},{"Ice Cream":28,"Lantern":28,"Shovel":0,"Mummified Hand":43,"Shuriken":43,"Turnip":20,"The Courier":20,"Bag of Marbles":20,"Burning Blood":0}],"Burning Blood":54},"card_choices":[{"not_picked":["Wild Strike","Clothesline"],"picked":"Power Through","floor":1},{"not_picked":["Sword Boomerang","Warcry","Havoc"],"picked":"SKIP","floor":2},{"not_picked":["Flex","Flame Barrier","Thunderclap"],"picked":"SKIP","floor":3},{"not_picked":["Spot Weakness","Seeing Red"],"picked":"Clash","floor":4},{"not_picked":["Anger","Rupture","Power Through"],"picked":"SKIP","floor":6},{"not_picked":["Twin Strike","Heavy Blade"],"picked":"Barricade","floor":10},{"not_picked":["Clash","Rupture"],"picked":"Carnage","floor":12},{"not_picked":["Combust","Bloodletting"],"picked":"Shrug It Off","floor":13}],"player_experience":305685,"relics_obtained":[{"floor":8,"key":"Turnip"},{"floor":9,"key":"The Courier"},{"floor":10,"key":"Lantern"},{"floor":11,"key":"Ice Cream"},{"floor":14,"key":"Mummified Hand"},{"floor":15,"key":"Shuriken"}],"event_choices":[{"damage_healed":0,"gold_gain":0,"player_choice":"Success","damage_taken":18,"relics_obtained":["Bag of Marbles"],"max_hp_gain":0,"max_hp_loss":0,"event_name":"Scrap Ooze","floor":7,"gold_loss":0},{"damage_healed":0,"gold_gain":30,"player_choice":"Searched \u00273\u0027 times","damage_taken":0,"max_hp_gain":0,"max_hp_loss":0,"event_name":"Dead Adventurer","floor":14,"gold_loss":0}],"is_beta":false,"boss_relics":[],"items_purged_floors":[],"is_endless":false,"potions_floor_spawned":[2,3,10,13],"killed_by":"The Guardian","ascension_level":16}}