{"host":"f6f8cjhjgha9mpdq","time":1609848537,"event":{"mods":["BaseMod","Minty Spire (QoL Compilation)","Permanent Neow","StSLib","SuperFastMode"],"gold_per_floor":[123,145,169,193,217,259,288,318,330,359,371,383,421,443,455,467,467],"floor_reached":16,"playtime":687,"items_purged":[],"score":184,"play_id":"bac81655-d39c-49ca-a59c-9f09cedeb5b2","local_time":"20210105210857","is_ascension_mode":true,"campfire_choices":[{"data":"Defragment","floor":12.0,"key":"SMITH"},{"data":"Cold Snap","floor":15.0,"key":"SMITH"}],"circlet_count":0,"master_deck":["AscendersBane","Strike_B+1","Strike_B","Strike_B","Strike_B","Defend_B","Defend_B","Defend_B","Defend_B","Zap","Dualcast","CurseOfTheBell","Defragment+1","Ball Lightning+1","Leap","Cold Snap+1"],"relics":["Calling Bell","MawBank","Pocketwatch","Singing Bowl","Shuriken","Whetstone","Tiny Chest","Anchor"],"acts_visited":["Exordium"],"potions_floor_usage":[],"damage_taken":[{"damage":10.0,"enemies":"Cultist","floor":1.0,"turns":5.0},{"damage":3.0,"enemies":"Jaw Worm","floor":2.0,"turns":5.0},{"damage":1.0,"enemies":"Small Slimes","floor":3.0,"turns":5.0},{"damage":13.0,"enemies":"3 Louse","floor":4.0,"turns":4.0},{"damage":13.0,"enemies":"Large Slime","floor":5.0,"turns":5.0},{"damage":32.0,"enemies":"Gremlin Nob","floor":6.0,"turns":4.0},{"damage":8.0,"enemies":"Blue Slaver","floor":7.0,"turns":3.0},{"damage":4.0,"enemies":"3 Louse","floor":8.0,"turns":4.0},{"damage":0.0,"enemies":"2 Fungi Beasts","floor":10.0,"turns":3.0},{"damage":0.0,"enemies":"Looter","floor":14.0,"turns":3.0},{"damage":7,"enemies":"Slime Boss","floor":16,"turns":5}],"seed_played":"-8379094808749288710","potions_obtained":[{"floor":1.0,"key":"DuplicationPotion"},{"floor":3.0,"key":"Regen Potion"},{"floor":6.0,"key":"DuplicationPotion"},{"floor":8.0,"key":"SkillPotion"}],"is_trial":false,"path_per_floor":["M","M","M","M","M","E","M","M","T","M","?","R","T","M","R","B"],"character_chosen":"DEFECT","items_purchased":[],"campfire_rested":0,"item_purchase_floors":[],"current_hp_per_floor":[54,53,54,41,44,14,6,2,2,4,4,4,4,6,6,0,0],"gold":467,"neow_bonus":"BOSS_RELIC","is_daily":false,"chose_seed":false,"campfire_upgraded":2,"win_rate":0.0,"timestamp":1609848537,"path_taken":["M","M","M","M","M","E","?","M","T","?","?","R","?","M","R","BOSS"],"items_purchased_type":[],"build_version":"2020-12-22","purchased_purges":0,"victory":false,"max_hp_per_floor":[71,73,75,75,77,79,79,79,79,81,81,81,81,83,83,83,83],"card_choices":[{"not_picked":["Gash","Stack"],"picked":"Defragment","floor":1.0},{"not_picked":["Skim","Rebound","Sweeping Beam"],"picked":"Singing Bowl","floor":2.0},{"not_picked":["Barrage","Hologram","Heatsinks"],"picked":"Singing Bowl","floor":3.0},{"not_picked":["Amplify","Turbo"],"picked":"Ball Lightning","floor":4.0},{"not_picked":["Capacitor","Turbo","Ball Lightning"],"picked":"Singing Bowl","floor":5.0},{"not_picked":["Leap","Stack","Barrage"],"picked":"Singing Bowl","floor":6.0},{"not_picked":["Chaos","Redo"],"picked":"Leap","floor":7.0},{"not_picked":["Barrage","Leap"],"picked":"Cold Snap","floor":8.0},{"not_picked":["Genetic Algorithm","Cold Snap","Scrape"],"picked":"Singing Bowl","floor":10.0},{"not_picked":["Turbo","Redo","Lockon"],"picked":"Singing Bowl","floor":14.0}],"player_experience":539486,"relics_obtained":[{"floor":0.0,"key":"MawBank"},{"floor":0.0,"key":"Pocketwatch"},{"floor":0.0,"key":"Singing Bowl"},{"floor":6.0,"key":"Shuriken"},{"floor":9.0,"key":"Whetstone"},{"floor":13.0,"key":"Anchor"}],"event_choices":[{"damage_healed":0.0,"max_hp_gain":0.0,"max_hp_loss":0.0,"gold_gain":0.0,"event_name":"Dead Adventurer","player_choice":"Searched \u00271\u0027 times","floor":11.0,"gold_loss":0.0,"damage_taken":0.0,"relics_obtained":["Tiny Chest"]}],"is_beta":false,"boss_relics":[],"items_purged_floors":[],"is_endless":false,"potions_floor_spawned":[1,3,4,6,8],"killed_by":"Slime Boss","ascension_level":14}}