{"host":"ig7tc0uedzltt2sr","time":1609821399,"event":{"mods":["BaseMod","Better Twitch Integration","Block Reminder","Colored Map","Colored Powertips","Communication Mod","Current Relic Mod","GifTheSpireLib","HexUI Lib","Minty Spire (QoL Compilation)","Quick Restart","Random Character Button","Rare Cards Sparkle","Relic Sorter","Relic Stats","Slay the Relics Exporter","StSLib","SuperFastMode","Synergy Search","Twitch Decklist","Twitch Utils","everything is the same but u backflip on backflip","slay the spire mod where everything is the same but ironclad has a cowboy hat"],"gold_per_floor":[113,113,133,63,82,98,98,98,98],"floor_reached":8,"playtime":54,"items_purged":[],"score":48,"play_id":"79538c11-7fab-4dbd-abb2-09621a3c127b","local_time":"20210104203639","is_ascension_mode":false,"campfire_choices":[],"circlet_count":0,"master_deck":["Strike_R","Strike_R","Strike_R","Strike_R","Defend_R","Defend_R","Defend_R","Entrench","Reckless Charge","Body Slam","Reckless Charge","Flex","Clash","Fire Breathing","Pommel Strike"],"relics":["Burning Blood"],"acts_visited":["Exordium"],"potions_floor_usage":[],"damage_taken":[{"damage":5,"enemies":"Small Slimes","floor":1,"turns":6},{"damage":11,"enemies":"Cultist","floor":3,"turns":5},{"damage":0,"enemies":"2 Louse","floor":5,"turns":2},{"damage":16,"enemies":"Red Slaver","floor":6,"turns":6},{"damage":63,"enemies":"Gremlin Nob","floor":8,"turns":5}],"seed_played":"-5639267817710175685","potions_obtained":[{"floor":3,"key":"SpeedPotion"},{"floor":6,"key":"BlessingOfTheForge"}],"is_trial":false,"path_per_floor":["M","?","M","$","M","M","?","E"],"character_chosen":"IRONCLAD","items_purchased":["Flex","Clash"],"campfire_rested":0,"item_purchase_floors":[4,4],"current_hp_per_floor":[72,72,67,67,72,62,62,0,0],"gold":98,"neow_bonus":"TRANSFORM_TWO_CARDS","is_daily":false,"chose_seed":false,"campfire_upgraded":0,"win_rate":0.0,"timestamp":1609821399,"path_taken":["M","?","M","$","M","?","?","E"],"items_purchased_type":["Card","Card"],"build_version":"2020-12-22","purchased_purges":0,"victory":false,"max_hp_per_floor":[72,72,72,72,72,72,72,72,72],"relic_stats":{"counters":[5,24],"obtain_stats":[{"Burning Blood":0},{"Burning Blood":0},{"Burning Blood":0}],"Burning Blood":22},"card_choices":[{"not_picked":["True Grit","Clash"],"picked":"Body Slam","floor":1},{"not_picked":["Anger","Battle Trance"],"picked":"Reckless Charge","floor":3},{"not_picked":["Warcry","Twin Strike"],"picked":"Fire Breathing","floor":5},{"not_picked":["Cleave","Warcry"],"picked":"Pommel Strike","floor":6}],"player_experience":1422561,"relics_obtained":[],"event_choices":[{"cards_removed":["Bash"],"damage_healed":0,"gold_gain":0,"player_choice":"Purged","damage_taken":0,"max_hp_gain":0,"max_hp_loss":0,"event_name":"Purifier","floor":2,"gold_loss":0},{"damage_healed":0,"gold_gain":0,"player_choice":"Bought 0 Potions","damage_taken":0,"max_hp_gain":0,"max_hp_loss":0,"event_name":"The Woman in Blue","floor":7,"gold_loss":0}],"is_beta":false,"boss_relics":[],"items_purged_floors":[],"is_endless":false,"potions_floor_spawned":[3,6],"killed_by":"Gremlin Nob","ascension_level":0}}