{"host":"mydft8i2zzydgggw","time":1609863079,"event":{"mods":["AchievementEnabler","BaseMod","BetterRewards","Colored Map","Colored Powertips","DeckTracker","Keyboard Shortcuts","Minty Spire (QoL Compilation)","Quick Restart","Rare Cards Sparkle","StSLib","SuperFastMode","The Poker Player","everything is the same but u backflip on backflip"],"gold_per_floor":[109,109,125,125,141,175,175,189,214,249,249,260,260,260],"floor_reached":13,"playtime":221,"items_purged":[],"score":109,"play_id":"d1a5b195-82be-473c-b15b-71a80c2878d5","local_time":"20210106011119","is_ascension_mode":true,"campfire_choices":[{"data":"Eruption","floor":7,"key":"SMITH"},{"data":"Adaptation","floor":11,"key":"SMITH"}],"circlet_count":0,"master_deck":["Strike_P","Strike_P","Strike_P","Strike_P","Defend_P","Defend_P","Defend_P","Defend_P","Eruption+1","Vigilance","DeceiveReality","Adaptation+1"],"relics":["PureWater","NeowsBlessing","Boot","Toy Ornithopter","Blood Vial","Nunchaku"],"acts_visited":["Exordium"],"potions_floor_usage":[6,6,10,10],"damage_taken":[{"damage":0.0,"enemies":"Small Slimes","floor":1.0,"turns":1.0},{"damage":0.0,"enemies":"Cultist","floor":3.0,"turns":1.0},{"damage":0.0,"enemies":"Jaw Worm","floor":5.0,"turns":1.0},{"damage":2,"enemies":"3 Sentries","floor":6,"turns":3},{"damage":0,"enemies":"2 Fungi Beasts","floor":8,"turns":3},{"damage":31,"enemies":"Lagavulin","floor":10,"turns":11},{"damage":6,"enemies":"3 Louse","floor":12,"turns":4},{"damage":46,"enemies":"Gremlin Nob","floor":13,"turns":3}],"seed_played":"8604638939400084982","potions_obtained":[{"floor":1.0,"key":"Explosive Potion"},{"floor":2.0,"key":"Ancient Potion"},{"floor":2.0,"key":"Dexterity Potion"},{"floor":2.0,"key":"GamblersBrew"},{"floor":3.0,"key":"AttackPotion"},{"floor":8,"key":"Dexterity Potion"}],"is_trial":false,"path_per_floor":["M","?","M","?","M","E","R","M","T","E","R","M","E"],"character_chosen":"WATCHER","items_purchased":[],"campfire_rested":0,"item_purchase_floors":[],"current_hp_per_floor":[72,72,72,65,65,63,63,63,63,42,42,38,0,0],"gold":260,"neow_bonus":"THREE_ENEMY_KILL","is_daily":false,"chose_seed":false,"campfire_upgraded":2,"win_rate":0.0,"timestamp":1609863079,"path_taken":["M","?","?","?","M","E","R","M","T","E","R","M","E"],"items_purchased_type":[],"build_version":"2020-12-22","purchased_purges":0,"victory":false,"max_hp_per_floor":[72,72,72,72,72,72,72,72,72,72,72,72,72,72],"card_choices":[{"not_picked":["LikeWater","SignatureMove","Consecrate"],"picked":"SKIP","floor":1.0},{"not_picked":["ClearTheMind","FlyingSleeves","FearNoEvil"],"picked":"SKIP","floor":3.0},{"not_picked":["FlurryOfBlows","EmptyBody"],"picked":"DeceiveReality","floor":5.0},{"not_picked":["EmptyFist","Pray","Nirvana"],"picked":"SKIP","floor":6},{"not_picked":["WreathOfFlame","Vengeance","Evaluate"],"picked":"SKIP","floor":8},{"not_picked":["ThirdEye","Ragnarok"],"picked":"Adaptation","floor":10},{"not_picked":["EmptyBody","WaveOfTheHand","Pray"],"picked":"SKIP","floor":12}],"player_experience":107115,"relics_obtained":[{"floor":6,"key":"Toy Ornithopter"},{"floor":9,"key":"Blood Vial"},{"floor":10,"key":"Nunchaku"}],"event_choices":[{"damage_healed":0.0,"max_hp_gain":0.0,"max_hp_loss":0.0,"gold_gain":0.0,"event_name":"Lab","player_choice":"Got Potions","floor":2.0,"gold_loss":0.0,"damage_taken":0.0},{"damage_healed":0.0,"max_hp_gain":0.0,"max_hp_loss":0.0,"gold_gain":0.0,"event_name":"Scrap Ooze","player_choice":"Success","floor":4.0,"gold_loss":0.0,"damage_taken":7.0,"relics_obtained":["Boot"]}],"is_beta":false,"boss_relics":[],"items_purged_floors":[],"is_endless":false,"potions_floor_spawned":[1,3,8],"killed_by":"Gremlin Nob","ascension_level":3}}