{"host":"o7j6aatxjwpw1421","time":1609860295,"event":{"mods":["2.2 Compatiblity","AchievementEnabler","BaseMod","Colored Map","DeckTracker","Highlight Path","Keyboard Shortcuts","Minty Spire (QoL Compilation)","Permanent Neow","Quick Restart","StSLib","SuperFastMode","everything is the same but u backflip on backflip"],"gold_per_floor":[114,133,133,148,161,161,187,202,202,202,227,241,264,264,264,336,336,355,355,365,365,4,4,30,30,110,140,140,150,50,50,50,125,125,136,146,146,166,166,166,179,207,230,21,31,31,49,80,80,80],"floor_reached":51,"playtime":2190,"items_purged":["Strike_R+1","Strike_R+1"],"score":1539,"play_id":"006c826b-0467-4971-87f6-7949c84e3c3a","local_time":"20210106002455","is_ascension_mode":true,"campfire_choices":[{"data":"Whirlwind","floor":6.0,"key":"SMITH"},{"data":"Body Slam","floor":10,"key":"SMITH"},{"data":"Seeing Red","floor":15,"key":"SMITH"},{"data":"Barricade","floor":23,"key":"SMITH"},{"data":"Battle Trance","floor":25,"key":"SMITH"},{"data":"Fire Breathing","floor":32,"key":"SMITH"},{"floor":40,"key":"RECALL"},{"floor":46,"key":"REST"},{"floor":49,"key":"REST"}],"circlet_count":0,"master_deck":["AscendersBane","Strike_R+1","Strike_R+1","Strike_R+1","Defend_R+1","Defend_R+1","Defend_R+1","Defend_R+1","Body Slam+1","Seeing Red+1","Power Through","Whirlwind+1","Uppercut","Pommel Strike+1","Impervious","Intimidate","Barricade+1","Battle Trance+1","Fire Breathing+1","Necronomicurse","Demon Form","Seeing Red+1","Shrug It Off","Exhume","Apotheosis","Dark Embrace","Shockwave"],"relics":["Burning Blood","Pen Nib","White Beast Statue","Blue Candle","Potion Belt","Art of War","Odd Mushroom","CaptainsWheel","Mark of Pain","Mummified Hand","Whetstone","Sundial","Self Forming Clay","Necronomicon","Fusion Hammer","Pantograph","Happy Flower","Juzu Bracelet"],"acts_visited":["Exordium","TheCity","TheBeyond"],"potions_floor_usage":[13,16,18,20,20,27,33,33,42,45,50,50,50,50,50,50],"damage_taken":[{"damage":1.0,"enemies":"Cultist","floor":1.0,"turns":3.0},{"damage":7.0,"enemies":"Jaw Worm","floor":2.0,"turns":4.0},{"damage":4.0,"enemies":"Small Slimes","floor":4.0,"turns":4.0},{"damage":17.0,"enemies":"Looter","floor":5.0,"turns":3.0},{"damage":0.0,"enemies":"3 Sentries","floor":7.0,"turns":1.0},{"damage":7,"enemies":"Large Slime","floor":8,"turns":4},{"damage":30,"enemies":"Gremlin Nob","floor":11,"turns":5},{"damage":3,"enemies":"3 Louse","floor":12,"turns":3},{"damage":1,"enemies":"The Mushroom Lair","floor":13,"turns":4},{"damage":14,"enemies":"The Guardian","floor":16,"turns":11},{"damage":0,"enemies":"Chosen","floor":18,"turns":3},{"damage":0,"enemies":"Spheric Guardian","floor":20,"turns":4},{"damage":0,"enemies":"Book of Stabbing","floor":24,"turns":4},{"damage":0,"enemies":"Slavers","floor":27,"turns":7},{"damage":0,"enemies":"Centurion and Healer","floor":29,"turns":3},{"damage":13,"enemies":"Automaton","floor":33,"turns":6},{"damage":6,"enemies":"3 Darklings","floor":35,"turns":3},{"damage":0,"enemies":"3 Shapes","floor":36,"turns":5},{"damage":2,"enemies":"Jaw Worm Horde","floor":38,"turns":4},{"damage":0,"enemies":"Maw","floor":41,"turns":6},{"damage":22,"enemies":"Reptomancer","floor":42,"turns":5},{"damage":0,"enemies":"3 Darklings","floor":45,"turns":1},{"damage":1,"enemies":"4 Shapes","floor":47,"turns":4},{"damage":22,"enemies":"Nemesis","floor":48,"turns":7},{"damage":35,"enemies":"Donu and Deca","floor":50,"turns":6}],"seed_played":"1175922811150110782","potions_obtained":[{"floor":2.0,"key":"EssenceOfSteel"},{"floor":4.0,"key":"Energy Potion"},{"floor":5.0,"key":"BloodPotion"},{"floor":7.0,"key":"HeartOfIron"},{"floor":11,"key":"PowerPotion"},{"floor":12,"key":"Block Potion"},{"floor":13,"key":"EssenceOfSteel"},{"floor":16,"key":"FairyPotion"},{"floor":18,"key":"PowerPotion"},{"floor":20,"key":"Strength Potion"},{"floor":24,"key":"Regen Potion"},{"floor":27,"key":"Weak Potion"},{"floor":29,"key":"EntropicBrew"},{"floor":33,"key":"Weak Potion"},{"floor":35,"key":"Strength Potion"},{"floor":36,"key":"DuplicationPotion"},{"floor":38,"key":"Regen Potion"},{"floor":42,"key":"PowerPotion"},{"floor":45,"key":"Energy Potion"}],"is_trial":false,"path_per_floor":["M","M","T","M","M","R","E","M","T","R","E","M","?","?","R","B",null,"M","?","M","?","$","R","E","R","T","E","?","M","$","?","R","B",null,"M","M","?","M","?","R","M","E","T","$","M","R","M","E","R","B",null],"character_chosen":"IRONCLAD","items_purchased":["Mummified Hand","Apotheosis"],"campfire_rested":2,"item_purchase_floors":[22,44],"current_hp_per_floor":[73,72,72,74,63,63,69,68,68,68,44,47,67,62,62,54,70,75,75,75,75,75,75,75,75,75,75,54,60,60,39,39,47,72,72,78,78,80,80,80,80,73,73,73,79,80,80,64,80,51],"gold":80,"neow_bonus":"RANDOM_COMMON_RELIC","is_daily":false,"chose_seed":false,"campfire_upgraded":6,"win_rate":0.0,"timestamp":1609860295,"path_taken":["M","M","?","M","M","R","E","M","T","R","E","M","?","?","R","BOSS","M","?","M","?","$","R","E","R","T","E","?","M","?","?","R","BOSS","M","M","?","M","?","R","M","E","T","$","M","R","M","E","R","BOSS"],"items_purchased_type":["Relic","Card"],"build_version":"2020-12-22","purchased_purges":2,"victory":true,"max_hp_per_floor":[75,75,75,75,75,75,75,75,75,75,75,75,75,75,75,75,75,75,75,75,75,75,75,75,75,75,75,80,80,80,80,80,80,80,80,80,80,80,80,80,80,80,80,80,80,80,80,80,80,80],"card_choices":[{"not_picked":["Wild Strike","Headbutt"],"picked":"Body Slam","floor":1.0},{"not_picked":["Havoc","Anger"],"picked":"Seeing Red","floor":2.0},{"not_picked":["Sword Boomerang","Iron Wave"],"picked":"Power Through","floor":4.0},{"not_picked":["Headbutt","Wild Strike"],"picked":"Whirlwind","floor":5.0},{"not_picked":["Reckless Charge","Sever Soul"],"picked":"Uppercut","floor":7.0},{"not_picked":["Iron Wave","Wild Strike"],"picked":"Pommel Strike","floor":8},{"not_picked":["Reckless Charge","Ghostly Armor"],"picked":"Impervious","floor":11},{"not_picked":["Headbutt","Shrug It Off"],"picked":"Intimidate","floor":12},{"not_picked":["Impervious","Offering"],"picked":"Barricade","floor":16},{"not_picked":["Headbutt","Thunderclap"],"picked":"Battle Trance","floor":18},{"not_picked":["Body Slam","Anger","Pummel"],"picked":"SKIP","floor":20},{"not_picked":["Iron Wave","Heavy Blade","Shrug It Off"],"picked":"SKIP","floor":24},{"not_picked":["Iron Wave","Heavy Blade","Shrug It Off"],"picked":"SKIP","floor":24},{"not_picked":["Thunderclap","Perfected Strike","Burning Pact"],"picked":"SKIP","floor":27},{"not_picked":["Uppercut","Juggernaut"],"picked":"Fire Breathing","floor":29},{"not_picked":["Impervious","Brutality"],"picked":"Demon Form","floor":33},{"not_picked":["Infernal Blade","Sentinel"],"picked":"Seeing Red+1","floor":35},{"not_picked":["Perfected Strike","Reckless Charge","Twin Strike"],"picked":"SKIP","floor":36},{"not_picked":["Searing Blow+1","Pommel Strike"],"picked":"Shrug It Off","floor":38},{"not_picked":["Dropkick","Rampage","Whirlwind"],"picked":"SKIP","floor":41},{"not_picked":["Hemokinesis+1","Feel No Pain+1"],"picked":"Exhume","floor":42},{"not_picked":["Dark Embrace","Twin Strike","Wild Strike"],"picked":"SKIP","floor":45},{"not_picked":["Twin Strike","Wild Strike"],"picked":"Dark Embrace","floor":45},{"not_picked":["Flex","Infernal Blade","Armaments"],"picked":"SKIP","floor":47},{"not_picked":["Fire Breathing","Fiend Fire"],"picked":"Shockwave","floor":48}],"player_experience":430924,"relics_obtained":[{"floor":3.0,"key":"White Beast Statue"},{"floor":7.0,"key":"Blue Candle"},{"floor":9,"key":"Potion Belt"},{"floor":11,"key":"Art of War"},{"floor":13,"key":"Odd Mushroom"},{"floor":24,"key":"Whetstone"},{"floor":26,"key":"Sundial"},{"floor":27,"key":"Self Forming Clay"},{"floor":31,"key":"Necronomicon"},{"floor":42,"key":"Pantograph"},{"floor":43,"key":"Happy Flower"},{"floor":48,"key":"Juzu Bracelet"}],"event_choices":[{"damage_healed":0,"gold_gain":0,"player_choice":"Fought Mushrooms","damage_taken":0,"max_hp_gain":0,"max_hp_loss":0,"event_name":"Mushrooms","floor":13,"gold_loss":0},{"damage_healed":0,"gold_gain":0,"player_choice":"Success","damage_taken":5,"relics_obtained":["CaptainsWheel"],"max_hp_gain":0,"max_hp_loss":0,"event_name":"Scrap Ooze","floor":14,"gold_loss":0},{"damage_healed":0,"gold_gain":0,"player_choice":"Ignored","damage_taken":0,"max_hp_gain":0,"max_hp_loss":0,"event_name":"Vampires","floor":19,"gold_loss":0},{"damage_healed":0,"gold_gain":0,"player_choice":"Simplicity","damage_taken":0,"max_hp_gain":0,"max_hp_loss":0,"event_name":"Back to Basics","floor":21,"gold_loss":0,"cards_upgraded":["Strike_R","Strike_R","Strike_R","Strike_R","Strike_R","Defend_R","Defend_R","Defend_R","Defend_R"]},{"damage_healed":0,"gold_gain":0,"player_choice":"Shed Blood","damage_taken":26,"max_hp_gain":5,"max_hp_loss":0,"event_name":"Forgotten Altar","floor":28,"gold_loss":0},{"damage_healed":0,"gold_gain":0,"player_choice":"Obtained Book","damage_taken":21,"max_hp_gain":0,"max_hp_loss":0,"event_name":"Cursed Tome","floor":31,"gold_loss":0},{"cards_removed":["Bash"],"damage_healed":0,"gold_gain":0,"player_choice":"Removed Attack","damage_taken":0,"max_hp_gain":0,"max_hp_loss":0,"event_name":"Falling","floor":37,"gold_loss":0},{"damage_healed":0,"gold_gain":0,"player_choice":"Ignored","damage_taken":0,"max_hp_gain":0,"max_hp_loss":0,"event_name":"Tomb of Lord Red Mask","floor":39,"gold_loss":0}],"is_beta":false,"boss_relics":[{"not_picked":["Ectoplasm","Philosopher\u0027s Stone"],"picked":"Mark of Pain"},{"not_picked":["Snecko Eye","Sozu"],"picked":"Fusion Hammer"}],"items_purged_floors":[22,30],"is_endless":false,"potions_floor_spawned":[2,4,5,7,8,11,12,13,16,18,20,24,27,29,33,35,36,38,41,42,45,47,48],"ascension_level":17}}