{"host":"r1hgdlwib9qjn5kx","time":1609873683,"event":{"mods":["BaseMod","Downfall","Duelist Mod","Hermit","Hubris","Marisa????????","Minty Spire (QoL Compilation)","READ ME - Guardian Mod","Replay The Spire","StSLib","The Bug Knight","The Cursed","The Disciple","The Necromancer","The Senshi","The Servant 0.9.4"],"gold_per_floor":[115,215,232,3,27,27,38,57,57,57,83,95,125,150,162,174,174],"floor_reached":16,"playtime":1413,"items_purged":["HollowMod:FocusHealStart"],"score":102,"play_id":"f731ac25-8916-4810-b0bc-2e068a1e3845","local_time":"20210105190803","is_ascension_mode":false,"campfire_choices":[{"data":"HollowMod:PogoStrike","floor":6,"key":"SMITH"},{"floor":12,"key":"RECALL"},{"data":"HollowMod:NailStrikeStart","floor":15,"key":"PURGE"}],"circlet_count":0,"master_deck":["HollowMod:NailStrikeStart","HollowMod:NailStrikeStart","HollowMod:NailStrikeStart","HollowMod:QuickDashStart","HollowMod:QuickDashStart","HollowMod:QuickDashStart","HollowMod:QuickDashStart","HollowMod:PogoStrike+1","HollowMod:SharpenedShadows","HollowMod:InfectedAttack","HollowMod:DescendingDark","HollowMod:VoidDash","HollowMod:WraithStrike"],"relics":["hubris:RunicObelisk","Sling","hubris:OldNail","Sundial","MawBank"],"acts_visited":["Exordium"],"potions_floor_usage":[16],"damage_taken":[{"damage":0,"enemies":"Small Slimes","floor":1,"turns":3},{"damage":0,"enemies":"Cultist","floor":3,"turns":4},{"damage":1,"enemies":"Jaw Worm","floor":7,"turns":3},{"damage":14,"enemies":"Exordium Wildlife","floor":8,"turns":3},{"damage":19,"enemies":"Gremlin Nob","floor":11,"turns":3},{"damage":21,"enemies":"Exordium Thugs","floor":13,"turns":5},{"damage":0,"enemies":"Red Slaver","floor":14,"turns":2},{"damage":26,"enemies":"HollowMod:FalseKnight","floor":16,"turns":6}],"seed_played":"6550007012801494147","potions_obtained":[{"floor":3,"key":"SpeedPotion"},{"floor":13,"key":"BlessingOfTheForge"},{"floor":14,"key":"SmokeBomb"}],"is_trial":false,"path_per_floor":["M","?","M","$","T","R","M","M","T","$","E","R","M","M","R","B"],"character_chosen":"THE_BUGKNIGHT","items_purchased":["Sling"],"campfire_rested":0,"item_purchase_floors":[4],"current_hp_per_floor":[75,75,75,75,75,75,74,60,60,60,41,41,20,20,20,0,0],"gold":174,"neow_bonus":"BOSS_RELIC","is_daily":false,"chose_seed":false,"campfire_upgraded":1,"win_rate":0.0,"timestamp":1609873683,"path_taken":["M","?","?","?","?","R","?","M","T","?","E","R","M","M","R","BOSS"],"items_purchased_type":["Relic"],"build_version":"2020-12-22","purchased_purges":1,"victory":false,"max_hp_per_floor":[75,75,75,75,75,75,75,75,75,75,75,75,75,75,75,75,75],"card_choices":[{"not_picked":["HollowMod:LifebloodCocoon","HollowMod:LuriensSpire"],"picked":"HollowMod:SharpenedShadows","floor":1},{"not_picked":["HollowMod:SiblingsSouls","HollowMod:DungDefenderAura","HollowMod:HowlingWraiths"],"picked":"SKIP","floor":3},{"not_picked":["HollowMod:SoulStrike","HollowMod:TaintedHusks"],"picked":"HollowMod:InfectedAttack","floor":7},{"not_picked":["HollowMod:CycloneSlash","HollowMod:CrystalDash"],"picked":"HollowMod:DescendingDark","floor":8},{"not_picked":["HollowMod:CycloneSlash","HollowMod:CornifersMapStart"],"picked":"HollowMod:VoidDash","floor":11},{"not_picked":["HollowMod:NewJinnsSoul","HollowMod:DashSlash"],"picked":"HollowMod:WraithStrike","floor":13},{"not_picked":["HollowMod:GoodIntentions","HollowMod:PerfectDash","HollowMod:CycloneSlash"],"picked":"SKIP","floor":14}],"player_experience":331799,"relics_obtained":[{"floor":5,"key":"hubris:OldNail"},{"floor":9,"key":"Sundial"},{"floor":11,"key":"MawBank"}],"event_choices":[{"damage_healed":0,"gold_gain":100,"player_choice":"Pray","damage_taken":0,"max_hp_gain":0,"max_hp_loss":0,"event_name":"Golden Shrine","floor":2,"gold_loss":0}],"is_beta":false,"boss_relics":[],"items_purged_floors":[4],"is_endless":false,"potions_floor_spawned":[3,13,14],"killed_by":"HollowMod:FalseKnight","ascension_level":0}}