{"host":"4np54w3ai1r5lqo1","time":1609817763,"event":{"mods":["BaseMod","Colored Map","Minty Spire (QoL Compilation)","Quick Restart"],"gold_per_floor":[117,129,129,146,146,146,181,199,226,251,251,276,286,301,301,402,402,412,426,426,426,31,31,44,59,59,47,47,59,89,100,100,196,196,215,235,140,140,151,151,161,186,186,199,210,239,256,273,273,273,273,273,172,199,199,199],"floor_reached":55,"playtime":3334,"items_purged":[],"score":1288,"play_id":"bc9cb13e-b34a-45a1-9552-4dfdb314318b","local_time":"20210105013603","is_ascension_mode":true,"campfire_choices":[{"data":"Apotheosis","floor":6.0,"key":"SMITH"},{"floor":15.0,"key":"REST"},{"floor":23.0,"key":"DIG"},{"floor":28.0,"key":"REST"},{"floor":32.0,"key":"REST"},{"floor":40.0,"key":"RECALL"},{"floor":49.0,"key":"REST"},{"floor":52.0,"key":"DIG"}],"circlet_count":0,"master_deck":["AscendersBane","Survivor","Neutralize","Apotheosis+1","Acrobatics","Tactician","Dash","Expertise","Die Die Die","Endless Agony","Backflip","Underhanded Strike","Reflex","Underhanded Strike","Acrobatics","Phantasmal Killer","Tactician","After Image","Dodge and Roll","Heel Hook","Endless Agony","Caltrops","Quick Slash","Catalyst","Bouncing Flask","Eviscerate","Noxious Fumes","Bullet Time","Deadly Poison","Escape Plan","Terror","Glass Knife","Reflex+1","Backflip+1","Calculated Gamble","Well Laid Plans","PiercingWail","Escape Plan+1","Outmaneuver+1","Dash","Catalyst","Backflip"],"relics":["Ring of the Snake","Tiny Chest","Ancient Tea Set","Odd Mushroom","Bottled Lightning","Centennial Puzzle","Pandora\u0027s Box","Membership Card","Shovel","Omamori","Gambling Chip","Lizard Tail","SacredBark","Shuriken","Pear","Letter Opener","Mercury Hourglass","Snake Skull","Paper Crane"],"acts_visited":["Exordium","TheCity","TheBeyond","TheEnding"],"potions_floor_usage":[55],"damage_taken":[{"damage":0.0,"enemies":"Jaw Worm","floor":1.0,"turns":5.0},{"damage":0.0,"enemies":"2 Louse","floor":2.0,"turns":4.0},{"damage":0.0,"enemies":"Cultist","floor":4.0,"turns":3.0},{"damage":2.0,"enemies":"3 Sentries","floor":7.0,"turns":6.0},{"damage":0.0,"enemies":"3 Louse","floor":8.0,"turns":1.0},{"damage":6.0,"enemies":"The Mushroom Lair","floor":10.0,"turns":4.0},{"damage":0.0,"enemies":"Lagavulin","floor":12.0,"turns":7.0},{"damage":0.0,"enemies":"Blue Slaver","floor":13.0,"turns":2.0},{"damage":0.0,"enemies":"Gremlin Gang","floor":14.0,"turns":2.0},{"damage":21.0,"enemies":"Slime Boss","floor":16.0,"turns":12.0},{"damage":5.0,"enemies":"Shell Parasite","floor":18.0,"turns":2.0},{"damage":16.0,"enemies":"2 Thieves","floor":19.0,"turns":3.0},{"damage":1.0,"enemies":"Centurion and Healer","floor":24.0,"turns":3.0},{"damage":5.0,"enemies":"Snecko","floor":25.0,"turns":4.0},{"damage":0.0,"enemies":"3 Cultists","floor":29.0,"turns":2.0},{"damage":5.0,"enemies":"Book of Stabbing","floor":30.0,"turns":4.0},{"damage":9.0,"enemies":"Snake Plant","floor":31.0,"turns":3.0},{"damage":0.0,"enemies":"Automaton","floor":33.0,"turns":6.0},{"damage":0.0,"enemies":"Orb Walker","floor":35.0,"turns":2.0},{"damage":27.0,"enemies":"3 Darklings","floor":36.0,"turns":3.0},{"damage":0.0,"enemies":"Transient","floor":39.0,"turns":5.0},{"damage":1.0,"enemies":"Sphere and 2 Shapes","floor":41.0,"turns":3.0},{"damage":22.0,"enemies":"Giant Head","floor":42.0,"turns":7.0},{"damage":16.0,"enemies":"Maw","floor":44.0,"turns":4.0},{"damage":2.0,"enemies":"Spire Growth","floor":45.0,"turns":4.0},{"damage":28.0,"enemies":"Nemesis","floor":46.0,"turns":7.0},{"damage":1.0,"enemies":"4 Shapes","floor":47.0,"turns":3.0},{"damage":5.0,"enemies":"Sphere and 2 Shapes","floor":48.0,"turns":4.0},{"damage":9.0,"enemies":"Awakened One","floor":50.0,"turns":7.0},{"damage":10.0,"enemies":"Shield and Spear","floor":54.0,"turns":4.0},{"damage":85,"enemies":"The Heart","floor":55,"turns":8}],"seed_played":"-4931111559873408729","potions_obtained":[{"floor":2.0,"key":"AttackPotion"},{"floor":4.0,"key":"Poison Potion"},{"floor":10.0,"key":"Block Potion"},{"floor":16.0,"key":"LiquidBronze"},{"floor":19.0,"key":"FearPotion"},{"floor":24.0,"key":"Swift Potion"},{"floor":31.0,"key":"EntropicBrew"},{"floor":33.0,"key":"Ancient Potion"},{"floor":44.0,"key":"Energy Potion"},{"floor":45.0,"key":"PowerPotion"}],"is_trial":false,"path_per_floor":["M","M","?","M","?","R","E","M","T","?","T","E","M","M","R","B",null,"M","M","?","?","$","R","M","M","T","$","R","M","E","M","R","B",null,"M","M","$","T","M","R","M","E","T","M","M","E","M","M","R","B",null,"R","$","E","B"],"character_chosen":"THE_SILENT","items_purchased":["Membership Card","Noxious Fumes","Shovel","Bullet Time","Deadly Poison","Calculated Gamble","Well Laid Plans","Regen Potion","Snake Skull","Strength Potion"],"campfire_rested":4,"item_purchase_floors":[22,22,22,22,27,37,37,37,53,53],"current_hp_per_floor":[63,63,56,56,56,56,54,54,54,48,48,48,48,48,63,42,58,53,37,37,31,31,31,30,25,25,25,43,43,38,29,47,47,59,59,32,32,32,32,32,31,46,56,40,38,10,9,4,25,16,59,59,59,49,0,0],"gold":199,"neow_bonus":"RANDOM_COLORLESS_2","is_daily":false,"chose_seed":false,"campfire_upgraded":1,"win_rate":0.0,"timestamp":1609817763,"path_taken":["M","M","?","M","?","R","E","?","T","?","?","E","M","M","R","BOSS","M","?","?","?","$","R","M","M","T","$","R","M","E","M","R","BOSS","M","M","$","?","M","R","M","E","T","M","?","E","M","M","R","BOSS","R","$","E","BOSS"],"items_purchased_type":["Relic","Card","Relic","Card","Card","Card","Card","Potion","Relic","Potion"],"build_version":"2020-12-22","purchased_purges":0,"victory":false,"max_hp_per_floor":[63,63,63,63,63,63,63,63,63,63,63,63,63,63,63,63,63,63,63,63,63,63,63,63,63,63,63,63,63,63,63,63,63,63,63,63,63,63,63,63,63,63,73,73,73,73,73,73,73,73,73,73,73,73,73,73],"card_choices":[{"not_picked":["Thinking Ahead","Secret Weapon"],"picked":"Apotheosis","floor":0.0},{"not_picked":["Deflect","Concentrate"],"picked":"Acrobatics","floor":1.0},{"not_picked":["Deflect","Cloak And Dagger"],"picked":"Tactician","floor":2.0},{"not_picked":["Acrobatics","Calculated Gamble"],"picked":"Dash","floor":4.0},{"not_picked":["Outmaneuver","Finisher"],"picked":"Endless Agony","floor":7.0},{"not_picked":["Deflect","Dodge and Roll"],"picked":"Backflip","floor":8.0},{"not_picked":["Deadly Poison","Prepared"],"picked":"Underhanded Strike","floor":10.0},{"not_picked":["Accuracy","Crippling Poison"],"picked":"Reflex","floor":12.0},{"not_picked":["Slice","Acrobatics"],"picked":"Underhanded Strike","floor":13.0},{"not_picked":["Dagger Throw","Dagger Spray"],"picked":"Acrobatics","floor":14.0},{"not_picked":["Adrenaline","Unload"],"picked":"Phantasmal Killer","floor":16.0},{"not_picked":["Backstab+1","Calculated Gamble"],"picked":"Bouncing Flask","floor":18.0},{"not_picked":["Quick Slash+1","All Out Attack"],"picked":"Eviscerate","floor":19.0},{"not_picked":["Backstab","Dagger Spray","Slice"],"picked":"SKIP","floor":24.0},{"not_picked":["Dodge and Roll","Slice","Sucker Punch"],"picked":"SKIP","floor":25.0},{"not_picked":["Underhanded Strike","Dagger Throw"],"picked":"Escape Plan","floor":29.0},{"not_picked":["Deflect","Acrobatics"],"picked":"Terror","floor":30.0},{"not_picked":["Infinite Blades","Blade Dance","Eviscerate"],"picked":"SKIP","floor":31.0},{"not_picked":["Wraith Form v2","Malaise"],"picked":"Glass Knife","floor":33.0},{"not_picked":["PiercingWail+1","Masterful Stab"],"picked":"Reflex+1","floor":35.0},{"not_picked":["Dagger Throw","Cloak And Dagger+1"],"picked":"Backflip+1","floor":36.0},{"not_picked":["Masterful Stab+1","Bouncing Flask"],"picked":"PiercingWail","floor":39.0},{"not_picked":["Terror","Sucker Punch","Prepared"],"picked":"SKIP","floor":41.0},{"not_picked":["Dagger Spray","Slice"],"picked":"Escape Plan+1","floor":42.0},{"not_picked":["Deflect+1","Dagger Spray+1"],"picked":"Outmaneuver+1","floor":44.0},{"not_picked":["Distraction","Predator"],"picked":"Dash","floor":45.0},{"not_picked":["Dash+1","Glass Knife"],"picked":"Catalyst","floor":46.0},{"not_picked":["Infinite Blades","Flying Knee","Poisoned Stab+1"],"picked":"SKIP","floor":47.0},{"not_picked":["Dagger Spray","Bane","Sucker Punch"],"picked":"SKIP","floor":48.0},{"not_picked":["Deadly Poison+1","Skewer+1"],"picked":"Backflip","floor":54.0}],"player_experience":475328,"relics_obtained":[{"floor":7.0,"key":"Tiny Chest"},{"floor":9.0,"key":"Ancient Tea Set"},{"floor":10.0,"key":"Odd Mushroom"},{"floor":11.0,"key":"Bottled Lightning"},{"floor":12.0,"key":"Centennial Puzzle"},{"floor":23.0,"key":"Omamori"},{"floor":26.0,"key":"Gambling Chip"},{"floor":30.0,"key":"Lizard Tail"},{"floor":42.0,"key":"Shuriken"},{"floor":43.0,"key":"Pear"},{"floor":46.0,"key":"Letter Opener"},{"floor":52.0,"key":"Mercury Hourglass"},{"floor":54.0,"key":"Paper Crane"}],"event_choices":[{"cards_removed":["Defend_G"],"damage_healed":0.0,"max_hp_gain":0.0,"max_hp_loss":0.0,"gold_gain":0.0,"event_name":"Golden Wing","player_choice":"Card Removal","floor":3.0,"gold_loss":0.0,"damage_taken":7.0},{"damage_healed":0.0,"max_hp_gain":0.0,"max_hp_loss":0.0,"gold_gain":0.0,"event_name":"Match and Keep!","player_choice":"2 cards matched","floor":5.0,"gold_loss":0.0,"damage_taken":0.0,"cards_obtained":["Expertise","Die Die Die"]},{"damage_healed":0.0,"max_hp_gain":0.0,"max_hp_loss":0.0,"gold_gain":0.0,"event_name":"Mushrooms","player_choice":"Fought Mushrooms","floor":10.0,"gold_loss":0.0,"damage_taken":0.0},{"cards_removed":["Choke"],"damage_healed":0.0,"max_hp_gain":0.0,"max_hp_loss":0.0,"gold_gain":0.0,"event_name":"Back to Basics","player_choice":"Elegance","floor":20.0,"gold_loss":0.0,"damage_taken":0.0},{"damage_healed":0.0,"max_hp_gain":0.0,"max_hp_loss":0.0,"gold_gain":0.0,"event_name":"Knowing Skull","player_choice":"","floor":21.0,"potions_obtained":[],"gold_loss":0.0,"damage_taken":6.0,"cards_obtained":[]}],"is_beta":false,"boss_relics":[{"not_picked":["Busted Crown","Runic Dome"],"picked":"Pandora\u0027s Box"},{"not_picked":["Snecko Eye","WristBlade"],"picked":"SacredBark"}],"items_purged_floors":[],"is_endless":false,"potions_floor_spawned":[2,4,10,16,19,24,30,31,33,36,41,44,45],"killed_by":"The Heart","ascension_level":11}}