{"host":"0uumfqrc8aynrssa","time":1609881777,"event":{"mods":["AchievementEnabler","Act Like it!","Aspiration","Astrologer","BaseMod","Better Altar","Better Match","Better Note","Better Sensory Stone","Better Skull","Better Third Choice","Better Vampires","CapriCore","Colored Map","Colored Powertips","Conspire","Downfall","Energized Spire","Friendly Minions","Gensokyo","GifTheSpireLib","Hallownest","Hermit","Highlight Path","Hubris","Infinite Spire","Koishi","Marisa????????","Marked Mod","Minty Spire (QoL Compilation)","Pale of the Ancients","Permanent Neow","Potionbrewer","Random Character Button","Rare Cards Sparkle","Reimu??????","Relic Sorter","Remilia??????","Replay The Spire","Robot Space Explorer","Shop Mod","Somnambulant","Spicy Shops","Spikes Relics","StSLib","Stuff the Spire","The Animator","The Awakened One except there are too many feathers","The Bug Knight","The Cursed","The Hierophant","The Immortal","The Marked","The Problem Sleuth","The Runesmith","The Servant 0.9.4","TheBandit","TheFirefly","Trackpad","Wandering Minibosses","everything is the same but u backflip on backflip","slay the spire mod where everything is the same but ironclad has a cowboy hat","vexMod"],"gold_per_floor":[110,9,9,23,40,67,67,67,67],"floor_reached":8,"playtime":2016,"items_purged":[],"score":56,"play_id":"87ca1a1a-d2fe-4114-bbed-59b849cb4164","local_time":"20210105162257","is_ascension_mode":false,"campfire_choices":[{"floor":7,"key":"REST"}],"circlet_count":0,"master_deck":["theMarked:Strike","theMarked:Strike","theMarked:Strike","theMarked:Strike","theMarked:Strike","theMarked:Defend","theMarked:Defend","theMarked:Defend+1","theMarked:Defend","theMarked:SoldierOfQuellstein","theMarked:Improvise","theMarked:RepellingDischarge","theMarked:KeepCalmAndFightOn","Gensokyo:SummonPsychicCat"],"relics":["theMarked:ArtifactOfAir","Strawberry","StuffTheSpire:Barrel","HollowMod:PaleOreRelic"],"acts_visited":["Gensokyo:Gensokyo"],"potions_floor_usage":[8,8],"damage_taken":[{"damage":1,"enemies":"Gensokyo:Python","floor":1,"turns":3},{"damage":10,"enemies":"Gensokyo:3_Fairies","floor":4,"turns":5},{"damage":9,"enemies":"Gensokyo:2_Kodama","floor":5,"turns":7},{"damage":48,"enemies":"Gensokyo:Mamizou","floor":6,"turns":13},{"damage":36,"enemies":"Gensokyo:Aya","floor":8,"turns":9}],"seed_played":"-8665601473529033737","potions_obtained":[{"floor":1,"key":"SkillPotion"},{"floor":5,"key":"AttackPotion"}],"is_trial":false,"path_per_floor":["M","COS","?","M","M","E","R","E"],"character_chosen":"THE_DEFAULT","items_purchased":[],"campfire_rested":1,"item_purchase_floors":[],"current_hp_per_floor":[76,76,62,52,51,11,34,0,0],"gold":67,"neow_bonus":"RANDOM_COMMON_RELIC","is_daily":false,"chose_seed":false,"campfire_upgraded":0,"win_rate":0.0,"timestamp":1609881777,"path_taken":["M","COS","?","M","M","E","R","E"],"items_purchased_type":[],"build_version":"2020-12-22","purchased_purges":0,"victory":false,"max_hp_per_floor":[77,77,77,77,77,77,77,77,77],"card_choices":[{"not_picked":["theMarked:AttractMetal","theMarked:WastefulAttack"],"picked":"theMarked:Improvise","floor":1},{"not_picked":["theMarked:TwofoldDefense","theMarked:Polarize"],"picked":"theMarked:RepellingDischarge","floor":4},{"not_picked":["theMarked:Aftermath","theMarked:TwofoldDefense"],"picked":"theMarked:KeepCalmAndFightOn","floor":5},{"not_picked":["theMarked:Panic","theMarked:Frustration","theMarked:WardOff"],"picked":"SKIP","floor":6}],"player_experience":894070,"relics_obtained":[{"floor":6,"key":"HollowMod:PaleOreRelic"}],"event_choices":[{"damage_healed":0,"gold_gain":0,"player_choice":"UP ","damage_taken":16,"relics_obtained":[],"max_hp_gain":0,"max_hp_loss":0,"event_name":"betterSkull:BetterSkull","floor":3,"gold_loss":0,"cards_upgraded":["theMarked:Defend"]}],"is_beta":false,"boss_relics":[],"items_purged_floors":[],"is_endless":false,"potions_floor_spawned":[1,5],"killed_by":"Gensokyo:Aya","ascension_level":0}}