{"host":"cl5ee6jxhpbkfa4l","time":1609842502,"event":{"mods":["BaseMod","Friendly Minions","Lobotomy","LobotomyExtend","Minty Spire (QoL Compilation)","StSLib","Waifu the Spire"],"gold_per_floor":[112,124,124,2,22,47,62,79,132,132,144,144,144,144,144,239,239,258,258,258],"floor_reached":19,"playtime":1377,"items_purged":[],"score":171,"play_id":"229c4536-8435-47b8-a3bc-c60e443aebd2","local_time":"20210105182822","is_ascension_mode":false,"campfire_choices":[{"floor":15,"key":"REST"}],"circlet_count":0,"master_deck":["Strike_R","Strike_R","Strike_R","Strike_R","Strike_R","Defend_R","Defend_R","Defend_R","Defend_R","Bash","UniverseFragment","Anger","Armaments","Flex","Inflame","CrumblingArmor","Bloodbath","Clash","Spot Weakness","OSAHOGD","Limit Break","GreedKing","Anger"],"relics":["Burning Blood","CogitoBucket","LetterFromLob","Bird Faced Urn","Kunai","ResearcherNote","Toy Ornithopter","Bag of Preparation","Fusion Hammer"],"acts_visited":["Exordium","TheCity"],"potions_floor_usage":[19,19],"damage_taken":[{"damage":0,"enemies":"2 Louse","floor":1,"turns":3},{"damage":1,"enemies":"Cultist","floor":2,"turns":3},{"damage":0,"enemies":"Small Slimes","floor":5,"turns":3},{"damage":31,"enemies":"3 Sentries","floor":6,"turns":7},{"damage":22,"enemies":"Exordium Wildlife","floor":7,"turns":6},{"damage":36,"enemies":"Lots of Slimes","floor":8,"turns":6},{"damage":1,"enemies":"2 Fungi Beasts","floor":11,"turns":3},{"damage":1,"enemies":"3 Louse","floor":13,"turns":3},{"damage":58,"enemies":"Slime Boss","floor":16,"turns":12},{"damage":22,"enemies":"2 Thieves","floor":18,"turns":4},{"damage":42,"enemies":"Spheric Guardian","floor":19,"turns":3}],"seed_played":"4020389318257889591","potions_obtained":[{"floor":6,"key":"Swift Potion"},{"floor":7,"key":"CultistPotion"},{"floor":11,"key":"FearPotion"},{"floor":16,"key":"Strength Potion"}],"is_trial":false,"path_per_floor":["M","M","?","$","M","E","M","M","T","?","M","?","M","?","R","B",null,"M","M"],"character_chosen":"IRONCLAD","items_purchased":["Flex","Inflame"],"campfire_rested":1,"item_purchase_floors":[4,4],"current_hp_per_floor":[80,80,80,80,80,55,42,15,15,15,23,23,31,31,55,8,80,65,36,36],"gold":258,"neow_bonus":"","is_daily":false,"chose_seed":false,"campfire_upgraded":0,"win_rate":0.0,"timestamp":1609842502,"path_taken":["M","M","?","?","M","E","M","M","T","?","?","?","M","?","R","BOSS","M","M"],"items_purchased_type":["Card","Card"],"build_version":"2020-12-22","purchased_purges":0,"victory":false,"max_hp_per_floor":[80,80,80,80,80,80,80,80,80,80,80,80,80,80,80,80,80,80,80,80],"card_choices":[{"not_picked":["SpiderBud","Porccubus"],"picked":"UniverseFragment","floor":1},{"not_picked":["Second Wind","Inflame"],"picked":"Anger","floor":1},{"not_picked":["ShyLook","HeroicMonk"],"picked":"LongBird","floor":2},{"not_picked":["Pommel Strike","Hemokinesis"],"picked":"Armaments","floor":2},{"not_picked":["PunishingBird","MeatLantern"],"picked":"CrumblingArmor","floor":5},{"not_picked":["Hemokinesis","Wild Strike","Pommel Strike"],"picked":"SKIP","floor":5},{"not_picked":["Hemokinesis","Wild Strike","Pommel Strike"],"picked":"SKIP","floor":5},{"not_picked":["Murderer","MeatLantern"],"picked":"Bloodbath","floor":6},{"not_picked":["Flame Barrier","Sword Boomerang","Perfected Strike"],"picked":"SKIP","floor":6},{"not_picked":["Shockwave","Iron Wave"],"picked":"Clash","floor":7},{"not_picked":["Combust","Fire Breathing","Wild Strike"],"picked":"SKIP","floor":8},{"not_picked":["Pummel","Sentinel"],"picked":"Spot Weakness","floor":11},{"not_picked":["Scorched","SpiderBud","Wellcheers"],"picked":"Singing Bowl","floor":11},{"not_picked":["MeatLantern","PunishingBird"],"picked":"OSAHOGD","floor":11},{"not_picked":["Woodsman","WallGazer","Wellcheers"],"picked":"Singing Bowl","floor":13},{"not_picked":["Pommel Strike","Infernal Blade","Perfected Strike"],"picked":"SKIP","floor":13},{"not_picked":["Reaper","Berserk"],"picked":"Limit Break","floor":16},{"not_picked":["MHz","ShyLook","FairyFestival"],"picked":"Singing Bowl","floor":16},{"not_picked":["Rudolta","Wellcheers"],"picked":"GreedKing","floor":18},{"not_picked":["Pommel Strike+1","Searing Blow+1"],"picked":"Anger","floor":18}],"player_experience":59135,"relics_obtained":[{"floor":1,"key":"LetterFromLob"},{"floor":3,"key":"Bird Faced Urn"},{"floor":6,"key":"Kunai"},{"floor":9,"key":"Toy Ornithopter"}],"event_choices":[{"damage_healed":0,"gold_gain":0,"player_choice":"Relic","damage_taken":0,"max_hp_gain":0,"max_hp_loss":0,"event_name":"Wheel of Change","floor":3,"gold_loss":0},{"cards_removed":["LongBird"],"damage_healed":0,"gold_gain":0,"player_choice":"Forget","damage_taken":0,"max_hp_gain":0,"max_hp_loss":0,"event_name":"Living Wall","floor":12,"gold_loss":0},{"damage_healed":0,"gold_gain":0,"player_choice":"Searched \u00271\u0027 times","damage_taken":0,"relics_obtained":["Bag of Preparation"],"max_hp_gain":0,"max_hp_loss":0,"event_name":"Dead Adventurer","floor":14,"gold_loss":0}],"is_beta":false,"boss_relics":[{"not_picked":["Ectoplasm","Coffee Dripper"],"picked":"Fusion Hammer"}],"items_purged_floors":[],"is_endless":false,"potions_floor_spawned":[6,7,11,16],"killed_by":"Spheric Guardian","ascension_level":0}}