{"host":"5x08nt64u3vxxcfi","time":1609846443,"event":{"mods":["BaseMod","Minty Spire (QoL Compilation)","StSLib","SuperFastMode"],"gold_per_floor":[114,189,169,188,188,188,216,68,141,166,166,37,37,62,62,158,158,177,177,177,177,177,177,177],"floor_reached":23,"playtime":435,"items_purged":[],"score":289,"play_id":"776859ad-3c76-47e2-b601-442d482213e4","local_time":"20210105203403","is_ascension_mode":true,"campfire_choices":[{"data":"Go for the Eyes","floor":6,"key":"SMITH"},{"data":"Zap","floor":11,"key":"SMITH"},{"data":"Dualcast","floor":13,"key":"SMITH"},{"data":"Stack","floor":15,"key":"SMITH"}],"circlet_count":0,"master_deck":["Strike_B","Strike_B","Strike_B","Defend_B","Defend_B","Defend_B","Defend_B","Zap+1","Dualcast+1","Recycle+1","Go for the Eyes+1","Amplify","Rebound+1","Scrape+1","Steam+1","Stack+1","All For One+1","CurseOfTheBell","Reprogram+1","Reprogram"],"relics":["Cracked Core","NeowsBlessing","Anchor","Juzu Bracelet","Darkstone Periapt","Molten Egg 2","Lantern","Calling Bell","War Paint","HornCleat","FossilizedHelix"],"acts_visited":["Exordium","TheCity"],"potions_floor_usage":[10,14,23],"damage_taken":[{"damage":0,"enemies":"Jaw Worm","floor":1,"turns":1},{"damage":0,"enemies":"2 Louse","floor":4,"turns":1},{"damage":0,"enemies":"Gremlin Nob","floor":7,"turns":1},{"damage":22,"enemies":"3 Sentries","floor":10,"turns":9},{"damage":0,"enemies":"Lagavulin","floor":14,"turns":5},{"damage":27,"enemies":"Hexaghost","floor":16,"turns":12},{"damage":12,"enemies":"Shell Parasite","floor":18,"turns":6},{"damage":60,"enemies":"Gremlin Leader","floor":23,"turns":10}],"seed_played":"6249361609424997831","potions_obtained":[{"floor":1,"key":"PowerPotion"},{"floor":3,"key":"Fire Potion"},{"floor":14,"key":"SteroidPotion"},{"floor":20,"key":"EssenceOfDarkness"},{"floor":20,"key":"SteroidPotion"}],"is_trial":false,"path_per_floor":["M","?","?","M","?","R","E","$","T","E","R","$","R","E","R","B",null,"M","?","?","?","?","E"],"character_chosen":"DEFECT","items_purchased":["Juzu Bracelet","Scrape+1","Steam"],"campfire_rested":0,"item_purchase_floors":[8,12,12],"current_hp_per_floor":[75,64,64,64,57,57,57,57,57,35,35,35,35,35,35,8,81,69,69,69,69,54,0,0],"gold":177,"neow_bonus":"THREE_ENEMY_KILL","is_daily":false,"chose_seed":false,"campfire_upgraded":4,"win_rate":0.0,"timestamp":1609846443,"path_taken":["M","?","?","?","?","R","E","$","T","E","R","$","R","E","R","BOSS","M","?","?","?","?","E"],"items_purchased_type":["Relic","Card","Card"],"build_version":"2020-12-22","purchased_purges":0,"victory":false,"max_hp_per_floor":[75,75,75,75,75,75,75,75,75,75,75,75,75,75,75,75,81,81,81,81,81,86,86,86],"card_choices":[{"not_picked":["Melter","Fusion"],"picked":"Recycle","floor":1},{"not_picked":["Hologram","Leap"],"picked":"Go for the Eyes","floor":4},{"not_picked":["Steam","Auto Shields"],"picked":"Amplify","floor":7},{"not_picked":["Recycle","Capacitor"],"picked":"Rebound+1","floor":10},{"not_picked":["Double Energy","Steam"],"picked":"Stack","floor":14},{"not_picked":["Machine Learning","Multi-Cast"],"picked":"All For One+1","floor":16},{"not_picked":["Cold Snap+1","Sweeping Beam+1"],"picked":"Reprogram+1","floor":18}],"player_experience":43155,"relics_obtained":[{"floor":7,"key":"Anchor"},{"floor":9,"key":"Darkstone Periapt"},{"floor":10,"key":"Molten Egg 2"},{"floor":14,"key":"Lantern"},{"floor":17,"key":"War Paint"},{"floor":17,"key":"HornCleat"},{"floor":17,"key":"FossilizedHelix"}],"event_choices":[{"damage_healed":0,"gold_gain":75,"player_choice":"Gather Gold","damage_taken":11,"max_hp_gain":0,"max_hp_loss":0,"event_name":"World of Goop","floor":2,"gold_loss":0},{"damage_healed":0,"gold_gain":0,"player_choice":"Bought 1 Potion","damage_taken":0,"max_hp_gain":0,"max_hp_loss":0,"event_name":"The Woman in Blue","floor":3,"gold_loss":0},{"cards_removed":["Strike_B"],"damage_healed":0,"gold_gain":0,"player_choice":"Card Removal","damage_taken":7,"max_hp_gain":0,"max_hp_loss":0,"event_name":"Golden Wing","floor":5,"gold_loss":0},{"damage_healed":0,"gold_gain":0,"player_choice":"Ignored","damage_taken":0,"max_hp_gain":0,"max_hp_loss":0,"event_name":"Vampires","floor":19,"gold_loss":0},{"damage_healed":0,"gold_gain":0,"player_choice":"Got Potions","damage_taken":0,"max_hp_gain":0,"max_hp_loss":0,"event_name":"Lab","floor":20,"gold_loss":0},{"damage_healed":0,"gold_gain":0,"player_choice":"Read","damage_taken":0,"max_hp_gain":0,"max_hp_loss":0,"event_name":"The Library","floor":21,"gold_loss":0,"cards_obtained":["Reprogram"]},{"damage_healed":0,"gold_gain":0,"player_choice":"Shed Blood","damage_taken":20,"max_hp_gain":5,"max_hp_loss":0,"event_name":"Forgotten Altar","floor":22,"gold_loss":0}],"is_beta":false,"boss_relics":[{"not_picked":["Runic Dome","Cursed Key"],"picked":"Calling Bell"}],"items_purged_floors":[],"is_endless":false,"potions_floor_spawned":[1,14],"killed_by":"Gremlin Leader","ascension_level":3}}