{"host":"egyxg9lnjq7g2hmw","time":1609888445,"event":{"mods":["AchievementEnabler","BaseMod","Block Reminder","Colored Map","Colored Powertips","Highlight Path","Minty Spire (QoL Compilation)","Rare Cards Sparkle","StSLib"],"gold_per_floor":[109,69,88,20,39,39,71,83,110,125,50,50,66,95,95,196,196,212,212,212,232,243,268,287,287,287,314,314,325,39,39,39,144,144,159,211,221,96,115,115,115],"floor_reached":40,"playtime":1805,"items_purged":["Strike_R","Writhe","Strike_R"],"score":638,"play_id":"6c2696af-a7ef-482c-b419-16d0d3683500","local_time":"20210105151405","is_ascension_mode":true,"campfire_choices":[{"data":"Immolate","floor":6.0,"key":"SMITH"},{"data":"Rupture","floor":12.0,"key":"SMITH"},{"data":"Bloodletting","floor":15.0,"key":"SMITH"},{"data":"Armaments","floor":25.0,"key":"SMITH"},{"data":"Limit Break","floor":28.0,"key":"SMITH"},{"floor":32.0,"key":"REST"}],"circlet_count":0,"master_deck":["Defend_R+1","Defend_R+1","Defend_R","Defend_R","Bash","Immolate+1","Rupture+1","Thunderclap","Bloodletting+1","Headbutt","Headbutt","Feed","Limit Break+1","Armaments+1","Blood for Blood","Iron Wave","Dual Wield+1","Uppercut+1","Rupture+1","Bloodletting+1","Rampage","Demon Form+1","Inflame+1","Warcry+1","Demon Form+1","Bloodletting","Flame Barrier+1","Heavy Blade+1"],"relics":["Burning Blood","Tiny Chest","Centennial Puzzle","War Paint","Snecko Eye","Frozen Egg 2","Dream Catcher","MealTicket","Pen Nib","DollysMirror","White Beast Statue","Astrolabe","Lizard Tail"],"acts_visited":["Exordium","TheCity","TheBeyond"],"potions_floor_usage":[40],"damage_taken":[{"damage":5.0,"enemies":"Small Slimes","floor":1.0,"turns":2.0},{"damage":6.0,"enemies":"Cultist","floor":3.0,"turns":4.0},{"damage":7.0,"enemies":"Jaw Worm","floor":5.0,"turns":3.0},{"damage":5.0,"enemies":"3 Sentries","floor":7.0,"turns":3.0},{"damage":2.0,"enemies":"Large Slime","floor":8.0,"turns":4.0},{"damage":2.0,"enemies":"2 Fungi Beasts","floor":10.0,"turns":2.0},{"damage":11.0,"enemies":"Blue Slaver","floor":13.0,"turns":4.0},{"damage":16.0,"enemies":"Gremlin Nob","floor":14.0,"turns":3.0},{"damage":34.0,"enemies":"The Guardian","floor":16.0,"turns":7.0},{"damage":11.0,"enemies":"Spheric Guardian","floor":18.0,"turns":3.0},{"damage":11.0,"enemies":"Shell Parasite","floor":21.0,"turns":3.0},{"damage":19.0,"enemies":"Centurion and Healer","floor":22.0,"turns":6.0},{"damage":24.0,"enemies":"Gremlin Leader","floor":23.0,"turns":4.0},{"damage":0.0,"enemies":"3 Cultists","floor":24.0,"turns":3.0},{"damage":22.0,"enemies":"Book of Stabbing","floor":27.0,"turns":3.0},{"damage":8.0,"enemies":"Snecko","floor":29.0,"turns":3.0},{"damage":44.0,"enemies":"Collector","floor":33.0,"turns":6.0},{"damage":18.0,"enemies":"3 Darklings","floor":35.0,"turns":3.0},{"damage":61.0,"enemies":"2 Orb Walkers","floor":36.0,"turns":4.0},{"damage":9.0,"enemies":"3 Shapes","floor":37.0,"turns":4.0},{"damage":37.0,"enemies":"3 Darklings","floor":39.0,"turns":3.0},{"damage":79,"enemies":"Nemesis","floor":40,"turns":4}],"seed_played":"-645536418339830491","potions_obtained":[{"floor":2.0,"key":"Ancient Potion"},{"floor":2.0,"key":"Ancient Potion"},{"floor":2.0,"key":"Fire Potion"},{"floor":7.0,"key":"GamblersBrew"},{"floor":10.0,"key":"Dexterity Potion"},{"floor":16.0,"key":"Energy Potion"},{"floor":27.0,"key":"DistilledChaos"},{"floor":33.0,"key":"Regen Potion"},{"floor":35.0,"key":"DuplicationPotion"},{"floor":36.0,"key":"Regen Potion"},{"floor":39.0,"key":"Regen Potion"}],"is_trial":false,"path_per_floor":["M","?","M","$","M","R","E","M","T","M","$","R","M","E","R","B",null,"M","?","?","M","M","E","M","R","T","E","R","M","$","T","R","B",null,"M","?","M","$","M","E"],"character_chosen":"IRONCLAD","items_purchased":["Bloodletting","Rupture+1","DollysMirror"],"campfire_rested":1,"item_purchase_floors":[4,30,30],"current_hp_per_floor":[73,73,73,73,72,72,73,77,77,80,80,80,75,65,65,40,72,70,70,53,51,41,23,32,32,32,16,16,14,29,29,59,21,80,71,16,13,28,57,0,0],"gold":115,"neow_bonus":"ONE_RANDOM_RARE_CARD","is_daily":false,"chose_seed":false,"campfire_upgraded":5,"win_rate":0.0,"timestamp":1609888445,"path_taken":["M","?","M","?","?","R","E","M","T","M","$","R","?","E","R","BOSS","M","?","?","M","M","E","M","R","T","E","R","M","$","?","R","BOSS","M","?","M","$","M","E"],"items_purchased_type":["Card","Card","Relic"],"build_version":"2020-12-22","purchased_purges":3,"victory":false,"max_hp_per_floor":[80,80,80,80,80,80,80,80,80,80,80,80,80,80,80,83,83,86,86,91,94,97,97,100,100,100,100,100,100,100,100,100,100,100,103,103,103,103,103,103,103],"card_choices":[{"not_picked":["Twin Strike","Clash"],"picked":"Rupture","floor":1.0},{"not_picked":["Carnage","Anger"],"picked":"Thunderclap","floor":3.0},{"not_picked":["Burning Pact","Fire Breathing"],"picked":"Headbutt","floor":5.0},{"not_picked":["Searing Blow","Bludgeon","Twin Strike"],"picked":"SKIP","floor":7.0},{"not_picked":["Rage","Cleave","Dark Embrace"],"picked":"SKIP","floor":8.0},{"not_picked":["Anger","Flex"],"picked":"Headbutt","floor":10.0},{"not_picked":["Intimidate","Power Through"],"picked":"Feed","floor":13.0},{"not_picked":["Thunderclap","Clash","Headbutt"],"picked":"SKIP","floor":14.0},{"not_picked":["Barricade","Immolate"],"picked":"Limit Break","floor":16.0},{"not_picked":["Searing Blow","Sword Boomerang"],"picked":"Armaments","floor":18.0},{"not_picked":["Perfected Strike+1","Cleave+1","Flex"],"picked":"SKIP","floor":21.0},{"not_picked":["Sword Boomerang+1","Clothesline"],"picked":"Blood for Blood","floor":22.0},{"not_picked":["Entrench","Corruption+1"],"picked":"Iron Wave","floor":23.0},{"not_picked":["Thunderclap","Battle Trance+1","Rage+1"],"picked":"SKIP","floor":24.0},{"not_picked":["Thunderclap","Battle Trance+1","Rage+1"],"picked":"SKIP","floor":24.0},{"not_picked":["Flame Barrier","Second Wind"],"picked":"Dual Wield+1","floor":27.0},{"not_picked":["Rage","Twin Strike+1"],"picked":"Uppercut+1","floor":29.0},{"not_picked":["Sword Boomerang","Reaper"],"picked":"Rampage","floor":32.0},{"not_picked":["Reaper","Exhume"],"picked":"Demon Form+1","floor":33.0},{"not_picked":["Heavy Blade","Perfected Strike"],"picked":"Bloodletting","floor":35.0},{"not_picked":["Seeing Red+1","Warcry+1"],"picked":"Flame Barrier+1","floor":36.0},{"not_picked":["Pommel Strike","Perfected Strike+1","Shockwave+1"],"picked":"SKIP","floor":37.0},{"not_picked":["Feel No Pain+1","Pummel+1"],"picked":"Heavy Blade+1","floor":39.0}],"player_experience":580075,"relics_obtained":[{"floor":7.0,"key":"Tiny Chest"},{"floor":9.0,"key":"Centennial Puzzle"},{"floor":14.0,"key":"War Paint"},{"floor":23.0,"key":"Dream Catcher"},{"floor":26.0,"key":"MealTicket"},{"floor":27.0,"key":"Pen Nib"},{"floor":31.0,"key":"White Beast Statue"},{"floor":36.0,"key":"Lizard Tail"}],"event_choices":[{"damage_healed":0.0,"max_hp_gain":0.0,"max_hp_loss":0.0,"gold_gain":0.0,"event_name":"The Woman in Blue","player_choice":"Bought 3 Potions","floor":2.0,"gold_loss":0.0,"damage_taken":0.0},{"damage_healed":0.0,"max_hp_gain":0.0,"max_hp_loss":0.0,"gold_gain":0.0,"event_name":"The Mausoleum","player_choice":"Opened","floor":19.0,"gold_loss":0.0,"damage_taken":0.0,"relics_obtained":["Frozen Egg 2"],"cards_obtained":["Writhe"]},{"damage_healed":0.0,"max_hp_gain":5.0,"max_hp_loss":0.0,"gold_gain":0.0,"event_name":"Forgotten Altar","player_choice":"Shed Blood","floor":20.0,"gold_loss":0.0,"damage_taken":22.0},{"damage_healed":0.0,"max_hp_gain":0.0,"max_hp_loss":0.0,"gold_gain":0.0,"event_name":"Mysterious Sphere","player_choice":"Fight","floor":36.0,"gold_loss":0.0,"damage_taken":0.0}],"is_beta":false,"boss_relics":[{"not_picked":["Runic Dome","Fusion Hammer"],"picked":"Snecko Eye"},{"not_picked":["Runic Pyramid","SacredBark"],"picked":"Astrolabe"}],"items_purged_floors":[11,30,38],"is_endless":false,"potions_floor_spawned":[7,10,14,16,27,33,35,36,37,39],"killed_by":"Nemesis","ascension_level":8}}