{"host":"qrt7o4dq2qslzw13","time":1609853910,"event":{"mods":["AchievementEnabler","BaseMod","Colored Map","Colored Powertips","Minty Spire (QoL Compilation)","Quick Restart","StSLib","SuperFastMode"],"gold_per_floor":[111,128,128,145,157,157,185,185,209,209,209,239,8,19,19,119,119,135,135,155,9,24,40,40,40,66,95,124,164,176,199,211,326,338,362,374,1385,581,591,591,606,631,655,655,686,686,705,31,31,31],"floor_reached":51,"playtime":1560,"items_purged":["Normality","Shame"],"score":767,"play_id":"cd187fb5-0894-4cfb-8615-ca8557496024","local_time":"20210105083830","is_ascension_mode":false,"campfire_choices":[{"data":"Rupture","floor":6.0,"key":"SMITH"},{"data":"Rage","floor":8.0,"key":"SMITH"},{"data":"Twin Strike","floor":11.0,"key":"SMITH"},{"floor":15.0,"key":"RECALL"},{"floor":24.0,"key":"REST"},{"data":"Rampage","floor":30.0,"key":"SMITH"},{"floor":32.0,"key":"REST"},{"data":"Bloodletting","floor":40.0,"key":"SMITH"},{"floor":44,"key":"REST"},{"data":"Secret Weapon","floor":49,"key":"SMITH"}],"circlet_count":0,"master_deck":["Strike_R","Strike_R","Defend_R","Defend_R","Defend_R","Bash","Rupture+1","Twin Strike+1","Flame Barrier","Bloodletting+1","Rage+1","Twin Strike","Secret Weapon+1","Warcry","Immolate","Offering","Juggernaut+1","Carnage+1","Rage+1","Headbutt","Barricade","Spot Weakness+1","Shrug It Off","Sword Boomerang","Flex+1","Flex","Combust","Disarm","Rampage+1","Power Through","Reaper","Twin Strike+1","Panache","PanicButton","Shockwave","Ghostly Armor","Flame Barrier+1","Parasite","Pommel Strike","The Bomb","Finesse","Pommel Strike","Shrug It Off"],"relics":["Burning Blood","NeowsBlessing","Oddly Smooth Stone","Smiling Mask","PreservedInsect","Astrolabe","Bag of Marbles","MawBank","Red Mask","Busted Crown","Question Card","Strange Spoon","HornCleat","Ancient Tea Set","Pen Nib","Red Skull","Lee\u0027s Waffle"],"acts_visited":["Exordium","TheCity","TheBeyond"],"potions_floor_usage":[42,42,50],"damage_taken":[{"damage":0.0,"enemies":"2 Louse","floor":1.0,"turns":1.0},{"damage":0.0,"enemies":"Jaw Worm","floor":2.0,"turns":1.0},{"damage":0.0,"enemies":"Cultist","floor":4.0,"turns":1.0},{"damage":9.0,"enemies":"2 Fungi Beasts","floor":5.0,"turns":4.0},{"damage":13.0,"enemies":"3 Sentries","floor":7.0,"turns":6.0},{"damage":20.0,"enemies":"Gremlin Nob","floor":12.0,"turns":4.0},{"damage":3.0,"enemies":"Exordium Wildlife","floor":14.0,"turns":4.0},{"damage":60.0,"enemies":"The Guardian","floor":16.0,"turns":9.0},{"damage":6.0,"enemies":"2 Thieves","floor":18.0,"turns":2.0},{"damage":9.0,"enemies":"3 Byrds","floor":20.0,"turns":3.0},{"damage":35.0,"enemies":"Snake Plant","floor":22.0,"turns":5.0},{"damage":9.0,"enemies":"Cultist and Chosen","floor":23.0,"turns":2.0},{"damage":3.0,"enemies":"Chosen and Byrds","floor":27.0,"turns":4.0},{"damage":17.0,"enemies":"3 Cultists","floor":28.0,"turns":3.0},{"damage":6.0,"enemies":"Masked Bandits","floor":29.0,"turns":3.0},{"damage":14.0,"enemies":"Centurion and Healer","floor":31.0,"turns":7.0},{"damage":61.0,"enemies":"Champ","floor":33.0,"turns":9.0},{"damage":20.0,"enemies":"Orb Walker","floor":35.0,"turns":4.0},{"damage":5.0,"enemies":"3 Shapes","floor":39.0,"turns":3.0},{"damage":5.0,"enemies":"Jaw Worm Horde","floor":41.0,"turns":4.0},{"damage":32,"enemies":"Giant Head","floor":42,"turns":6},{"damage":11,"enemies":"Reptomancer","floor":45,"turns":4},{"damage":6,"enemies":"Writhing Mass","floor":47,"turns":8},{"damage":67,"enemies":"Donu and Deca","floor":50,"turns":7}],"seed_played":"7438472800647540419","potions_obtained":[{"floor":4.0,"key":"PowerPotion"},{"floor":5.0,"key":"AttackPotion"},{"floor":12.0,"key":"Block Potion"},{"floor":23.0,"key":"Swift Potion"},{"floor":28.0,"key":"ElixirPotion"},{"floor":29.0,"key":"ColorlessPotion"},{"floor":35.0,"key":"AttackPotion"},{"floor":47,"key":"Weak Potion"}],"is_trial":false,"path_per_floor":["M","M","?","M","M","R","E","R","T","?","R","E","$","M","R","B",null,"M","?","M","$","M","M","R","T","T","M","M","?","R","M","R","B",null,"M","?","?","$","M","R","M","E","T","R","E","?","M","$","R","B",null],"character_chosen":"IRONCLAD","items_purchased":["Secret Weapon","Warcry","Rupture","Shrug It Off","Sword Boomerang","Panache","PanicButton","Shockwave","Question Card","Strange Spoon","SteroidPotion","The Bomb","Finesse","Pommel Strike","Shrug It Off","Red Skull","Lee\u0027s Waffle"],"campfire_rested":3,"item_purchase_floors":[13,13,21,21,21,38,38,38,38,38,38,48,48,48,48,48,48],"current_hp_per_floor":[80,80,73,79,76,76,69,69,69,80,80,66,66,69,69,15,80,80,80,77,77,48,45,69,69,69,72,61,61,61,53,77,22,80,70,70,70,70,71,71,76,62,62,80,80,80,80,87,87,26],"gold":31,"neow_bonus":"THREE_ENEMY_KILL","is_daily":false,"chose_seed":false,"campfire_upgraded":6,"win_rate":0.0,"timestamp":1609853910,"path_taken":["M","M","?","M","M","R","E","R","T","?","R","E","$","?","R","BOSS","M","?","M","$","M","M","R","?","T","M","M","?","R","M","R","BOSS","M","?","?","$","M","R","M","E","T","R","E","?","M","$","R","BOSS"],"items_purchased_type":["Card","Card","Card","Card","Card","Card","Card","Card","Relic","Relic","Potion","Card","Card","Card","Card","Relic","Relic"],"build_version":"2020-12-22","purchased_purges":2,"victory":true,"max_hp_per_floor":[80,80,80,80,80,80,80,80,80,80,80,80,80,80,80,80,80,80,80,80,80,80,80,80,80,80,80,80,80,80,80,80,80,80,80,80,80,80,80,80,80,80,80,80,80,80,80,87,87,87],"card_choices":[{"not_picked":["Clothesline","Armaments"],"picked":"Rupture","floor":1.0},{"not_picked":["Headbutt","Pummel"],"picked":"Twin Strike","floor":2.0},{"not_picked":["Headbutt","Flex"],"picked":"Flame Barrier","floor":4.0},{"not_picked":["Inflame","Evolve"],"picked":"Bloodletting","floor":5.0},{"not_picked":["True Grit","Anger"],"picked":"Rage","floor":7.0},{"not_picked":["Armaments","Warcry"],"picked":"Twin Strike","floor":12.0},{"not_picked":["Anger","Body Slam"],"picked":"Immolate","floor":14.0},{"not_picked":["Barricade","Impervious"],"picked":"Offering","floor":16.0},{"not_picked":["Thunderclap","Clothesline"],"picked":"Headbutt","floor":18.0},{"not_picked":["True Grit+1","Dark Embrace"],"picked":"Spot Weakness+1","floor":20.0},{"not_picked":["Wild Strike","Perfected Strike"],"picked":"Flex+1","floor":22.0},{"not_picked":["Cleave","Armaments"],"picked":"Flex","floor":23.0},{"not_picked":["Dark Embrace","Twin Strike"],"picked":"Combust","floor":27.0},{"not_picked":["Armaments","Burning Pact"],"picked":"Disarm","floor":28.0},{"not_picked":["Sword Boomerang","Rage"],"picked":"Rampage","floor":29.0},{"not_picked":["Body Slam","Havoc"],"picked":"Power Through","floor":31.0},{"not_picked":["Immolate","Demon Form"],"picked":"Reaper","floor":33.0},{"not_picked":[],"picked":"Twin Strike+1","floor":35.0},{"not_picked":["Blood for Blood+1"],"picked":"Ghostly Armor","floor":39.0},{"not_picked":["Ghostly Armor","Rage+1"],"picked":"SKIP","floor":41.0},{"not_picked":["Combust","Headbutt"],"picked":"SKIP","floor":42},{"not_picked":["Cleave+1"],"picked":"Flame Barrier+1","floor":45},{"not_picked":["Twin Strike+1"],"picked":"Pommel Strike","floor":47}],"player_experience":503346,"relics_obtained":[{"floor":7.0,"key":"Oddly Smooth Stone"},{"floor":9.0,"key":"Smiling Mask"},{"floor":12.0,"key":"PreservedInsect"},{"floor":25.0,"key":"Bag of Marbles"},{"floor":26.0,"key":"MawBank"},{"floor":29.0,"key":"Red Mask"},{"floor":42,"key":"HornCleat"},{"floor":43,"key":"Ancient Tea Set"},{"floor":45,"key":"Pen Nib"}],"event_choices":[{"cards_removed":["Strike_R"],"damage_healed":0.0,"max_hp_gain":0.0,"max_hp_loss":0.0,"gold_gain":0.0,"event_name":"Golden Wing","player_choice":"Card Removal","floor":3.0,"gold_loss":0.0,"damage_taken":7.0},{"damage_healed":11.0,"max_hp_gain":0.0,"max_hp_loss":0.0,"gold_gain":0.0,"event_name":"Wheel of Change","player_choice":"Full Heal","floor":10.0,"gold_loss":0.0,"damage_taken":0.0},{"damage_healed":0.0,"max_hp_gain":0.0,"max_hp_loss":0.0,"gold_gain":0.0,"event_name":"The Library","player_choice":"Read","floor":19.0,"gold_loss":0.0,"damage_taken":0.0,"cards_obtained":["Barricade"]},{"damage_healed":0.0,"max_hp_gain":0.0,"max_hp_loss":0.0,"gold_gain":0.0,"event_name":"Masked Bandits","player_choice":"Fought Bandits","floor":29.0,"gold_loss":0.0,"damage_taken":0.0},{"cards_removed":["Rupture"],"damage_healed":0.0,"max_hp_gain":0.0,"max_hp_loss":0.0,"gold_gain":0.0,"event_name":"Falling","player_choice":"Removed Power","floor":36.0,"gold_loss":0.0,"damage_taken":0.0},{"damage_healed":0.0,"max_hp_gain":0.0,"max_hp_loss":0.0,"gold_gain":999.0,"event_name":"MindBloom","player_choice":"Gold","floor":37.0,"gold_loss":0.0,"damage_taken":0.0,"cards_obtained":["Normality","Normality"]},{"damage_healed":0,"gold_gain":0,"cards_transformed":["Normality"],"player_choice":"Transformed","damage_taken":0,"max_hp_gain":0,"max_hp_loss":0,"event_name":"Transmorgrifier","floor":46,"gold_loss":0,"cards_obtained":["Shame"]}],"is_beta":false,"boss_relics":[{"not_picked":["Coffee Dripper","Tiny House"],"picked":"Astrolabe"},{"not_picked":["Empty Cage","Snecko Eye"],"picked":"Busted Crown"}],"items_purged_floors":[38,48],"is_endless":false,"potions_floor_spawned":[4,5,12,23,28,29,35,41,47],"ascension_level":0}}