{"host":"9ndbo4kgsfoemf7y","time":1609844593,"event":{"mods":["AchievementEnabler","BaseMod","Colored Map","DeckTracker","Keyboard Shortcuts","Minty Spire (QoL Compilation)","Permanent Neow","Quick Restart","Relic Stats","StSLib","SuperFastMode"],"gold_per_floor":[118,68,85,85,160,191,191,210,286,303,155,155,190,210,210,210,210],"floor_reached":16,"playtime":434,"items_purged":["Defend_B"],"score":138,"play_id":"37077710-5ef4-4218-9f86-a60f01bd0467","local_time":"20210105200313","is_ascension_mode":true,"campfire_choices":[{"floor":7.0,"key":"REST"},{"floor":12.0,"key":"REST"},{"floor":15,"key":"REST"}],"circlet_count":0,"master_deck":["Strike_B","Strike_B","Defend_B","Defend_B","Defend_B","Zap","Dualcast","Go for the Eyes","Genetic Algorithm","Biased Cognition","Streamline","Skim","Glacier","Beam Cell","Recycle"],"relics":["Cracked Core","Akabeko","Strawberry","Bottled Flame","Matryoshka"],"acts_visited":["Exordium"],"potions_floor_usage":[13,13],"damage_taken":[{"damage":8.0,"enemies":"2 Louse","floor":1.0,"turns":2.0},{"damage":2.0,"enemies":"Jaw Worm","floor":3.0,"turns":4.0},{"damage":35.0,"enemies":"Lagavulin","floor":6.0,"turns":7.0},{"damage":0.0,"enemies":"Cultist","floor":8.0,"turns":2.0},{"damage":34.0,"enemies":"Gremlin Gang","floor":10.0,"turns":4.0},{"damage":25,"enemies":"3 Sentries","floor":13,"turns":6},{"damage":0,"enemies":"Looter","floor":14,"turns":3},{"damage":41,"enemies":"Hexaghost","floor":16,"turns":12}],"seed_played":"9148941437725192237","potions_obtained":[{"floor":6.0,"key":"GamblersBrew"},{"floor":8.0,"key":"LiquidBronze"},{"floor":10.0,"key":"Fire Potion"}],"is_trial":false,"path_per_floor":["M","?","M","?","?","E","R","M","T","M","$","R","E","M","R","B"],"character_chosen":"DEFECT","items_purchased":["Glacier"],"campfire_rested":3,"item_purchase_floors":[11],"current_hp_per_floor":[67,67,65,65,54,26,50,50,50,16,16,40,15,15,39,0,0],"gold":210,"neow_bonus":"RANDOM_COMMON_RELIC","is_daily":false,"chose_seed":false,"campfire_upgraded":0,"win_rate":0.0,"timestamp":1609844593,"path_taken":["M","?","M","?","?","E","R","M","T","?","?","R","E","M","R","BOSS"],"items_purchased_type":["Card"],"build_version":"2020-12-22","purchased_purges":1,"victory":false,"max_hp_per_floor":[75,75,75,75,75,82,82,82,82,82,82,82,82,82,82,82,82],"relic_stats":{"counters":[8,40],"obtain_stats":[{"Bottled Flame":9,"Matryoshka":13,"Strawberry":6,"Cracked Core":0,"Akabeko":0},{"Bottled Flame":4,"Matryoshka":6,"Strawberry":3,"Cracked Core":0,"Akabeko":0},{"Bottled Flame":15,"Matryoshka":25,"Strawberry":13,"Cracked Core":0,"Akabeko":0}]},"card_choices":[{"not_picked":["Rebound","Ball Lightning"],"picked":"Go for the Eyes","floor":1.0},{"not_picked":["Sweeping Beam","Rip and Tear"],"picked":"Genetic Algorithm","floor":3.0},{"not_picked":["Rainbow","Beam Cell"],"picked":"Streamline","floor":6.0},{"not_picked":["Barrage","Ball Lightning"],"picked":"Skim","floor":8.0},{"not_picked":["Rebound","Blizzard","Compile Driver"],"picked":"SKIP","floor":10.0},{"not_picked":["Gash","Rebound"],"picked":"Beam Cell","floor":13},{"not_picked":["Streamline","Compile Driver"],"picked":"Recycle","floor":14}],"player_experience":779009,"relics_obtained":[{"floor":6.0,"key":"Strawberry"},{"floor":9.0,"key":"Bottled Flame"},{"floor":13,"key":"Matryoshka"}],"event_choices":[{"cards_removed":["Strike_B"],"damage_healed":0.0,"max_hp_gain":0.0,"max_hp_loss":0.0,"gold_gain":0.0,"event_name":"The Cleric","player_choice":"Card Removal","floor":2.0,"gold_loss":50.0,"damage_taken":0.0},{"damage_healed":0.0,"max_hp_gain":0.0,"max_hp_loss":0.0,"gold_gain":0.0,"cards_transformed":["Strike_B"],"event_name":"Living Wall","player_choice":"Change","floor":4.0,"gold_loss":0.0,"damage_taken":0.0,"cards_obtained":["Biased Cognition"]},{"damage_healed":0.0,"max_hp_gain":0.0,"max_hp_loss":0.0,"gold_gain":75.0,"event_name":"World of Goop","player_choice":"Gather Gold","floor":5.0,"gold_loss":0.0,"damage_taken":11.0}],"is_beta":false,"boss_relics":[],"items_purged_floors":[11],"is_endless":false,"potions_floor_spawned":[6,8,10],"killed_by":"Hexaghost","ascension_level":5}}