{"host":"ig7tc0uedzltt2sr","time":1609824390,"event":{"mods":["BaseMod","Better Twitch Integration","Block Reminder","Colored Map","Colored Powertips","Communication Mod","Current Relic Mod","GifTheSpireLib","HexUI Lib","Minty Spire (QoL Compilation)","Quick Restart","Random Character Button","Rare Cards Sparkle","Relic Sorter","Relic Stats","Slay the Relics Exporter","StSLib","SuperFastMode","Synergy Search","Twitch Decklist","Twitch Utils","everything is the same but u backflip on backflip","slay the spire mod where everything is the same but ironclad has a cowboy hat"],"gold_per_floor":[109,109,128,33,47,47,60,60,60,60,60,60,60,60],"floor_reached":13,"playtime":91,"items_purged":[],"score":73,"play_id":"6cd17b7c-2d19-4b45-80ff-c0228eea915b","local_time":"20210104212630","is_ascension_mode":false,"campfire_choices":[{"floor":6,"key":"REST"},{"floor":8,"key":"REST"},{"data":"Strike_R","floor":12,"key":"SMITH"}],"circlet_count":0,"master_deck":["Strike_R+1","Strike_R","Strike_R","Strike_R","Strike_R","Defend_R","Defend_R","Defend_R","Defend_R","Bash","Evolve","Pummel","Blind","Hemokinesis","Spot Weakness"],"relics":["Burning Blood","Bird Faced Urn"],"acts_visited":["Exordium"],"potions_floor_usage":[],"damage_taken":[{"damage":38,"enemies":"Jaw Worm","floor":1,"turns":12},{"damage":41,"enemies":"Cultist","floor":3,"turns":9},{"damage":14,"enemies":"Small Slimes","floor":5,"turns":7},{"damage":15,"enemies":"2 Fungi Beasts","floor":7,"turns":4},{"damage":58,"enemies":"3 Sentries","floor":13,"turns":8}],"seed_played":"4738587037490166847","potions_obtained":[{"floor":1,"key":"Ancient Potion"},{"floor":5,"key":"Weak Potion"},{"floor":7,"key":"Block Potion"}],"is_trial":false,"path_per_floor":["M","?","M","$","M","R","M","R","T","$","?","R","E"],"character_chosen":"IRONCLAD","items_purchased":["Blind"],"campfire_rested":2,"item_purchase_floors":[4],"current_hp_per_floor":[56,56,21,21,13,39,30,56,56,56,56,56,0,0],"gold":60,"neow_bonus":"TEN_PERCENT_HP_BONUS","is_daily":false,"chose_seed":false,"campfire_upgraded":1,"win_rate":0.0,"timestamp":1609824390,"path_taken":["M","?","M","$","?","R","M","R","T","$","?","R","E"],"items_purchased_type":["Card"],"build_version":"2020-12-22","purchased_purges":0,"victory":false,"max_hp_per_floor":[88,88,88,88,88,88,88,88,88,88,88,88,88,88],"relic_stats":{"counters":[5,40],"Bird Faced Urn":[2],"obtain_stats":[{"Bird Faced Urn":9,"Burning Blood":0},{"Bird Faced Urn":4,"Burning Blood":0},{"Bird Faced Urn":32,"Burning Blood":0}],"Burning Blood":24},"card_choices":[{"not_picked":["Iron Wave","Thunderclap"],"picked":"Evolve","floor":1},{"not_picked":["Thunderclap","Pommel Strike"],"picked":"Pummel","floor":3},{"not_picked":["Dark Embrace","Headbutt"],"picked":"Hemokinesis","floor":5},{"not_picked":["Rage","Headbutt"],"picked":"Spot Weakness","floor":7}],"player_experience":1425121,"relics_obtained":[{"floor":9,"key":"Bird Faced Urn"}],"event_choices":[{"damage_healed":0,"gold_gain":0,"player_choice":"Bought 0 Potions","damage_taken":0,"max_hp_gain":0,"max_hp_loss":0,"event_name":"The Woman in Blue","floor":2,"gold_loss":0},{"damage_healed":0,"gold_gain":0,"player_choice":"Ignored","damage_taken":0,"max_hp_gain":0,"max_hp_loss":0,"event_name":"Liars Game","floor":11,"gold_loss":0}],"is_beta":false,"boss_relics":[],"items_purged_floors":[],"is_endless":false,"potions_floor_spawned":[1,5,7],"killed_by":"3 Sentries","ascension_level":0}}