{"host":"jyuuog6ydc2s7nd8","time":1609833670,"event":{"mods":["BaseMod","Better Vampires","Minty Spire (QoL Compilation)","Shop Mod","StSLib","The Hierophant","The Servant 0.9.4","TheBandit","[IsaacMod]ÒÔÈö¼âËþ"],"gold_per_floor":[114,214,214,314,239,239,273,289,312,237,251,269,140,153,153,230,230,246,262,262,272,272,272,220,231,231,231,231,245,276,290,290,368,368,380,394,394,404,404,438,438,453,477,487,362,362,10,10,10,10,10,10,10,10,41,41,41],"floor_reached":56,"playtime":2033,"items_purged":["Strike_R","Strike_R","Strike_R","Sever Soul","DoctorFetus+1"],"score":2294,"play_id":"dad07536-3016-4544-9e34-4188069bd50a","local_time":"20210105160110","is_ascension_mode":true,"campfire_choices":[{"data":"True Grit","floor":6.0,"key":"SMITH"},{"data":"Dark Embrace","floor":15.0,"key":"SMITH"},{"data":"Pommel Strike","floor":23.0,"key":"SMITH"},{"data":"Body Slam","floor":32.0,"key":"SMITH"},{"data":"Barricade","floor":41.0,"key":"SMITH"},{"data":"Battle Trance","floor":46.0,"key":"SMITH"},{"floor":49.0,"key":"RECALL"},{"data":"Feel No Pain","floor":53,"key":"SMITH"}],"circlet_count":0,"master_deck":["AscendersBane","Defend_R","Defend_R","Defend_R","Defend_R","Bash+1","Dark Embrace+1","True Grit+1","Second Wind","Shrug It Off","Offering","Pommel Strike+1","Necronomicurse","Body Slam+1","Burning Pact","Power Through","Barricade+1","Battle Trance+1","Finesse","Sentinel","Feel No Pain+1"],"relics":["Burning Blood","HushsDoor","Happy Flower","GuppysHead","Oddly Smooth Stone","MagicMushroom","GuppysCollar","Necronomicon","HornCleat","MoneyPower","Mark of Pain","DeathBook","Blood Vial","Boot","SteamSale","Sundial","Whetstone"],"acts_visited":["Exordium","TheCity","TheBeyond","TheEnding"],"potions_floor_usage":[56],"damage_taken":[{"damage":2.0,"enemies":"Jaw Worm","floor":1.0,"turns":3.0},{"damage":36.0,"enemies":"Gremlin Nob","floor":7.0,"turns":4.0},{"damage":5.0,"enemies":"Cultist","floor":8.0,"turns":4.0},{"damage":0.0,"enemies":"2 Louse","floor":11.0,"turns":3.0},{"damage":26.0,"enemies":"Gremlin Gang","floor":12.0,"turns":5.0},{"damage":7.0,"enemies":"Looter","floor":14.0,"turns":3.0},{"damage":0.0,"enemies":"Slime Boss","floor":16.0,"turns":6.0},{"damage":6.0,"enemies":"Shell Parasite","floor":18.0,"turns":5.0},{"damage":6.0,"enemies":"Chosen","floor":19.0,"turns":3.0},{"damage":12.0,"enemies":"3 Cultists","floor":21.0,"turns":5.0},{"damage":6.0,"enemies":"Snake Plant","floor":25.0,"turns":2.0},{"damage":6.0,"enemies":"Centurion and Healer","floor":29.0,"turns":4.0},{"damage":6.0,"enemies":"Book of Stabbing","floor":30.0,"turns":4.0},{"damage":6.0,"enemies":"Snecko","floor":31.0,"turns":3.0},{"damage":6.0,"enemies":"Champ","floor":33.0,"turns":7.0},{"damage":6.0,"enemies":"3 Darklings","floor":35.0,"turns":4.0},{"damage":0.0,"enemies":"Orb Walker","floor":36.0,"turns":3.0},{"damage":6.0,"enemies":"Jaw Worm Horde","floor":38.0,"turns":2.0},{"damage":6.0,"enemies":"Nemesis","floor":40.0,"turns":5.0},{"damage":6.0,"enemies":"3 Darklings","floor":42.0,"turns":4.0},{"damage":6.0,"enemies":"Spire Growth","floor":44.0,"turns":2.0},{"damage":8,"enemies":"Awakened One","floor":50,"turns":5},{"damage":6,"enemies":"Time Eater","floor":51,"turns":6},{"damage":16,"enemies":"Shield and Spear","floor":55,"turns":5},{"damage":43,"enemies":"The Heart","floor":56,"turns":2}],"seed_played":"5704711063417214230","potions_obtained":[{"floor":1.0,"key":"AttackPotion"},{"floor":12.0,"key":"Dexterity Potion"},{"floor":19.0,"key":"ElixirPotion"},{"floor":21.0,"key":"SneckoOil"},{"floor":28.0,"key":"ColorlessPotion"},{"floor":31.0,"key":"Swift Potion"},{"floor":35.0,"key":"Regen Potion"},{"floor":44.0,"key":"Strength Potion"}],"is_trial":false,"path_per_floor":["M","?","?","?","$","R","E","M","T","?","M","M","$","M","R","B",null,"M","M","?","M","?","R","$","M","T","$","?","M","E","M","R","B",null,"M","M","?","M","?","E","R","M","T","M","$","R","$","?","R","B","B",null,"R","$","E","B"],"character_chosen":"IRONCLAD","items_purchased":["Shrug It Off","GuppysCollar","Body Slam","Barricade","DeathBook","SteamSale","Feel No Pain","Sundial"],"campfire_rested":0,"item_purchase_floors":[13,17,24,34,34,47,47,47],"current_hp_per_floor":[72,72,72,72,72,72,42,43,43,43,49,29,29,28,28,34,58,59,60,60,55,34,34,34,35,35,35,35,36,37,38,38,39,44,45,45,43,43,33,34,34,37,37,40,40,40,40,34,34,35,38,42,42,42,33,0,0],"gold":41,"neow_bonus":"RANDOM_COMMON_RELIC","is_daily":false,"chose_seed":false,"campfire_upgraded":7,"win_rate":0.0,"timestamp":1609833670,"path_taken":["M","?","?","?","$","R","E","M","T","?","M","?","$","M","R","BOSS","M","M","?","M","?","R","$","?","T","$","?","M","E","M","R","BOSS","M","M","?","M","?","E","R","M","T","M","$","R","$","?","R","BOSS","BOSS","R","$","E","BOSS"],"items_purchased_type":["Card","Relic","Card","Card","Relic","Relic","Card","Relic"],"build_version":"2020-12-22","purchased_purges":5,"victory":false,"max_hp_per_floor":[75,75,75,75,75,75,75,75,75,75,75,75,75,75,75,75,64,64,64,64,64,64,64,64,64,64,64,64,64,64,64,64,64,45,45,45,43,43,43,43,43,43,43,43,43,43,43,43,43,43,43,43,43,43,43,43,43],"card_choices":[{"not_picked":[],"picked":"DoctorFetus","floor":0.0},{"not_picked":["Hemokinesis","Seeing Red"],"picked":"Dark Embrace","floor":1.0},{"not_picked":["Heavy Blade","Rupture"],"picked":"True Grit","floor":4.0},{"not_picked":["True Grit","Havoc","Rage"],"picked":"SKIP","floor":7.0},{"not_picked":["Exhume","Burning Pact"],"picked":"Second Wind","floor":8.0},{"not_picked":["Twin Strike","Dark Embrace","Havoc"],"picked":"SKIP","floor":11.0},{"not_picked":["Clash","Uppercut","Blood for Blood"],"picked":"SKIP","floor":12.0},{"not_picked":["Thunderclap","Shrug It Off"],"picked":"Bomb","floor":14.0},{"not_picked":["Limit Break","Immolate"],"picked":"Offering","floor":16.0},{"not_picked":["Metallicize","Uppercut","Infernal Blade+1"],"picked":"SKIP","floor":18.0},{"not_picked":["Seeing Red","Carnage","Cleave+1"],"picked":"SKIP","floor":19.0},{"not_picked":["Evolve","Iron Wave"],"picked":"Pommel Strike","floor":21.0},{"not_picked":["Flame Barrier","Pommel Strike"],"picked":"Sever Soul","floor":25.0},{"not_picked":["Infernal Blade","Sword Boomerang"],"picked":"Burning Pact","floor":29.0},{"not_picked":["Warcry","Clothesline"],"picked":"Power Through","floor":30.0},{"not_picked":["Anger+1","Intimidate","Sword Boomerang"],"picked":"SKIP","floor":31.0},{"not_picked":["Dark Embrace","Warcry","True Grit"],"picked":"SKIP","floor":35.0},{"not_picked":["Twin Strike","Metallicize+1"],"picked":"Battle Trance","floor":36.0},{"not_picked":["True Grit+1","Seeing Red","Metallicize"],"picked":"SKIP","floor":38.0},{"not_picked":["The Bomb","Forethought"],"picked":"Finesse","floor":39.0},{"not_picked":["Sword Boomerang","Flex+1"],"picked":"Sentinel","floor":40.0},{"not_picked":["Shrug It Off","Anger+1","Warcry"],"picked":"SKIP","floor":42.0},{"not_picked":["Pommel Strike","Anger","Clothesline"],"picked":"SKIP","floor":44.0},{"not_picked":["Heavy Blade","Whirlwind","Limit Break"],"picked":"SKIP","floor":55}],"player_experience":1792673,"relics_obtained":[{"floor":7.0,"key":"Oddly Smooth Stone"},{"floor":22.0,"key":"Necronomicon"},{"floor":26.0,"key":"HornCleat"},{"floor":30.0,"key":"MoneyPower"},{"floor":40.0,"key":"Blood Vial"},{"floor":43.0,"key":"Boot"},{"floor":55,"key":"Whetstone"}],"event_choices":[{"damage_healed":0.0,"max_hp_gain":0.0,"max_hp_loss":0.0,"gold_gain":0.0,"event_name":"Upgrade Shrine","player_choice":"Upgraded","floor":3.0,"gold_loss":0.0,"damage_taken":0.0,"cards_upgraded":["DoctorFetus"]},{"cards_removed":["Strike_R"],"damage_healed":0.0,"max_hp_gain":0.0,"max_hp_loss":0.0,"gold_gain":0.0,"event_name":"The Cleric","player_choice":"Card Removal","floor":10.0,"gold_loss":75.0,"damage_taken":0.0},{"cards_removed":["Strike_R"],"damage_healed":0.0,"max_hp_gain":0.0,"max_hp_loss":0.0,"gold_gain":0.0,"event_name":"Purifier","player_choice":"Purged","floor":20.0,"gold_loss":0.0,"damage_taken":0.0},{"damage_healed":0.0,"max_hp_gain":0.0,"max_hp_loss":0.0,"gold_gain":0.0,"event_name":"Cursed Tome","player_choice":"Obtained Book","floor":22.0,"gold_loss":0.0,"damage_taken":21.0},{"damage_healed":0.0,"max_hp_gain":0.0,"max_hp_loss":0.0,"gold_gain":0.0,"event_name":"Lab","player_choice":"Got Potions","floor":28.0,"gold_loss":0.0,"damage_taken":0.0},{"damage_healed":0.0,"max_hp_gain":0.0,"max_hp_loss":2.0,"gold_gain":0.0,"event_name":"Winding Halls","player_choice":"Max HP","floor":37.0,"gold_loss":0.0,"damage_taken":0.0},{"damage_healed":0.0,"max_hp_gain":0.0,"max_hp_loss":0.0,"gold_gain":0.0,"event_name":"SensoryStone","player_choice":"Memory 3","floor":39.0,"gold_loss":0.0,"damage_taken":10.0},{"damage_healed":0.0,"max_hp_gain":0.0,"max_hp_loss":0.0,"gold_gain":0.0,"event_name":"Wheel of Change","player_choice":"Damaged","floor":48.0,"gold_loss":0.0,"damage_taken":6.0}],"is_beta":false,"boss_relics":[{"not_picked":["Snecko Eye","Velvet Choker"],"picked":"MagicMushroom"},{"not_picked":[]},{"not_picked":["Cursed Key","Fusion Hammer"],"picked":"Mark of Pain"},{"not_picked":[]}],"items_purged_floors":[5,13,17,34,45],"is_endless":false,"potions_floor_spawned":[1,12,19,21,29,31,35,44],"killed_by":"The Heart","ascension_level":20}}