{"host":"pkodzjzlb86gdiw6","time":1609852710,"event":{"mods":["100% Spire Juice","AchievementEnabler","Aspiration","BaseMod","BetterRewards","Challenge The Spire","Friendly Minions","Infinite Spire","Koishi","Minty Spire (QoL Compilation)","Quick Restart","READ ME - Snecko Mod","Rare Cards Sparkle","Remilia??????","Replay The Spire","StSLib","The Poker Player","The Servant 0.9.4","The Vixen","Yuri Mod"],"gold_per_floor":[110,87,99,111,111,111,130,150,150,164,164,71,22,122,122,225,225,240,252,252,252],"floor_reached":20,"playtime":2659,"items_purged":[],"score":176,"play_id":"9671fb55-f944-4dda-9929-77a0285768bc","local_time":"20210105131830","is_ascension_mode":false,"campfire_choices":[{"floor":6,"key":"REST"},{"floor":15,"key":"REST"}],"circlet_count":0,"master_deck":["Moonworks:Strike","Moonworks:Strike","Moonworks:Strike","Moonworks:Strike","Moonworks:Defend","Moonworks:Defend","Moonworks:Defend","Moonworks:Defend","Moonworks:Ambush","Moonworks:LongDistanceShot","Moonworks:StarBlastingFuse","Moonworks:Assault","Moonworks:SealedMemories","Moonworks:CloudOfSeagulls","Moonworks:SakisCookie+1","Moonworks:JonathanRush","Moonworks:JonathanRush","Pot Of Greed","Pot Of Greed","Moonworks:Blazing","Moonworks:JonathanRush","Moonworks:ShieldCounter","Moonworks:SakisCookie"],"relics":["Moonworks:BrokenBomb","Moonworks:Homemark","Unceasing Top","Grinning Jar","Replay:Accelerometer","Fusion Hammer"],"acts_visited":["Exordium","TheCity"],"potions_floor_usage":[12,19],"damage_taken":[{"damage":11,"enemies":"Jaw Worm","floor":1,"turns":2},{"damage":28,"enemies":"infinitespire:Voidling","floor":3,"turns":5},{"damage":6,"enemies":"Cultist","floor":4,"turns":3},{"damage":13,"enemies":"Exordium Thugs","floor":7,"turns":4},{"damage":7,"enemies":"2 Fungi Beasts","floor":8,"turns":4},{"damage":0,"enemies":"Gremlin Gang","floor":10,"turns":2},{"damage":5,"enemies":"Lagavulin","floor":12,"turns":5},{"damage":37,"enemies":"Hexaghost","floor":16,"turns":6},{"damage":27,"enemies":"2 Thieves","floor":18,"turns":4},{"damage":38,"enemies":"3 Byrds","floor":19,"turns":5},{"damage":7,"enemies":"Snake Plant","floor":20,"turns":1}],"seed_played":"-8770690569510304977","potions_obtained":[{"floor":7,"key":"SkillPotion"},{"floor":8,"key":"Swift Potion"},{"floor":12,"key":"SpeedPotion"}],"is_trial":false,"path_per_floor":["M","$","M","M","?","R","M","M","T","M","?","E","$","?","R","B",null,"M","M","M"],"character_chosen":"THE_STARBREAKER","items_purchased":["Moonworks:StarBlastingFuse","Moonworks:CloudOfSeagulls","Moonworks:JonathanRush"],"campfire_rested":2,"item_purchase_floors":[0,2,13],"current_hp_per_floor":[49,49,28,24,24,42,33,30,30,30,30,29,29,29,47,14,60,33,1,0,0],"gold":252,"neow_bonus":"","is_daily":false,"chose_seed":false,"campfire_upgraded":0,"win_rate":0.0,"timestamp":1609852710,"path_taken":["M","$","M","M","?","R","M","?","T","M","?","E","?","?","R","BOSS","M","M","M"],"items_purchased_type":["Card","Card","Card"],"build_version":"2020-12-22","purchased_purges":0,"victory":false,"max_hp_per_floor":[60,60,60,60,60,60,60,60,60,60,60,60,60,60,60,60,60,60,60,60,60],"card_choices":[{"not_picked":["Moonworks:CloudOfSeagulls","Moonworks:BeyondHell"],"picked":"Moonworks:SealedMemories","floor":1},{"not_picked":["Moonworks:DeployBits","Moonworks:CompletionReward"],"picked":"Moonworks:SakisCookie","floor":3},{"not_picked":["Moonworks:DeployBits","Moonworks:UnpaidWork"],"picked":"Moonworks:JonathanRush","floor":4},{"not_picked":["Moonworks:Assault","Moonworks:ForcedRevival","Moonworks:AngelHand"],"picked":"SKIP","floor":7},{"not_picked":["Moonworks:CookingTime","Moonworks:WindyEnchantment"],"picked":"Moonworks:JonathanRush","floor":8},{"not_picked":["Moonworks:ScrambledEve","Moonworks:BigMagnum","Moonworks:ImOnFire"],"picked":"SKIP","floor":10},{"not_picked":["Moonworks:SealedMemories","Moonworks:MiracleWalker"],"picked":"Moonworks:Blazing","floor":12},{"not_picked":["Moonworks:ReflectiveShell","Moonworks:Wanted"],"picked":"Moonworks:ShieldCounter","floor":16},{"not_picked":["Moonworks:EvilSpyWorkPreparation","Moonworks:WindyEnchantment"],"picked":"Moonworks:SakisCookie","floor":18},{"not_picked":["Moonworks:OutOfAmmo","Moonworks:CloudOfSeagulls","Moonworks:FinalSurgery"],"picked":"SKIP","floor":19}],"player_experience":693240,"relics_obtained":[{"floor":9,"key":"Grinning Jar"},{"floor":12,"key":"Replay:Accelerometer"}],"event_choices":[{"damage_healed":0,"gold_gain":0,"player_choice":"Upgraded","damage_taken":0,"max_hp_gain":0,"max_hp_loss":0,"event_name":"Upgrade Shrine","floor":5,"gold_loss":0,"cards_upgraded":["Moonworks:SakisCookie"]},{"damage_healed":0,"gold_gain":100,"player_choice":"Gold","damage_taken":0,"max_hp_gain":0,"max_hp_loss":0,"event_name":"Wheel of Change","floor":14,"gold_loss":0}],"is_beta":false,"boss_relics":[{"not_picked":["aspiration:FutureDiary","ReplayTheSpireMod:SealedPack"],"picked":"Fusion Hammer"}],"items_purged_floors":[],"is_endless":false,"potions_floor_spawned":[7,8,12],"killed_by":"Snake Plant","ascension_level":0}}