{"host":"w9yruvs4bqht6bhw","time":1609808329,"event":{"mods":["BaseMod","Colored Powertips","Minty Spire (QoL Compilation)"],"gold_per_floor":[218,218,68,86,106,106,141,152,221,146,174,187,187,206,206,305,305,321,221,250,23,23,48,59,59,84,84,95,95,95,95],"floor_reached":30,"playtime":1171,"items_purged":["Strike_R","Defend_R","Strike_R"],"score":361,"play_id":"d26414a6-0bed-4dac-bf9f-57eda8739f8b","local_time":"20210104195849","is_ascension_mode":true,"campfire_choices":[{"data":"Strike_R","floor":6.0,"key":"SMITH"},{"data":"Uppercut","floor":13.0,"key":"SMITH"},{"data":"Clash","floor":15.0,"key":"SMITH"},{"data":"Defend_R","floor":25,"key":"SMITH"},{"data":"Defend_R","floor":27,"key":"SMITH"},{"data":"Armaments","floor":29,"key":"SMITH"}],"circlet_count":0,"master_deck":["Strike_R","Strike_R","Strike_R+1","Defend_R+1","Defend_R","Defend_R+1","Bash","Uppercut+1","Clash+1","Armaments+1"],"relics":["Burning Blood","Sling","Lizard Tail","Meat on the Bone","Anchor","Runic Pyramid","Red Mask","Matryoshka","Orichalcum","Regal Pillow"],"acts_visited":["Exordium","TheCity"],"potions_floor_usage":[23,23],"damage_taken":[{"damage":6.0,"enemies":"Cultist","floor":1.0,"turns":4.0},{"damage":0.0,"enemies":"2 Louse","floor":4.0,"turns":2.0},{"damage":0.0,"enemies":"Small Slimes","floor":5.0,"turns":3.0},{"damage":9.0,"enemies":"Gremlin Nob","floor":7.0,"turns":3.0},{"damage":56.0,"enemies":"Exordium Thugs","floor":8.0,"turns":9.0},{"damage":25.0,"enemies":"Lagavulin","floor":11.0,"turns":4.0},{"damage":8.0,"enemies":"Blue Slaver","floor":12.0,"turns":3.0},{"damage":0.0,"enemies":"2 Fungi Beasts","floor":14.0,"turns":3.0},{"damage":30.0,"enemies":"Slime Boss","floor":16.0,"turns":10.0},{"damage":39.0,"enemies":"Shell Parasite","floor":18.0,"turns":7.0},{"damage":6.0,"enemies":"Masked Bandits","floor":20.0,"turns":4.0},{"damage":21,"enemies":"Book of Stabbing","floor":23,"turns":5},{"damage":5,"enemies":"2 Thieves","floor":24,"turns":5},{"damage":28,"enemies":"3 Cultists","floor":28,"turns":8},{"damage":25,"enemies":"Shelled Parasite and Fungi","floor":30,"turns":7}],"seed_played":"6137130785194794432","potions_obtained":[{"floor":1.0,"key":"Weak Potion"},{"floor":2.0,"key":"EntropicBrew"},{"floor":2.0,"key":"AttackPotion"},{"floor":5.0,"key":"PowerPotion"},{"floor":7.0,"key":"FearPotion"},{"floor":8.0,"key":"ColorlessPotion"},{"floor":12.0,"key":"ColorlessPotion"},{"floor":16.0,"key":"Block Potion"},{"floor":18.0,"key":"DistilledChaos"},{"floor":23,"key":"SpeedPotion"}],"is_trial":false,"path_per_floor":["M","?","$","M","M","R","E","M","T","$","E","M","R","M","R","B",null,"M","$","?","$","?","E","M","R","T","R","M","R","M"],"character_chosen":"IRONCLAD","items_purchased":["Sling","HeartOfIron"],"campfire_rested":0,"item_purchase_floors":[3,21],"current_hp_per_floor":[72,72,72,78,80,80,77,40,40,40,33,43,43,49,49,37,69,48,48,48,48,33,30,43,43,43,43,33,33,8,8],"gold":95,"neow_bonus":"HUNDRED_GOLD","is_daily":false,"chose_seed":false,"campfire_upgraded":6,"win_rate":0.0,"timestamp":1609808329,"path_taken":["M","?","$","M","M","R","E","M","T","$","E","M","R","M","R","BOSS","M","$","?","$","?","E","M","R","T","R","M","R","M"],"items_purchased_type":["Relic","Potion"],"build_version":"2020-12-22","purchased_purges":3,"victory":false,"max_hp_per_floor":[80,80,80,80,80,80,80,80,80,80,80,80,80,80,80,80,80,80,80,80,80,85,85,85,85,85,85,85,85,85,85],"card_choices":[{"not_picked":["Burning Pact","Intimidate","Wild Strike"],"picked":"SKIP","floor":1.0},{"not_picked":["True Grit","Armaments","Body Slam"],"picked":"SKIP","floor":4.0},{"not_picked":["Combust","Intimidate","Whirlwind"],"picked":"SKIP","floor":5.0},{"not_picked":["Rupture","Blood for Blood"],"picked":"Uppercut","floor":7.0},{"not_picked":["Seeing Red","Dual Wield"],"picked":"Clash","floor":8.0},{"not_picked":["Warcry","Clothesline","Dropkick"],"picked":"SKIP","floor":11.0},{"not_picked":["Flex","Cleave","Immolate"],"picked":"SKIP","floor":12.0},{"not_picked":["Bloodletting","Twin Strike","Sword Boomerang"],"picked":"SKIP","floor":14.0},{"not_picked":["Sword Boomerang","Body Slam","Shrug It Off+1"],"picked":"SKIP","floor":18.0},{"not_picked":["Shockwave+1","Wild Strike","Anger+1"],"picked":"SKIP","floor":23},{"not_picked":["Burning Pact","Perfected Strike","Fiend Fire"],"picked":"SKIP","floor":24},{"not_picked":["Burning Pact","Perfected Strike","Fiend Fire"],"picked":"SKIP","floor":24},{"not_picked":["Pommel Strike","Perfected Strike+1"],"picked":"Armaments","floor":28}],"player_experience":324031,"relics_obtained":[{"floor":7.0,"key":"Lizard Tail"},{"floor":9.0,"key":"Meat on the Bone"},{"floor":11.0,"key":"Anchor"},{"floor":20.0,"key":"Red Mask"},{"floor":23,"key":"Matryoshka"},{"floor":26,"key":"Orichalcum"},{"floor":26,"key":"Regal Pillow"}],"event_choices":[{"damage_healed":0.0,"max_hp_gain":0.0,"max_hp_loss":0.0,"gold_gain":0.0,"event_name":"Lab","player_choice":"Got Potions","floor":2.0,"gold_loss":0.0,"damage_taken":0.0},{"damage_healed":0.0,"max_hp_gain":0.0,"max_hp_loss":0.0,"gold_gain":0.0,"event_name":"Masked Bandits","player_choice":"Fought Bandits","floor":20.0,"gold_loss":0.0,"damage_taken":0.0},{"damage_healed":0.0,"max_hp_gain":5.0,"max_hp_loss":0.0,"gold_gain":0.0,"event_name":"Forgotten Altar","player_choice":"Shed Blood","floor":22.0,"gold_loss":0.0,"damage_taken":20.0}],"is_beta":false,"boss_relics":[{"not_picked":["Pandora\u0027s Box","Astrolabe"],"picked":"Runic Pyramid"}],"items_purged_floors":[10,19,21],"is_endless":false,"potions_floor_spawned":[1,5,7,8,12,16,18,23],"killed_by":"Shelled Parasite and Fungi","ascension_level":8}}