{"host":"1hyzy7ndnud2osw4","time":1609822933,"event":{"mods":["2.2 Compatiblity","Act Like it!","Arknights The Spire","Art Attack!","Aspiration","Astrologer","Bard","BaseMod","Beaked The Cultist","Better Third Choice","BetterRewards","Colored Powertips","Conspire","Decade(èÝá³Ù¥)","Dota2Spire","Elementarium","Gensokyo","GifTheSpireLib","GungeonMod","Hallownest","Hermit","Highlight Path","Hubris","Infinite Spire","Jorbs\u0027s Wanderer Trilogy","KinomotoSakuraMod(ÙÊñýÜâ?)","Koishi","KomeijiMod","Lobotomy","Menagerie","Minty Spire (QoL Compilation)","Poem Panic","Quick Restart","SOS£¨ÞÙ÷é?ñýí­£©","Shop Mod","Spicy Shops","StSLib","The Administrix","The Bladedancer","The Bug Knight","The Construct","The Cursed","The Death Knight","The Disciple","The Dragon Tamer","The Factory","The Forsaken","The Gatherer","The Hierophant","The Jungle","The Marked","The Poker Player","The Runesmith","The Sage","The Senshi","The Wild Card","Uncapped","WarShipGirlsR/??á´Ò³R mod","Yuri Mod","Yuyuko","[IsaacMod]ì¤ß®ôÓ÷²"],"gold_per_floor":[117,4,20,20,32,63,63,63,63,63,63],"floor_reached":10,"playtime":885,"items_purged":[],"score":96,"play_id":"591df4ef-6f84-4046-b282-3b491cc48016","local_time":"20210105140213","daily_mods":["Draft","Heirloom","Time Dilation","DeadlyEvents","Elite Swarm"],"is_ascension_mode":true,"campfire_choices":[{"data":"Sunder","floor":7.0,"key":"SMITH"}],"circlet_count":0,"master_deck":["SuicideKing","Hologram","Conserve Battery","Sunder+1","Steam","Genetic Algorithm","Hologram","Self Repair","Capacitor","Barrage","Cold Snap","Coolheaded","Conserve Battery","Beam Cell","Coolheaded","Capacitor","Hello World","Skim","aspiration:Polymerization","Core Surge"],"relics":["Cracked Core","HushsDoor","hubris:AstralHammer","SteamSale","BelialBook","Art of War","hubris:TenFootPole","Cables"],"acts_visited":["Exordium"],"potions_floor_usage":[],"damage_taken":[{"damage":8.0,"enemies":"Jaw Worm","floor":1.0,"turns":3.0},{"damage":0.0,"enemies":"Cultist","floor":3.0,"turns":2.0},{"damage":0.0,"enemies":"2 Louse","floor":5.0,"turns":1.0},{"damage":0.0,"enemies":"HollowMod:MossKnight","floor":6.0,"turns":5.0},{"damage":5,"enemies":"3 Sentries","floor":10,"turns":3}],"seed_played":"-5087500585260375494","potions_obtained":[{"floor":3.0,"key":"Fire Potion"}],"is_trial":true,"path_per_floor":["M","$","M","?","M","E","R","$","T","E"],"character_chosen":"DEFECT","items_purchased":["Hello World","BelialBook"],"campfire_rested":0,"item_purchase_floors":[2,2],"current_hp_per_floor":[74,74,74,74,74,75,75,75,75,70,70],"gold":63,"neow_bonus":"","is_daily":false,"chose_seed":false,"campfire_upgraded":1,"win_rate":0.0,"timestamp":1609822933,"path_taken":["M","$","M","?","?","E","R","?","T","E"],"items_purchased_type":["Card","Relic"],"build_version":"2020-12-22","purchased_purges":0,"victory":false,"max_hp_per_floor":[75,75,75,75,75,75,75,75,75,75,75],"card_choices":[{"not_picked":[],"picked":"SuicideKing","floor":0.0},{"not_picked":["Streamline","Conserve Battery"],"picked":"Hologram","floor":0.0},{"not_picked":["Ball Lightning","Stack"],"picked":"Conserve Battery","floor":0.0},{"not_picked":["Sweeping Beam","Stack"],"picked":"Sunder","floor":0.0},{"not_picked":["Turbo","conspire:SharedLibrary"],"picked":"Steam","floor":0.0},{"not_picked":["Steam","Tempest"],"picked":"Genetic Algorithm","floor":0.0},{"not_picked":["Turbo","Leap"],"picked":"Hologram","floor":0.0},{"not_picked":["Barrage","Cold Snap"],"picked":"Self Repair","floor":0.0},{"not_picked":["Ball Lightning","Coolheaded"],"picked":"Capacitor","floor":0.0},{"not_picked":["Hologram","Beam Cell"],"picked":"Barrage","floor":0.0},{"not_picked":["Sweeping Beam","Stack"],"picked":"Cold Snap","floor":0.0},{"not_picked":["Beam Cell","Compile Driver"],"picked":"Coolheaded","floor":0.0},{"not_picked":["Barrage","Stack"],"picked":"Conserve Battery","floor":0.0},{"not_picked":["Redo","Gash"],"picked":"Beam Cell","floor":0.0},{"not_picked":["Scrape","Sweeping Beam"],"picked":"Coolheaded","floor":0.0},{"not_picked":["Doom and Gloom","Steam"],"picked":"Capacitor","floor":0.0},{"not_picked":["Go for the Eyes","Barrage"],"picked":"Bomb","floor":1.0},{"not_picked":["Rebound","Pulse"],"picked":"Skim","floor":3.0},{"not_picked":["Go for the Eyes","hubris:Prefetch"],"picked":"aspiration:Polymerization","floor":5.0},{"not_picked":["Biased Cognition","All For One"],"picked":"Core Surge","floor":6.0}],"player_experience":1036548,"relics_obtained":[{"floor":4.0,"key":"Art of War"},{"floor":6.0,"key":"hubris:TenFootPole"},{"floor":9.0,"key":"Cables"}],"event_choices":[],"is_beta":false,"boss_relics":[],"items_purged_floors":[],"is_endless":false,"potions_floor_spawned":[3],"killed_by":"3 Sentries","ascension_level":1}}