{"host":"7h92ovu14wtbhddo","time":1609853643,"event":{"mods":["AchievementEnabler","BaseMod","Downfall","Minty Spire (QoL Compilation)","StSLib","SuperFastMode"],"gold_per_floor":[99,115,129,45,45,58,58,58,92,92,126,140,153,180,197,299,299,224,234,251,422,422,436,463,477,490,490,28,40,64,11,23,121,121,46,57,72,86,86,86,139,151,0,0,15,42,42,53,72,72],"floor_reached":51,"playtime":1991,"items_purged":[],"score":981,"play_id":"76b5b742-af30-4052-9ce0-7b012200486b","local_time":"20210105213403","is_ascension_mode":true,"campfire_choices":[{"floor":1.0,"key":"RECALL"},{"data":"Guardian:Preprogram","floor":8.0,"key":"SMITH"},{"data":"Guardian:Suspension","floor":18.0,"key":"SMITH"},{"data":"Guardian:SentryBeam","floor":27.0,"key":"SMITH"},{"data":"Guardian:VentSteam","floor":35.0,"key":"SMITH"},{"data":"Guardian:TimeCapacitor","floor":40.0,"key":"SMITH"},{"data":"Guardian:Suspension","floor":44,"key":"SMITH"},{"data":"Guardian:EvasiveProtocol","floor":47,"key":"SMITH"}],"circlet_count":0,"master_deck":["Guardian:CurlUp","Guardian:TwinSlam","Guardian:FastForward+1","Guardian:MultiBeam+1","Guardian:SentryBeam+1","Guardian:FierceBash+1","Guardian:FuturePlans","Guardian:Preprogram+1","Guardian:Suspension+1","Guardian:PrimingBeam","Guardian:TimeCapacitor+1","Guardian:Emergency+1","Guardian:FierceBash+1","Guardian:AncientConstruct","Guardian:VentSteam+1","Guardian:EvasiveProtocol+1","Guardian:Suspension+1","Guardian:DonusPower+1","Guardian:TemporalShield+1"],"relics":["Astrolabe","Anchor","Bag of Marbles","TungstenRod","Pandora\u0027s Box","downfall:HeartBlessingRed","DollysMirror","Regal Pillow","Guardian:GemstoneGun","Chemical X","SlaversCollar","downfall:HeartBlessingBlue","Omamori","Guardian:BottledStasis","Art of War"],"acts_visited":["Exordium","TheCity","TheBeyond"],"potions_floor_usage":[],"damage_taken":[{"damage":1.0,"enemies":"Cultist","floor":2.0,"turns":4.0},{"damage":0.0,"enemies":"2 Louse","floor":3.0,"turns":1.0},{"damage":0.0,"enemies":"downfall:FleeingMerchant","floor":4.0,"turns":4.0},{"damage":7.0,"enemies":"Jaw Worm","floor":6.0,"turns":2.0},{"damage":15.0,"enemies":"Lagavulin","floor":9.0,"turns":5.0},{"damage":0.0,"enemies":"Gremlin Nob","floor":11.0,"turns":2.0},{"damage":0.0,"enemies":"Gremlin Gang","floor":12.0,"turns":2.0},{"damage":2.0,"enemies":"Exordium Thugs","floor":13.0,"turns":2.0},{"damage":7.0,"enemies":"3 Sentries","floor":14.0,"turns":5.0},{"damage":0.0,"enemies":"Large Slime","floor":15.0,"turns":4.0},{"damage":2.0,"enemies":"downfall:Watcher","floor":16.0,"turns":5.0},{"damage":0.0,"enemies":"Shell Parasite","floor":19.0,"turns":2.0},{"damage":0.0,"enemies":"3 Byrds","floor":20.0,"turns":2.0},{"damage":3.0,"enemies":"downfall:FleeingMerchant","floor":21.0,"turns":4.0},{"damage":15.0,"enemies":"Centurion and Healer","floor":23.0,"turns":3.0},{"damage":0.0,"enemies":"Chosen and Byrds","floor":25.0,"turns":2.0},{"damage":0.0,"enemies":"Snake Plant","floor":26.0,"turns":1.0},{"damage":0.0,"enemies":"Sentry and Sphere","floor":29.0,"turns":2.0},{"damage":0.0,"enemies":"Snecko","floor":32.0,"turns":2.0},{"damage":5.0,"enemies":"downfall:Defect","floor":33.0,"turns":4.0},{"damage":0.0,"enemies":"3 Darklings","floor":36.0,"turns":1.0},{"damage":0.0,"enemies":"Orb Walker","floor":37.0,"turns":2.0},{"damage":4.0,"enemies":"Transient","floor":38.0,"turns":5.0},{"damage":18.0,"enemies":"Maw","floor":42.0,"turns":4.0},{"damage":3,"enemies":"Jaw Worm Horde","floor":45,"turns":3},{"damage":12,"enemies":"Reptomancer","floor":46,"turns":3},{"damage":0,"enemies":"Writhing Mass","floor":48,"turns":3},{"damage":0,"enemies":"Spire Growth","floor":49,"turns":3},{"damage":21,"enemies":"downfall:Silent","floor":50,"turns":5}],"seed_played":"3566973078495978674","potions_obtained":[{"floor":3.0,"key":"hexamod:EctoCoolerPotion"},{"floor":6.0,"key":"AttackPotion"},{"floor":9.0,"key":"ColorlessPotion"},{"floor":25.0,"key":"Regen Potion"}],"is_trial":false,"path_per_floor":["R","M","M","$","?","M","T","R","E","?","E","M","M","E","M","B",null,"R","M","M","$","?","M","T","M","M","R","$","M","T","$","M","B",null,"R","M","M","M","?","R","T","M","$","R","M","E","R","M","M","B",null],"character_chosen":"GUARDIAN","items_purchased":["Guardian:FuturePlans","DollysMirror","Guardian:GemstoneGun","Chemical X","Guardian:VentSteam","Guardian:BottledStasis"],"campfire_rested":0,"item_purchase_floors":[4,21,28,28,31,43],"current_hp_per_floor":[80,79,79,79,79,72,72,72,57,62,62,62,60,53,53,51,77,77,77,77,74,74,59,59,59,59,59,59,59,59,59,59,54,77,87,87,87,83,83,83,83,65,65,65,62,50,50,50,50,29],"gold":72,"neow_bonus":"BOSS_RELIC","is_daily":false,"chose_seed":false,"campfire_upgraded":7,"win_rate":0.0,"timestamp":1609853643,"path_taken":["R","M","M","?","?","?","T","R","E","?","E","M","M","E","M","BOSS","R","M","M","$","?","M","T","M","?","R","$","M","?","?","M","BOSS","R","M","M","M","?","R","T","M","?","R","M","E","R","M","M","BOSS"],"items_purchased_type":["Card","Relic","Relic","Relic","Card","Relic"],"build_version":"2020-12-22","purchased_purges":0,"victory":true,"max_hp_per_floor":[80,80,80,80,80,80,80,80,80,85,85,85,85,85,85,85,85,85,85,85,85,85,85,85,85,85,85,85,85,85,85,85,85,85,95,95,95,95,95,95,95,95,95,95,95,95,95,95,95,95],"card_choices":[{"not_picked":["Guardian:Recover","Guardian:Incinerate"],"picked":"Guardian:Gem_Red","floor":2.0},{"not_picked":["Guardian:ArmoredProtocol","Guardian:CrystalBeam"],"picked":"Guardian:SentryBeam","floor":3.0},{"not_picked":["Guardian:Gem_Crimson","Guardian:Reroute"],"picked":"Guardian:FierceBash","floor":4.0},{"not_picked":["Guardian:Gem_Blue","Guardian:TemporalShield"],"picked":"Guardian:Preprogram","floor":6.0},{"not_picked":["Guardian:RollAttack","Guardian:Gem_Lightblue"],"picked":"Guardian:Suspension","floor":9.0},{"not_picked":["Guardian:RollAttack","Guardian:Suspension"],"picked":"Guardian:PrimingBeam","floor":11.0},{"not_picked":["Guardian:VentSteam","Guardian:ChargeCore","Guardian:Gem_Green"],"picked":"SKIP","floor":12.0},{"not_picked":["Guardian:ChargeCore","Guardian:TemporalShield"],"picked":"Guardian:TimeCapacitor","floor":13.0},{"not_picked":["Guardian:WalkerClaw","Guardian:BronzeOrb","Guardian:ShieldSpikes"],"picked":"SKIP","floor":14.0},{"not_picked":["Guardian:VentSteam","Guardian:PiercingHide","Guardian:WalkerClaw"],"picked":"SKIP","floor":15.0},{"not_picked":["Guardian:GemFinder","Guardian:BaubleBeam"],"picked":"Guardian:Gem_Orange","floor":16.0},{"not_picked":["Guardian:RollAttack","Guardian:Incinerate","Guardian:Reroute"],"picked":"SKIP","floor":19.0},{"not_picked":["Guardian:Reroute","Guardian:Harden+1"],"picked":"Guardian:Emergency+1","floor":20.0},{"not_picked":["Guardian:Gem_Cyan","Guardian:PiercingHide+1","Guardian:Gem_Red"],"picked":"SKIP","floor":21.0},{"not_picked":["Guardian:Planning","Guardian:PolyBeam"],"picked":"Guardian:Gem_Cyan","floor":23.0},{"not_picked":["Guardian:ShieldSpikes","Guardian:FierceBash","Guardian:Reroute"],"picked":"SKIP","floor":25.0},{"not_picked":["Guardian:FuturePlans","Guardian:PrismaticBarrier","Guardian:Incinerate"],"picked":"SKIP","floor":26.0},{"not_picked":["Guardian:Planning","Guardian:PiercingHide","Guardian:Gem_Red"],"picked":"SKIP","floor":29.0},{"not_picked":["Guardian:ArmoredProtocol","Guardian:Recover","Guardian:Gem_Cyan"],"picked":"SKIP","floor":32.0},{"not_picked":["Guardian:BaubleBeam","Guardian:GemFire"],"picked":"Guardian:Gem_Orange","floor":33.0},{"not_picked":["Guardian:RefractedBeam","Guardian:ArmoredProtocol"],"picked":"Guardian:EvasiveProtocol","floor":36.0},{"not_picked":["Guardian:Gem_Red","Guardian:Gem_Green"],"picked":"Guardian:Suspension","floor":37.0},{"not_picked":["Guardian:VentSteam","Guardian:Incinerate"],"picked":"Guardian:DonusPower+1","floor":38.0},{"not_picked":["Guardian:Recover","Guardian:BaubleBeam"],"picked":"Guardian:TemporalShield+1","floor":42.0},{"not_picked":["Guardian:PrimingBeam+1","Guardian:Incinerate+1"],"picked":"Guardian:Gem_White","floor":45},{"not_picked":["Guardian:TimeBomb","Guardian:WalkerClaw","Guardian:ShieldCharger"],"picked":"SKIP","floor":46},{"not_picked":["Guardian:PiercingHide+1","Guardian:WalkerClaw+1","Guardian:Orbwalk+1"],"picked":"SKIP","floor":48},{"not_picked":["Guardian:TemporalStrike","Guardian:RollAttack","Guardian:TemporalShield"],"picked":"SKIP","floor":49}],"player_experience":331317,"relics_obtained":[{"floor":7.0,"key":"Anchor"},{"floor":9.0,"key":"Bag of Marbles"},{"floor":11.0,"key":"Ornamental Fan"},{"floor":14.0,"key":"TungstenRod"},{"floor":24.0,"key":"Regal Pillow"},{"floor":41.0,"key":"Omamori"},{"floor":46,"key":"Art of War"}],"event_choices":[{"damage_healed":0.0,"max_hp_gain":0.0,"max_hp_loss":0.0,"gold_gain":0.0,"event_name":"Upgrade Shrine","player_choice":"Upgraded","floor":5.0,"gold_loss":0.0,"damage_taken":0.0,"cards_upgraded":["Guardian:FierceBash"]},{"damage_healed":0.0,"max_hp_gain":5.0,"max_hp_loss":0.0,"gold_gain":0.0,"event_name":"Big Fish","player_choice":"Donut","floor":10.0,"gold_loss":0.0,"damage_taken":0.0}],"is_beta":false,"boss_relics":[{"not_picked":["Snecko Eye","Empty Cage"],"picked":"Pandora\u0027s Box"},{"not_picked":["Busted Crown","Cursed Key"],"picked":"SlaversCollar"}],"items_purged_floors":[],"is_endless":false,"potions_floor_spawned":[3,6,9,12,15,19,23,25,38,48,49],"ascension_level":5}}