{"host":"ynimr9ugvc6f046i","time":1609825723,"event":{"mods":["2.2 Compatiblity","BaseMod","Colored Map","DeckTracker","Highlight Path","Keyboard Shortcuts","Minty Spire (QoL Compilation)","Permanent Neow","Quick Restart","StSLib","SuperFastMode"],"gold_per_floor":[137,169,14,14,14,14,71,71,71,124,165,165,200,241,241,241,241],"floor_reached":16,"playtime":233,"items_purged":["Writhe"],"score":220,"play_id":"4375a456-acbe-473e-aacd-01807aab1f9c","local_time":"20210105144843","is_ascension_mode":true,"campfire_choices":[{"data":"HandOfGreed","floor":6.0,"key":"SMITH"},{"data":"Eruption","floor":8.0,"key":"SMITH"},{"floor":12.0,"key":"REST"},{"data":"MentalFortress","floor":15.0,"key":"SMITH"}],"circlet_count":0,"master_deck":["AscendersBane","Strike_P","Strike_P","Strike_P","Defend_P","Defend_P","Defend_P","Defend_P","Eruption+1","Vigilance","HandOfGreed+1","FlurryOfBlows","Tantrum","MentalFortress+1"],"relics":["PureWater","Singing Bowl","Oddly Smooth Stone","Art of War","Regal Pillow"],"acts_visited":["Exordium"],"potions_floor_usage":[16],"damage_taken":[{"damage":0.0,"enemies":"Jaw Worm","floor":1.0,"turns":6.0},{"damage":0.0,"enemies":"Small Slimes","floor":2.0,"turns":2.0},{"damage":22.0,"enemies":"Lagavulin","floor":7.0,"turns":4.0},{"damage":16.0,"enemies":"Gremlin Nob","floor":10.0,"turns":3.0},{"damage":0.0,"enemies":"Cultist","floor":11.0,"turns":2.0},{"damage":18.0,"enemies":"Red Slaver","floor":13.0,"turns":5.0},{"damage":7.0,"enemies":"Blue Slaver","floor":14.0,"turns":2.0},{"damage":28,"enemies":"The Guardian","floor":16,"turns":8}],"seed_played":"587117090934047110","potions_obtained":[{"floor":7.0,"key":"EssenceOfSteel"},{"floor":10.0,"key":"PowerPotion"}],"is_trial":false,"path_per_floor":["M","M","$","?","?","R","E","R","T","E","M","R","M","M","R","B"],"character_chosen":"WATCHER","items_purchased":["Tantrum"],"campfire_rested":1,"item_purchase_floors":[3],"current_hp_per_floor":[61,61,61,56,49,49,29,29,29,13,15,51,35,30,30,2,2],"gold":241,"neow_bonus":"RANDOM_COLORLESS_2","is_daily":false,"chose_seed":false,"campfire_upgraded":3,"win_rate":0.0,"timestamp":1609825723,"path_taken":["M","M","$","?","?","R","E","R","T","E","M","R","M","?","R","BOSS"],"items_purchased_type":["Card"],"build_version":"2020-12-22","purchased_purges":1,"victory":false,"max_hp_per_floor":[68,68,68,68,68,68,70,70,70,70,72,72,74,76,76,76,76],"card_choices":[{"not_picked":["Mayhem","Transmutation"],"picked":"HandOfGreed","floor":0.0},{"not_picked":["EmptyBody","Crescendo"],"picked":"FlurryOfBlows","floor":1.0},{"not_picked":["Wireheading","Pray","Consecrate"],"picked":"SKIP","floor":2.0},{"not_picked":["CarveReality","ThirdEye","JustLucky"],"picked":"Singing Bowl","floor":7.0},{"not_picked":["Devotion","Worship"],"picked":"MentalFortress","floor":10.0},{"not_picked":["Protect","FollowUp","SashWhip"],"picked":"Singing Bowl","floor":11.0},{"not_picked":["Evaluate","EmptyBody","SashWhip"],"picked":"Singing Bowl","floor":13.0},{"not_picked":["Crescendo","WaveOfTheHand","Evaluate"],"picked":"Singing Bowl","floor":14.0}],"player_experience":538380,"relics_obtained":[{"floor":7.0,"key":"Oddly Smooth Stone"},{"floor":9.0,"key":"Art of War"},{"floor":10.0,"key":"Regal Pillow"}],"event_choices":[{"damage_healed":0.0,"max_hp_gain":0.0,"max_hp_loss":0.0,"gold_gain":0.0,"event_name":"Scrap Ooze","player_choice":"Success","floor":4.0,"gold_loss":0.0,"damage_taken":5.0,"relics_obtained":["Singing Bowl"]},{"cards_removed":["Strike_P"],"damage_healed":0.0,"max_hp_gain":0.0,"max_hp_loss":0.0,"gold_gain":0.0,"event_name":"Golden Wing","player_choice":"Card Removal","floor":5.0,"gold_loss":0.0,"damage_taken":7.0}],"is_beta":false,"boss_relics":[],"items_purged_floors":[3],"is_endless":false,"potions_floor_spawned":[7,10,14],"killed_by":"The Guardian","ascension_level":20}}