{"host":"ktoxvvst1mwxww91","time":1609844144,"event":{"mods":["BaseMod","Hermit","Minty Spire (QoL Compilation)","StSLib","The Hierophant","The Mystic","The Necromancer"],"gold_per_floor":[118,20,35,48,48,83,83,99,99,22,51,51,62,62,62,162,162,172,188,42,59,59,59,89,89,112,112,131,159,172,272,272,272,272],"floor_reached":33,"playtime":1120,"items_purged":["Strike_R","Strike_R"],"score":468,"play_id":"5e88391d-036e-4cfc-b2a6-efcbd1fd838b","local_time":"20210105115544","is_ascension_mode":true,"campfire_choices":[{"data":"Pummel","floor":7,"key":"SMITH"},{"data":"Combust","floor":15,"key":"SMITH"},{"data":"True Grit","floor":23,"key":"SMITH"},{"data":"Fire Breathing","floor":25,"key":"SMITH"},{"data":"Demon Form","floor":27,"key":"SMITH"},{"floor":32,"key":"REST"}],"circlet_count":0,"master_deck":["AscendersBane","Defend_R","Defend_R","Defend_R","Defend_R","Bash+1","Reckless Charge","Pommel Strike","Dropkick","Iron Wave","Pummel+1","Combust+1","Pommel Strike","Flame Barrier","Demon Form+1","Sword Boomerang","Flame Barrier","True Grit+1","Combust","Bite","Bite","Bite","Bite","Bite","Fire Breathing+1","Parasite","True Grit","Warcry+1","Fire Breathing+1"],"relics":["Burning Blood","Lizard Tail","Ginger","TungstenRod","Torii","Cursed Key","Ancient Tea Set","Omamori","Pen Nib","Peace Pipe","Frozen Egg 2"],"acts_visited":["Exordium","TheCity"],"potions_floor_usage":[6,16,21,31,31],"damage_taken":[{"damage":12,"enemies":"Jaw Worm","floor":1,"turns":2},{"damage":0,"enemies":"Cultist","floor":3,"turns":3},{"damage":0,"enemies":"2 Louse","floor":4,"turns":3},{"damage":20,"enemies":"3 Sentries","floor":6,"turns":6},{"damage":16,"enemies":"Exordium Wildlife","floor":8,"turns":4},{"damage":13,"enemies":"Gremlin Nob","floor":11,"turns":3},{"damage":5,"enemies":"Looter","floor":13,"turns":3},{"damage":33,"enemies":"Hexaghost","floor":16,"turns":10},{"damage":15,"enemies":"Spheric Guardian","floor":18,"turns":4},{"damage":0,"enemies":"3 Byrds","floor":19,"turns":4},{"damage":7,"enemies":"Snake Plant","floor":21,"turns":4},{"damage":38,"enemies":"Slavers","floor":24,"turns":5},{"damage":15,"enemies":"Cultist and Chosen","floor":28,"turns":6},{"damage":26,"enemies":"Gremlin Leader","floor":29,"turns":6},{"damage":9,"enemies":"Chosen and Byrds","floor":30,"turns":5},{"damage":13,"enemies":"Colosseum Slavers","floor":31,"turns":4},{"damage":13,"enemies":"Colosseum Nobs","floor":31,"turns":4},{"damage":100,"enemies":"Champ","floor":33,"turns":9}],"seed_played":"5544745703443730260","potions_obtained":[{"floor":3,"key":"PowerPotion"},{"floor":11,"key":"AttackPotion"},{"floor":18,"key":"Fire Potion"},{"floor":24,"key":"ElixirPotion"},{"floor":30,"key":"Swift Potion"}],"is_trial":false,"path_per_floor":["M","$","M","M","$","E","R","M","T","$","E","?","M","?","R","B",null,"M","M","$","M","?","R","E","R","T","R","M","E","M","?","R","B"],"character_chosen":"IRONCLAD","items_purchased":["Pommel Strike","Combust","True Grit"],"campfire_rested":1,"item_purchase_floors":[2,10,20],"current_hp_per_floor":[66,66,72,78,78,64,64,54,54,54,47,47,48,80,80,53,73,64,70,70,69,56,56,32,32,32,32,33,19,18,20,36,0,0],"gold":272,"neow_bonus":"UPGRADE_CARD","is_daily":false,"chose_seed":false,"campfire_upgraded":5,"win_rate":0.0,"timestamp":1609844144,"path_taken":["M","$","M","M","$","E","R","M","T","$","E","?","?","?","R","BOSS","M","M","$","M","?","R","E","R","T","R","M","E","M","?","R","BOSS"],"items_purchased_type":["Card","Card","Card"],"build_version":"2020-12-22","purchased_purges":2,"victory":false,"max_hp_per_floor":[80,80,80,80,80,80,80,80,80,80,80,80,80,80,80,80,80,80,80,80,80,56,56,56,56,56,56,56,56,56,56,56,56,56],"card_choices":[{"not_picked":["Body Slam","Flex"],"picked":"Reckless Charge","floor":1},{"not_picked":["Anger","Exhume"],"picked":"Dropkick","floor":3},{"not_picked":["Heavy Blade","Sword Boomerang"],"picked":"Iron Wave","floor":4},{"not_picked":["Flame Barrier","Shrug It Off"],"picked":"Pummel","floor":6},{"not_picked":["Clothesline","Bloodletting"],"picked":"Spot Weakness","floor":8},{"not_picked":["Blood for Blood","Havoc"],"picked":"Pommel Strike","floor":11},{"not_picked":["Perfected Strike","Shrug It Off"],"picked":"Flame Barrier","floor":13},{"not_picked":["Offering","Impervious"],"picked":"Demon Form","floor":16},{"not_picked":["Intimidate+1","Anger"],"picked":"Sword Boomerang","floor":18},{"not_picked":["Sever Soul","Flex"],"picked":"Flame Barrier","floor":19},{"not_picked":["Hemokinesis+1","Power Through+1"],"picked":"Combust","floor":21},{"not_picked":["Thunderclap+1","Iron Wave+1"],"picked":"Fire Breathing","floor":24},{"not_picked":["Exhume","Uppercut"],"picked":"True Grit","floor":28},{"not_picked":["Sentinel","Twin Strike+1"],"picked":"Warcry+1","floor":29},{"not_picked":["Thunderclap","Anger","Burning Pact"],"picked":"SKIP","floor":30},{"not_picked":["Body Slam+1","Blood for Blood"],"picked":"Fire Breathing+1","floor":31}],"player_experience":966265,"relics_obtained":[{"floor":6,"key":"Lizard Tail"},{"floor":9,"key":"Ginger"},{"floor":11,"key":"TungstenRod"},{"floor":12,"key":"Torii"},{"floor":24,"key":"Ancient Tea Set"},{"floor":26,"key":"Omamori"},{"floor":29,"key":"Pen Nib"},{"floor":31,"key":"Peace Pipe"},{"floor":31,"key":"Frozen Egg 2"}],"event_choices":[{"damage_healed":0,"gold_gain":0,"player_choice":"Relic","damage_taken":0,"max_hp_gain":0,"max_hp_loss":0,"event_name":"Wheel of Change","floor":12,"gold_loss":0},{"cards_removed":["Spot Weakness"],"damage_healed":32,"gold_gain":0,"player_choice":"Offered Uncommon","damage_taken":0,"max_hp_gain":0,"max_hp_loss":0,"event_name":"Bonfire Elementals","floor":14,"gold_loss":0},{"damage_healed":0,"gold_gain":0,"player_choice":"Became a vampire","damage_taken":0,"max_hp_gain":0,"max_hp_loss":24,"event_name":"Vampires","floor":22,"gold_loss":0,"cards_obtained":["Bite","Bite","Bite","Bite","Bite"]},{"damage_healed":0,"gold_gain":0,"player_choice":"Fight","damage_taken":0,"max_hp_gain":0,"max_hp_loss":0,"event_name":"Colosseum","floor":31,"gold_loss":0},{"damage_healed":0,"gold_gain":0,"player_choice":"Fought Nobs","damage_taken":0,"max_hp_gain":0,"max_hp_loss":0,"event_name":"Colosseum","floor":31,"gold_loss":0}],"is_beta":false,"boss_relics":[{"not_picked":["Black Star","Calling Bell"],"picked":"Cursed Key"}],"items_purged_floors":[2,20],"is_endless":false,"potions_floor_spawned":[3,11,18,24,30],"killed_by":"Champ","ascension_level":10}}