{"host":"6bsan6hkua32tfq7","time":1609809050,"event":{"mods":["BaseMod","Better Third Choice","Colored Map","Highlight Path","Minty Spire (QoL Compilation)","StSLib"],"gold_per_floor":[109,109,126,51,51,51,51,64,64,64,88,88,106,106,106,183,183,198,98,108,118,118,146,146,173,198,248,248,274,294,209,209,286,286,305,316,316,216,235,235,263,280,334,345,345,345,345,345,345],"floor_reached":48,"playtime":1601,"items_purged":["Strike_P","Defend_P"],"score":1162,"play_id":"b45e5e9e-e4bd-41e2-b02d-b75e3f2b68ef","local_time":"20210105021050","is_ascension_mode":true,"campfire_choices":[{"data":"Eruption","floor":6,"key":"SMITH"},{"data":"TalkToTheHand","floor":10,"key":"SMITH"},{"data":"BowlingBash","floor":12,"key":"SMITH"},{"data":"TalkToTheHand","floor":15,"key":"SMITH"},{"data":"Discovery","floor":24,"key":"SMITH"},{"data":"Blasphemy","floor":28,"key":"SMITH"},{"data":"Ghostly","floor":32,"key":"SMITH"},{"floor":40,"key":"REST"},{"floor":46,"key":"REST"}],"circlet_count":0,"master_deck":["AscendersBane","Strike_P","Defend_P+1","Defend_P","Eruption+1","Vigilance","Consecrate","BowlingBash+1","TalkToTheHand+1","Wallop","TalkToTheHand+1","Blasphemy+1","Ragnarok","DeceiveReality","Discovery+1","Meditate+1","WindmillStrike+1","Ghostly+1","Ghostly","Ghostly+1","ConjureBlade","Dark Shackles","Evaluate+1"],"relics":["PureWater","NeowsBlessing","Bag of Preparation","Ice Cream","MealTicket","Sozu","Regal Pillow","Orichalcum","War Paint","Sundial","Ginger","Empty Cage","Blood Vial"],"acts_visited":["Exordium","TheCity","TheBeyond"],"potions_floor_usage":[16,39,44],"damage_taken":[{"damage":0,"enemies":"Jaw Worm","floor":1,"turns":1},{"damage":0,"enemies":"Small Slimes","floor":3,"turns":1},{"damage":0,"enemies":"Cultist","floor":8,"turns":1},{"damage":0,"enemies":"Gremlin Gang","floor":13,"turns":1},{"damage":2,"enemies":"The Guardian","floor":16,"turns":9},{"damage":3,"enemies":"Shell Parasite","floor":18,"turns":3},{"damage":0,"enemies":"2 Thieves","floor":20,"turns":4},{"damage":9,"enemies":"3 Cultists","floor":21,"turns":3},{"damage":5,"enemies":"Gremlin Leader","floor":23,"turns":5},{"damage":0,"enemies":"Book of Stabbing","floor":25,"turns":3},{"damage":0,"enemies":"Slavers","floor":29,"turns":5},{"damage":0,"enemies":"Snake Plant","floor":30,"turns":3},{"damage":2,"enemies":"Champ","floor":33,"turns":14},{"damage":0,"enemies":"3 Shapes","floor":35,"turns":3},{"damage":27,"enemies":"3 Darklings","floor":36,"turns":5},{"damage":4,"enemies":"Sphere and 2 Shapes","floor":39,"turns":5},{"damage":25,"enemies":"Nemesis","floor":41,"turns":9},{"damage":7,"enemies":"Transient","floor":42,"turns":6},{"damage":4,"enemies":"4 Shapes","floor":44,"turns":3},{"damage":29,"enemies":"Reptomancer","floor":48,"turns":2}],"seed_played":"4193375253594884977","potions_obtained":[{"floor":3,"key":"FearPotion"},{"floor":8,"key":"StancePotion"},{"floor":16,"key":"EssenceOfSteel"}],"is_trial":false,"path_per_floor":["M","?","M","$","?","R","$","M","T","R","T","R","M","?","R","B",null,"M","$","M","M","?","E","R","E","T","?","R","E","M","?","R","B",null,"M","M","?","$","M","R","E","M","T","M","?","R","?","E"],"character_chosen":"WATCHER","items_purchased":["Discovery"],"campfire_rested":2,"item_purchase_floors":[19],"current_hp_per_floor":[61,61,61,61,43,43,43,43,43,43,43,43,43,43,43,41,61,58,68,68,59,34,29,29,29,29,29,29,29,29,29,29,27,32,32,5,5,20,16,34,9,4,4,2,2,27,27,0,0],"gold":345,"neow_bonus":"THREE_ENEMY_KILL","is_daily":false,"chose_seed":false,"campfire_upgraded":7,"win_rate":0.0,"timestamp":1609809050,"path_taken":["M","?","M","$","?","R","?","?","T","R","?","R","?","?","R","BOSS","M","$","M","M","?","E","R","E","T","?","R","E","M","?","R","BOSS","M","M","?","$","M","R","E","M","T","M","?","R","?","E"],"items_purchased_type":["Card"],"build_version":"2020-12-22","purchased_purges":2,"victory":false,"max_hp_per_floor":[68,68,68,68,68,68,68,68,68,68,68,68,68,68,68,68,68,68,68,68,68,34,34,34,34,34,34,34,34,34,34,34,34,34,34,34,34,34,34,34,34,34,34,34,34,34,32,32,32],"card_choices":[{"not_picked":["Crescendo","EmptyBody"],"picked":"Consecrate","floor":1},{"not_picked":["JustLucky","ThirdEye"],"picked":"BowlingBash","floor":3},{"not_picked":["Perseverance","FlurryOfBlows"],"picked":"TalkToTheHand","floor":8},{"not_picked":["EmptyMind","JustLucky"],"picked":"Wallop","floor":13},{"not_picked":["Omniscience","Brilliance"],"picked":"Ragnarok","floor":16},{"not_picked":["MentalFortress","JustLucky"],"picked":"DeceiveReality","floor":18},{"not_picked":["DeceiveReality","PathToVictory"],"picked":"Meditate+1","floor":20},{"not_picked":["FollowUp","Worship"],"picked":"WindmillStrike+1","floor":21},{"not_picked":["Prostrate","EmptyFist","SashWhip"],"picked":"SKIP","floor":23},{"not_picked":["Indignation","Tantrum+1","EmptyBody"],"picked":"SKIP","floor":25},{"not_picked":["Halt+1","Protect","BattleHymn"],"picked":"SKIP","floor":29},{"not_picked":["Indignation","Swivel","Prostrate"],"picked":"SKIP","floor":30},{"not_picked":["SpiritShield","Omniscience"],"picked":"ConjureBlade","floor":33},{"not_picked":["Conclude","Consecrate+1","Evaluate"],"picked":"SKIP","floor":35},{"not_picked":["FlurryOfBlows","Consecrate","EmptyFist"],"picked":"SKIP","floor":36},{"not_picked":["Master of Strategy","Flash of Steel"],"picked":"Dark Shackles","floor":37},{"not_picked":["Wallop","BowlingBash+1"],"picked":"Evaluate+1","floor":39},{"not_picked":["EmptyBody","Worship","Sanctity"],"picked":"SKIP","floor":41},{"not_picked":["Crescendo","Wallop","CrushJoints"],"picked":"SKIP","floor":42},{"not_picked":["FlyingSleeves+1","Halt","JustLucky"],"picked":"SKIP","floor":44}],"player_experience":5254637,"relics_obtained":[{"floor":9,"key":"Ice Cream"},{"floor":11,"key":"MealTicket"},{"floor":23,"key":"Regal Pillow"},{"floor":25,"key":"Orichalcum"},{"floor":26,"key":"War Paint"},{"floor":29,"key":"Sundial"},{"floor":41,"key":"Blood Vial"}],"event_choices":[{"cards_removed":["Defend_P"],"damage_healed":0,"gold_gain":0,"player_choice":"Forget","damage_taken":0,"max_hp_gain":0,"max_hp_loss":0,"event_name":"Living Wall","floor":2,"gold_loss":0},{"damage_healed":0,"gold_gain":0,"player_choice":"Relic ","damage_taken":18,"max_hp_gain":0,"max_hp_loss":0,"event_name":"betterThird:BetterScrap","floor":5,"gold_loss":0,"cards_obtained":["Endless Agony"]},{"damage_healed":0,"gold_gain":0,"player_choice":"2 cards matched","damage_taken":0,"max_hp_gain":0,"max_hp_loss":0,"event_name":"Match and Keep!","floor":14,"gold_loss":0,"cards_obtained":["TalkToTheHand","Blasphemy"]},{"damage_healed":0,"gold_gain":0,"player_choice":"Became a Ghost","damage_taken":0,"max_hp_gain":0,"max_hp_loss":34,"event_name":"Ghosts","floor":22,"gold_loss":0,"cards_obtained":["Ghostly","Ghostly","Ghostly"]},{"damage_healed":0,"gold_gain":50,"player_choice":"Steal","damage_taken":0,"max_hp_gain":0,"max_hp_loss":0,"event_name":"betterThird:BetterNest","floor":27,"gold_loss":0},{"damage_healed":0,"gold_gain":0,"player_choice":"Obtained Relic","damage_taken":0,"relics_obtained":["Ginger"],"max_hp_gain":0,"max_hp_loss":0,"event_name":"Addict","floor":31,"gold_loss":85},{"damage_healed":0,"gold_gain":0,"player_choice":"Memory 1","damage_taken":0,"max_hp_gain":0,"max_hp_loss":0,"event_name":"SensoryStone","floor":37,"gold_loss":0},{"damage_healed":0,"gold_gain":0,"player_choice":"Ignored","damage_taken":0,"max_hp_gain":0,"max_hp_loss":0,"event_name":"Tomb of Lord Red Mask","floor":45,"gold_loss":0},{"damage_healed":0,"gold_gain":0,"player_choice":"Max HP","damage_taken":0,"max_hp_gain":0,"max_hp_loss":2,"event_name":"Winding Halls","floor":47,"gold_loss":0}],"is_beta":false,"boss_relics":[{"not_picked":["Tiny House","Busted Crown"],"picked":"Sozu"},{"not_picked":["VioletLotus","Calling Bell"],"picked":"Empty Cage"}],"items_purged_floors":[4,38],"is_endless":false,"potions_floor_spawned":[3,8,13,16,20,23,25,29,36,39,42],"killed_by":"Reptomancer","ascension_level":20}}