{"host":"vocz1ewhme5jcb36","time":1609876042,"event":{"mods":["BaseMod","Minty Spire (QoL Compilation)","StSLib","The Bug Knight"],"gold_per_floor":[117,117,37,56,17,17,42,42,65,65,81,6,6,6,6,6,6],"floor_reached":16,"playtime":967,"items_purged":[],"score":121,"play_id":"dcc8e746-0e7b-481a-8aec-10de3ddc069f","local_time":"20210105144722","is_ascension_mode":false,"campfire_choices":[{"data":"HollowMod:GrimmsGift","floor":6,"key":"SMITH"},{"floor":8,"key":"RECALL"},{"data":"HollowMod:MantisMark","floor":15,"key":"SMITH"}],"circlet_count":0,"master_deck":["HollowMod:NailStrikeStart","HollowMod:NailStrikeStart","HollowMod:NailStrikeStart","HollowMod:NailStrikeStart","HollowMod:QuickDashStart","HollowMod:QuickDashStart","HollowMod:QuickDashStart","HollowMod:FocusHealStart","HollowMod:PogoStrike","HollowMod:MantisMark","HollowMod:SoulShaman","HollowMod:SoulShaman","HollowMod:GrimmsGift+1","HollowMod:GoodIntentions","HollowMod:MantisMark+1"],"relics":["HollowMod:VesselMask","NeowsBlessing","WingedGreaves","Boot"],"acts_visited":["Exordium"],"potions_floor_usage":[16],"damage_taken":[{"damage":0,"enemies":"Jaw Worm","floor":1,"turns":1},{"damage":0,"enemies":"Small Slimes","floor":4,"turns":1},{"damage":0,"enemies":"Lagavulin","floor":7,"turns":1},{"damage":6,"enemies":"Cultist","floor":11,"turns":4},{"damage":88,"enemies":"Hexaghost","floor":16,"turns":11}],"seed_played":"31878744807945748","potions_obtained":[{"floor":7,"key":"SteroidPotion"},{"floor":11,"key":"Strength Potion"}],"is_trial":false,"path_per_floor":["M","?","$","M","$","R","E","R","T","?","M","?","?","?","R","B"],"character_chosen":"THE_BUGKNIGHT","items_purchased":["HollowMod:SoulShaman","HollowMod:GrimmsGift"],"campfire_rested":0,"item_purchase_floors":[3,5],"current_hp_per_floor":[75,80,80,80,80,80,80,80,80,80,74,79,72,72,72,0,0],"gold":6,"neow_bonus":"THREE_ENEMY_KILL","is_daily":false,"chose_seed":false,"campfire_upgraded":2,"win_rate":0.0,"timestamp":1609876042,"path_taken":["M","?","$","M","$","R","E","R","T","?","M","?","?","?","R","BOSS"],"items_purchased_type":["Card","Card"],"build_version":"2020-12-22","purchased_purges":0,"victory":false,"max_hp_per_floor":[75,80,80,80,80,80,80,80,80,80,80,85,85,85,85,85,85],"card_choices":[{"not_picked":["HollowMod:SoulSplash","HollowMod:VengefulSpirit"],"picked":"HollowMod:MantisMark","floor":1},{"not_picked":["HollowMod:SoulStrike","HollowMod:HowlingWraiths"],"picked":"HollowMod:SoulShaman","floor":4},{"not_picked":["HollowMod:NewGlowingWomb","HollowMod:HowlingWraiths"],"picked":"HollowMod:GoodIntentions","floor":7},{"not_picked":["HollowMod:NewJinnsSoul","HollowMod:CornifersMapStart"],"picked":"HollowMod:MantisMark","floor":11}],"player_experience":275897,"relics_obtained":[{"floor":7,"key":"WingedGreaves"}],"event_choices":[{"damage_healed":0,"gold_gain":0,"player_choice":"Donut","damage_taken":0,"max_hp_gain":5,"max_hp_loss":0,"event_name":"Big Fish","floor":2,"gold_loss":0},{"damage_healed":0,"gold_gain":0,"cards_transformed":["HollowMod:QuickDashStart"],"player_choice":"Change","damage_taken":0,"max_hp_gain":0,"max_hp_loss":0,"event_name":"Living Wall","floor":10,"gold_loss":0,"cards_obtained":["HollowMod:BlackTendrils"]},{"cards_removed":["HollowMod:BlackTendrils"],"damage_healed":0,"gold_gain":0,"player_choice":"Card Removal","damage_taken":7,"max_hp_gain":0,"max_hp_loss":0,"event_name":"Golden Wing","floor":13,"gold_loss":0},{"damage_healed":0,"gold_gain":0,"player_choice":"Gave Potion","damage_taken":0,"relics_obtained":["Boot"],"max_hp_gain":0,"max_hp_loss":0,"event_name":"WeMeetAgain","floor":14,"gold_loss":0}],"is_beta":false,"boss_relics":[],"items_purged_floors":[],"is_endless":false,"potions_floor_spawned":[7,11],"killed_by":"Hexaghost","ascension_level":0}}