{"host":"bzg9y3flbaqjj1j7","time":1609815177,"event":{"mods":["100% Spire Juice","AchievementEnabler","Act Like it!","Aspiration","Astrologer","BaseMod","Better Third Choice","CCEM","Challenge The Spire","Displayed Cursed Tome","Elementarium","Gensokyo","Hallownest","Hermit","Hubris","Infinite Spire","Lobotomy","LobotomyExtend","Marisa????????","Marked Mod","Minty Spire (QoL Compilation)","Permanent Neow","Quick Restart","Rare Cards Sparkle","Reimu??????","Remilia??????","Replay The Spire","RumiaBox-????????","Shop Mod","Spicy Shops","StSLib","The Animator","The Blue Laboratory","The Bug Knight","Waifu the Spire","vexMod"],"gold_per_floor":[122,80,100,200,226,226,226,226,226],"floor_reached":8,"playtime":651,"items_purged":[],"score":56,"play_id":"396cace4-20dc-4773-8b99-027f394f3e40","local_time":"20210104232257","is_ascension_mode":false,"campfire_choices":[],"circlet_count":0,"master_deck":["animator:Strike_Konosuba","animator:Defend_Konosuba","animator:Strike","animator:Strike","animator:Strike","animator:Defend","animator:Defend","animator:Defend","animator:Kazuma","animator:Aqua+1","animator:YunYun","animator:YunYun","animator:Millim+1"],"relics":["animator:LivingPicture","animator:TheMissingPiece","LetterFromLob","Baka"],"acts_visited":["Exordium"],"potions_floor_usage":[6,8],"damage_taken":[{"damage":4,"enemies":"2 Louse","floor":1,"turns":5},{"damage":3,"enemies":"Small Slimes","floor":3,"turns":3},{"damage":1,"enemies":"Cultist","floor":5,"turns":3},{"damage":0,"enemies":"Lagavulin","floor":6,"turns":2},{"damage":6,"enemies":"Gremlin Nob","floor":8,"turns":3}],"seed_played":"-595258203341484801","potions_obtained":[{"floor":1,"key":"blueLaboratory:HorrorPotion"},{"floor":5,"key":"SmokeBomb"}],"is_trial":false,"path_per_floor":["M","?","M","?","M","E","?","E"],"character_chosen":"THE_ANIMATOR","items_purchased":[],"campfire_rested":0,"item_purchase_floors":[],"current_hp_per_floor":[1,1,7,7,6,9,9,3,3],"gold":226,"neow_bonus":"UPGRADE_CARD","is_daily":false,"chose_seed":false,"campfire_upgraded":0,"win_rate":0.0,"timestamp":1609815177,"path_taken":["M","?","M","?","?","E","?","E"],"items_purchased_type":[],"build_version":"2020-12-22","purchased_purges":0,"victory":false,"max_hp_per_floor":[1,1,7,7,10,10,10,10,10],"card_choices":[{"not_picked":["animator:DolaCouronne","animator:Assassin"],"picked":"animator:YunYun","floor":1},{"not_picked":["animator:Berserker","animator:ShinjiMatou"],"picked":"animator:YunYun","floor":3},{"not_picked":["animator:Berserker","animator:Demiurge"],"picked":"animator:Millim","floor":5}],"player_experience":160921,"relics_obtained":[{"floor":1,"key":"LetterFromLob"},{"floor":1,"key":"Baka"}],"event_choices":[{"damage_healed":0,"gold_gain":0,"player_choice":"Left","damage_taken":0,"max_hp_gain":0,"max_hp_loss":0,"event_name":"betterThird:BetterGoop","floor":2,"gold_loss":42},{"damage_healed":0,"gold_gain":100,"player_choice":"Pray","damage_taken":0,"max_hp_gain":0,"max_hp_loss":0,"event_name":"Golden Shrine","floor":4,"gold_loss":0},{"damage_healed":0,"gold_gain":0,"player_choice":"Grow","damage_taken":0,"max_hp_gain":0,"max_hp_loss":0,"event_name":"Living Wall","floor":7,"gold_loss":0,"cards_upgraded":["animator:Millim"]}],"is_beta":false,"boss_relics":[],"items_purged_floors":[],"is_endless":false,"potions_floor_spawned":[1,5],"killed_by":"Gremlin Nob","ascension_level":0}}