{"host":"foq4mrde4mssg7vt","time":1609864650,"event":{"mods":["AchievementEnabler","BaseMod","Colored Map","Colored Powertips","Highlight Path","Minty Spire (QoL Compilation)","Relic Stats","everything is the same but u backflip on backflip"],"gold_per_floor":[110,21,39,54,66,66,96,96,96,96,106,181,125,153,153,229,229,229,12,12,12,12,12,12,12,12,12,12,12,12,12,12,12,12,12,12,12,12,12,12,12,12,12,12,12,12,12,12,12,12,12,12,12,12,12],"floor_reached":54,"playtime":3164,"items_purged":[],"score":1602,"play_id":"1d4c18bc-1ba6-4c90-8e3f-d10c2c299fd7","local_time":"20210106003730","is_ascension_mode":true,"campfire_choices":[{"floor":6.0,"key":"REST"},{"data":"Neutralize","floor":8.0,"key":"SMITH"},{"floor":10.0,"key":"REST"},{"floor":15.0,"key":"REST"},{"data":"Catalyst","floor":28.0,"key":"SMITH"},{"data":"After Image","floor":32.0,"key":"SMITH"},{"data":"Night Terror","floor":40.0,"key":"SMITH"},{"floor":49.0,"key":"RECALL"},{"data":"Leg Sweep","floor":52.0,"key":"SMITH"}],"circlet_count":0,"master_deck":["AscendersBane","Defend_G","Defend_G","Defend_G+1","Defend_G","Defend_G","Survivor","Neutralize+1","Finisher","Deadly Poison","Dash","Corpse Explosion","Leg Sweep+1","Cloak And Dagger+1","After Image+1","PiercingWail","Acrobatics","Catalyst+1","Decay","Bite","Bite","Bite","Bite","Bite","Night Terror+1","Noxious Fumes+1","Bullet Time"],"relics":["Ring of the Snake","Paper Crane","Shuriken","White Beast Statue","Ectoplasm","OrangePellets","Nilry\u0027s Codex","Strawberry","War Paint","Runic Pyramid","FossilizedHelix","Pen Nib","Snake Skull","Boot"],"acts_visited":["Exordium","TheCity","TheBeyond","TheEnding"],"potions_floor_usage":[54],"damage_taken":[{"damage":0.0,"enemies":"Small Slimes","floor":1.0,"turns":3.0},{"damage":0.0,"enemies":"Jaw Worm","floor":3.0,"turns":5.0},{"damage":0.0,"enemies":"2 Louse","floor":4.0,"turns":4.0},{"damage":32.0,"enemies":"Large Slime","floor":5.0,"turns":7.0},{"damage":26.0,"enemies":"Gremlin Nob","floor":7.0,"turns":4.0},{"damage":0.0,"enemies":"2 Fungi Beasts","floor":11.0,"turns":2.0},{"damage":20.0,"enemies":"3 Sentries","floor":14.0,"turns":11.0},{"damage":12.0,"enemies":"The Guardian","floor":16.0,"turns":12.0},{"damage":0.0,"enemies":"3 Byrds","floor":18.0,"turns":4.0},{"damage":0.0,"enemies":"Chosen","floor":20.0,"turns":7.0},{"damage":6.0,"enemies":"Book of Stabbing","floor":23.0,"turns":5.0},{"damage":12.0,"enemies":"Centurion and Healer","floor":24.0,"turns":7.0},{"damage":1.0,"enemies":"Cultist and Chosen","floor":30.0,"turns":7.0},{"damage":39.0,"enemies":"Collector","floor":33.0,"turns":13.0},{"damage":8.0,"enemies":"Orb Walker","floor":35.0,"turns":5.0},{"damage":0.0,"enemies":"Mind Bloom Boss Battle","floor":37.0,"turns":7.0},{"damage":0.0,"enemies":"3 Shapes","floor":38.0,"turns":5.0},{"damage":15.0,"enemies":"Spire Growth","floor":39.0,"turns":5.0},{"damage":0.0,"enemies":"Nemesis","floor":41.0,"turns":3.0},{"damage":25.0,"enemies":"Jaw Worm Horde","floor":42.0,"turns":5.0},{"damage":3.0,"enemies":"3 Darklings","floor":44.0,"turns":4.0},{"damage":0.0,"enemies":"Giant Head","floor":45.0,"turns":5.0},{"damage":0.0,"enemies":"Nemesis","floor":47.0,"turns":5.0},{"damage":0.0,"enemies":"Writhing Mass","floor":48.0,"turns":6.0},{"damage":3.0,"enemies":"Awakened One","floor":50.0,"turns":13.0},{"damage":63,"enemies":"Shield and Spear","floor":54,"turns":3}],"seed_played":"3419149095479310505","potions_obtained":[{"floor":4.0,"key":"Dexterity Potion"},{"floor":5.0,"key":"SteroidPotion"},{"floor":7.0,"key":"LiquidBronze"},{"floor":16.0,"key":"DuplicationPotion"},{"floor":18.0,"key":"Explosive Potion"},{"floor":20.0,"key":"SteroidPotion"},{"floor":23.0,"key":"Block Potion"},{"floor":24.0,"key":"PowerPotion"},{"floor":33.0,"key":"FearPotion"},{"floor":35.0,"key":"CultistPotion"},{"floor":39.0,"key":"CunningPotion"},{"floor":41.0,"key":"Explosive Potion"},{"floor":44.0,"key":"Explosive Potion"},{"floor":48.0,"key":"BlessingOfTheForge"}],"is_trial":false,"path_per_floor":["M","$","M","M","M","R","E","R","T","R","M","?","$","E","R","B",null,"M","$","M","?","$","E","M","?","T","?","R","$","M","?","R","B",null,"M","?","?","M","M","R","E","M","T","M","E","?","E","M","R","B",null,"R","$","E"],"character_chosen":"THE_SILENT","items_purchased":["Dash","Cloak And Dagger","OrangePellets","Acrobatics"],"campfire_rested":3,"item_purchase_floors":[2,13,19,19],"current_hp_per_floor":[59,59,59,59,27,46,20,20,20,39,39,28,28,8,27,15,53,53,53,53,32,32,33,21,21,21,21,21,21,30,30,30,9,41,41,41,48,48,33,33,35,20,20,25,29,29,35,47,47,48,48,48,48,0,0],"gold":12,"neow_bonus":"THREE_CARDS","is_daily":false,"chose_seed":false,"campfire_upgraded":5,"win_rate":0.0,"timestamp":1609864650,"path_taken":["M","$","M","M","M","R","E","R","T","R","M","?","$","E","R","BOSS","M","$","M","?","$","E","M","?","T","?","R","?","M","?","R","BOSS","M","?","?","M","M","R","E","M","T","M","E","?","E","M","R","BOSS","R","$","E"],"items_purchased_type":["Card","Card","Relic","Card"],"build_version":"2020-12-22","purchased_purges":0,"victory":false,"max_hp_per_floor":[66,66,66,66,66,66,66,66,66,66,66,66,66,66,66,66,66,66,66,66,66,66,73,73,73,73,51,51,51,51,51,51,51,51,51,48,48,48,48,48,48,48,48,48,48,48,48,48,48,48,48,48,48,48,48],"relic_stats":{"OrangePellets":[17],"counters":[26,157],"Shuriken":[29],"Ectoplasm":427,"Pen Nib":[6],"Snake Skull":[31],"War Paint":["Defend_G","Cloak And Dagger"],"Boot":[7],"obtain_stats":[{"Nilry\u0027s Codex":21,"Pen Nib":41,"Snake Skull":45,"Paper Crane":7,"War Paint":26,"Boot":47,"White Beast Statue":14,"OrangePellets":19,"Shuriken":9,"Strawberry":23,"Ectoplasm":17,"FossilizedHelix":37,"Ring of the Snake":0,"Runic Pyramid":34},{"Nilry\u0027s Codex":10,"Pen Nib":19,"Snake Skull":22,"Paper Crane":5,"War Paint":12,"Boot":23,"White Beast Statue":7,"OrangePellets":9,"Shuriken":5,"Strawberry":11,"Ectoplasm":8,"FossilizedHelix":16,"Ring of the Snake":0,"Runic Pyramid":14},{"Nilry\u0027s Codex":59,"Pen Nib":116,"Snake Skull":130,"Paper Crane":23,"War Paint":71,"Boot":135,"White Beast Statue":36,"OrangePellets":52,"Shuriken":23,"Strawberry":64,"Ectoplasm":48,"FossilizedHelix":103,"Ring of the Snake":0,"Runic Pyramid":91}],"Ring of the Snake":[52]},"card_choices":[{"not_picked":["Prepared","Slice"],"picked":"Finisher","floor":0.0},{"not_picked":["Underhanded Strike","Slice"],"picked":"Deadly Poison","floor":1.0},{"not_picked":["All Out Attack","Outmaneuver","Underhanded Strike"],"picked":"SKIP","floor":3.0},{"not_picked":["All Out Attack","Outmaneuver","Underhanded Strike"],"picked":"SKIP","floor":3.0},{"not_picked":["Outmaneuver","Cloak And Dagger"],"picked":"Corpse Explosion","floor":4.0},{"not_picked":["Acrobatics","Finisher","Eviscerate"],"picked":"SKIP","floor":5.0},{"not_picked":["Outmaneuver","Underhanded Strike","Accuracy"],"picked":"SKIP","floor":7.0},{"not_picked":["Quick Slash","Dagger Spray"],"picked":"Leg Sweep","floor":11.0},{"not_picked":["Deadly Poison","Sucker Punch","Tactician"],"picked":"SKIP","floor":14.0},{"not_picked":["Envenom","Glass Knife"],"picked":"After Image","floor":16.0},{"not_picked":["Slice","Dagger Throw+1"],"picked":"PiercingWail","floor":18.0},{"not_picked":["Slice","Dagger Spray","Expertise"],"picked":"SKIP","floor":20.0},{"not_picked":["Quick Slash","Underhanded Strike","Skewer"],"picked":"SKIP","floor":23.0},{"not_picked":["Prepared+1","Dagger Spray"],"picked":"Catalyst","floor":24.0},{"not_picked":["Leg Sweep","Masterful Stab","Blade Dance"],"picked":"SKIP","floor":30.0},{"not_picked":["Flying Knee","Quick Slash","Dagger Spray"],"picked":"SKIP","floor":35.0},{"not_picked":["Deadly Poison+1","Dagger Throw"],"picked":"Night Terror","floor":37.0},{"not_picked":["Dodge and Roll","Blade Dance+1","Flying Knee"],"picked":"SKIP","floor":38.0},{"not_picked":["Dagger Spray","Reflex"],"picked":"Noxious Fumes+1","floor":39.0},{"not_picked":["Slice+1","A Thousand Cuts"],"picked":"Bullet Time","floor":41.0},{"not_picked":["Deflect","Distraction","Riddle With Holes"],"picked":"SKIP","floor":42.0},{"not_picked":["Concentrate","Bane","Finisher+1"],"picked":"SKIP","floor":44.0},{"not_picked":["Deadly Poison+1","Quick Slash","Terror"],"picked":"SKIP","floor":45.0},{"not_picked":["Bane","Deadly Poison","Die Die Die"],"picked":"SKIP","floor":47.0},{"not_picked":["Cloak And Dagger+1","Outmaneuver","Slice"],"picked":"SKIP","floor":48.0}],"player_experience":398212,"relics_obtained":[{"floor":7.0,"key":"Paper Crane"},{"floor":9.0,"key":"Shuriken"},{"floor":14.0,"key":"White Beast Statue"},{"floor":21.0,"key":"Nilry\u0027s Codex"},{"floor":23.0,"key":"Strawberry"},{"floor":26.0,"key":"War Paint"},{"floor":37.0,"key":"FossilizedHelix"},{"floor":41.0,"key":"Pen Nib"},{"floor":45.0,"key":"Snake Skull"},{"floor":47.0,"key":"Boot"}],"event_choices":[{"damage_healed":0.0,"max_hp_gain":0.0,"max_hp_loss":0.0,"gold_gain":75.0,"event_name":"World of Goop","player_choice":"Gather Gold","floor":12.0,"gold_loss":0.0,"damage_taken":11.0},{"damage_healed":0.0,"max_hp_gain":0.0,"max_hp_loss":0.0,"gold_gain":0.0,"event_name":"Cursed Tome","player_choice":"Obtained Book","floor":21.0,"gold_loss":0.0,"damage_taken":21.0},{"damage_healed":0.0,"max_hp_gain":0.0,"max_hp_loss":0.0,"gold_gain":0.0,"event_name":"Forgotten Altar","player_choice":"Smashed Altar","floor":25.0,"gold_loss":0.0,"damage_taken":0.0,"cards_obtained":["Decay"]},{"damage_healed":0.0,"max_hp_gain":0.0,"max_hp_loss":22.0,"gold_gain":0.0,"event_name":"Vampires","player_choice":"Became a vampire","floor":27.0,"gold_loss":0.0,"damage_taken":0.0,"cards_obtained":["Bite","Bite","Bite","Bite","Bite"]},{"damage_healed":0.0,"max_hp_gain":0.0,"max_hp_loss":3.0,"gold_gain":0.0,"event_name":"Winding Halls","player_choice":"Max HP","floor":36.0,"gold_loss":0.0,"damage_taken":0.0},{"damage_healed":0.0,"max_hp_gain":0.0,"max_hp_loss":0.0,"gold_gain":0.0,"event_name":"MindBloom","player_choice":"Fight","floor":37.0,"gold_loss":0.0,"damage_taken":0.0},{"damage_healed":0.0,"max_hp_gain":0.0,"max_hp_loss":0.0,"gold_gain":0.0,"event_name":"Mysterious Sphere","player_choice":"Ignored","floor":46.0,"gold_loss":0.0,"damage_taken":0.0}],"is_beta":false,"boss_relics":[{"not_picked":["Calling Bell","WristBlade"],"picked":"Ectoplasm"},{"not_picked":["Philosopher\u0027s Stone","Busted Crown"],"picked":"Runic Pyramid"}],"items_purged_floors":[],"is_endless":false,"potions_floor_spawned":[4,5,7,11,14,16,18,20,23,24,30,33,35,37,38,39,41,42,44,45,47,48],"killed_by":"Shield and Spear","ascension_level":18}}