{"host":"ayh4nqhr0ddw4ozv","time":1609841322,"event":{"mods":["BaseMod","Minty Spire (QoL Compilation)","Relic Stats","Replay The Spire","Robot Space Explorer","StSLib"],"gold_per_floor":[113,132,145,164,177,207,207,237,237,267,267,277,277,307,307,411,411,423,438,448,448,448,475,475,485,485,501,534,534,101,11,11,109,109,120,40,53,70,87,116,116,151,151,151,177,177,189,224,224,224,224,224,9,42,42],"floor_reached":56,"playtime":4671,"items_purged":["Defend_P","Strike_P"],"score":1921,"play_id":"687d5013-2ecc-41e4-842f-ec67c9f5d900","local_time":"20210105020842","is_ascension_mode":true,"campfire_choices":[{"data":"BattleHymn","floor":7.0,"key":"SMITH"},{"data":"Tantrum","floor":13.0,"key":"SMITH"},{"data":"CutThroughFate","floor":15.0,"key":"SMITH"},{"data":"TalkToTheHand","floor":24.0,"key":"SMITH"},{"data":"Vault","floor":29.0,"key":"SMITH"},{"floor":32.0,"key":"REST"},{"data":"TalkToTheHand","floor":41,"key":"SMITH"},{"floor":44,"key":"RECALL"},{"floor":46,"key":"REST"},{"data":"Defend_P+1","floor":49,"key":"PURGE"},{"floor":52,"key":"REST"}],"circlet_count":0,"master_deck":["AscendersBane","Strike_P+2","Eruption+1","Vigilance+1","Tantrum+1","Halt+1","Meditate+1","BattleHymn+1","Replay:Vibes+1","CutThroughFate+1","FearNoEvil+1","Vault+1","ClearTheMind+1","Wireheading+1","Protect+1","TalkToTheHand+1","MentalFortress+1","CrushJoints+1","LessonLearned+1","WaveOfTheHand+1","TalkToTheHand+1","Replay:ManipulateFuture+1","Collect+1","Wallop+1","Adaptation+1"],"relics":["PureWater","Unceasing Top","ReplayTheSpireMod:Shallot","Replay:Bottled Steam","PreservedInsect","Meat on the Bone","VioletLotus","ReplayTheSpireMod:TigerMarble","The Courier","Whetstone","OrangePellets","Shuriken","Black Star","WingedGreaves","Lizard Tail","Juzu Bracelet","Strawberry","Replay:WaspNest","Dream Catcher","Snack Pack","Singing Bowl","Anchor","Replay:Baseball","Simple Rune"],"acts_visited":["Exordium","TheCity","TheBeyond","TheEnding"],"potions_floor_usage":[45,47,48,50,50,54],"damage_taken":[{"damage":8.0,"enemies":"Cultist","floor":1.0,"turns":5.0},{"damage":0.0,"enemies":"Jaw Worm","floor":2.0,"turns":5.0},{"damage":0.0,"enemies":"2 Louse","floor":3.0,"turns":1.0},{"damage":1.0,"enemies":"Blue Slaver","floor":4.0,"turns":4.0},{"damage":0.0,"enemies":"Gremlin Gang","floor":5.0,"turns":3.0},{"damage":10.0,"enemies":"Gremlin Nob","floor":6.0,"turns":3.0},{"damage":9.0,"enemies":"3 Sentries","floor":8.0,"turns":4.0},{"damage":6.0,"enemies":"Gremlin Nob","floor":10.0,"turns":3.0},{"damage":0.0,"enemies":"Exordium Wildlife","floor":12.0,"turns":3.0},{"damage":3.0,"enemies":"3 Sentries","floor":14.0,"turns":4.0},{"damage":18.0,"enemies":"Fading Forest","floor":16.0,"turns":11.0},{"damage":3.0,"enemies":"2 Thieves","floor":18.0,"turns":3.0},{"damage":0.0,"enemies":"Chosen","floor":19.0,"turns":4.0},{"damage":8.0,"enemies":"Snecko","floor":20.0,"turns":5.0},{"damage":27.0,"enemies":"Gremlin Leader","floor":23.0,"turns":4.0},{"damage":5.0,"enemies":"Snake Plant","floor":25.0,"turns":6.0},{"damage":0.0,"enemies":"3 Cultists","floor":27.0,"turns":4.0},{"damage":28.0,"enemies":"Slavers","floor":28.0,"turns":7.0},{"damage":5.0,"enemies":"Collector","floor":33.0,"turns":9.0},{"damage":0.0,"enemies":"Orb Walker","floor":35.0,"turns":4.0},{"damage":11.0,"enemies":"3 Shapes","floor":37.0,"turns":3.0},{"damage":1.0,"enemies":"3 Darklings","floor":38.0,"turns":4.0},{"damage":0.0,"enemies":"Spire Growth","floor":39.0,"turns":4.0},{"damage":0,"enemies":"Nemesis","floor":40,"turns":8},{"damage":10,"enemies":"Giant Head","floor":42,"turns":5},{"damage":0,"enemies":"R_Hoarder","floor":45,"turns":6},{"damage":21,"enemies":"Sphere and 2 Shapes","floor":47,"turns":5},{"damage":52,"enemies":"Reptomancer","floor":48,"turns":7},{"damage":12,"enemies":"Awakened One","floor":50,"turns":14},{"damage":28,"enemies":"Shield and Spear","floor":54,"turns":9},{"damage":50,"enemies":"The Heart","floor":55,"turns":9}],"seed_played":"4768093118547946982","potions_obtained":[{"floor":1.0,"key":"SteroidPotion"},{"floor":4.0,"key":"Elixir"},{"floor":5.0,"key":"Milkshake"},{"floor":8.0,"key":"Block Potion"},{"floor":14.0,"key":"StancePotion"},{"floor":19.0,"key":"Dexterity Potion"},{"floor":23.0,"key":"Weak Potion"},{"floor":25.0,"key":"EssenceOfSteel"},{"floor":38.0,"key":"Adrenaline Potion"},{"floor":39.0,"key":"AttackPotion"},{"floor":45,"key":"Energy Potion"},{"floor":47,"key":"Weak Potion"},{"floor":48,"key":"SkillPotion"}],"is_trial":false,"path_per_floor":["M","M","M","M","M","E","R","E","T","E","?","M","R","E","R","B",null,"M","M","M","?","?","E","R","M","T","M","E","R","$","?","R","B",null,"M","$","M","M","M","E","R","E","T","R","E","R","M","E","R","B",null,"R","$","E","B",null],"character_chosen":"WATCHER","items_purchased":["OrangePellets","Shuriken","DistilledChaos","Anchor","Wallop","Explosive Potion"],"campfire_rested":3,"item_purchase_floors":[30,30,30,53,53,53],"current_hp_per_floor":[64,64,64,63,63,53,53,44,44,38,38,38,38,35,35,41,70,67,67,59,44,44,29,29,36,36,48,32,32,32,32,57,52,76,76,76,65,64,64,64,64,61,61,61,61,88,67,29,29,37,79,95,95,69,39],"gold":42,"neow_bonus":"TEN_PERCENT_HP_BONUS","is_daily":false,"chose_seed":false,"campfire_upgraded":6,"win_rate":0.0,"timestamp":1609841322,"path_taken":["M","M","M","?","M","E","R","E","T","E","?","M","R","E","R","BOSS","M","M","M","?","?","E","R","M","T","M","E","R","$","?","R","BOSS","M","$","?","M","M","E","R","E","T","R","E","R","M","E","R","BOSS","R","$","E","BOSS"],"items_purchased_type":["Relic","Relic","Potion","Relic","Card","Potion"],"build_version":"2020-12-22","purchased_purges":2,"victory":true,"max_hp_per_floor":[79,79,79,79,79,79,79,79,79,79,79,79,79,79,79,79,79,79,79,79,84,84,84,84,84,84,84,84,84,84,84,84,84,84,84,84,84,84,84,84,84,91,91,91,91,91,91,93,93,93,93,95,95,95,95],"relic_stats":{"Singing Bowl":4,"counters":[31,166],"PreservedInsect":538,"Juzu Bracelet":0,"Whetstone":["LessonLearned","Eruption"],"OrangePellets":[2],"Lizard Tail":0,"Dream Catcher":2,"Shuriken":[35],"VioletLotus":[49],"Black Star":5,"obtain_stats":[{"Singing Bowl":48,"PreservedInsect":10,"The Courier":26,"Replay:WaspNest":45,"Juzu Bracelet":42,"Whetstone":28,"OrangePellets":30,"Lizard Tail":40,"Dream Catcher":45,"Anchor":53,"Replay:Baseball":54,"ReplayTheSpireMod:Shallot":8,"Shuriken":30,"Strawberry":42,"Simple Rune":54,"VioletLotus":17,"WingedGreaves":40,"ReplayTheSpireMod:TigerMarble":23,"Black Star":34,"Snack Pack":48,"PureWater":0,"Unceasing Top":6,"Replay:Bottled Steam":9,"Meat on the Bone":14},{"Singing Bowl":28,"PreservedInsect":8,"The Courier":16,"Replay:WaspNest":26,"Juzu Bracelet":25,"Whetstone":18,"OrangePellets":18,"Lizard Tail":24,"Dream Catcher":26,"Anchor":29,"Replay:Baseball":30,"ReplayTheSpireMod:Shallot":7,"Shuriken":18,"Strawberry":25,"Simple Rune":30,"VioletLotus":11,"WingedGreaves":24,"ReplayTheSpireMod:TigerMarble":15,"Black Star":19,"Snack Pack":28,"PureWater":0,"Unceasing Top":6,"Replay:Bottled Steam":7,"Meat on the Bone":10},{"Singing Bowl":134,"PreservedInsect":28,"The Courier":68,"Replay:WaspNest":122,"Juzu Bracelet":116,"Whetstone":79,"OrangePellets":79,"Lizard Tail":111,"Dream Catcher":122,"Anchor":148,"Replay:Baseball":157,"ReplayTheSpireMod:Shallot":25,"Shuriken":79,"Strawberry":116,"Simple Rune":157,"VioletLotus":46,"WingedGreaves":111,"ReplayTheSpireMod:TigerMarble":62,"Black Star":88,"Snack Pack":134,"PureWater":0,"Unceasing Top":21,"Replay:Bottled Steam":25,"Meat on the Bone":35}],"Unceasing Top":[1],"Meat on the Bone":96},"card_choices":[{"not_picked":["CrushJoints","EmptyBody"],"picked":"Tantrum","floor":1.0},{"not_picked":["Replay:Anticipation","JustLucky"],"picked":"Halt","floor":2.0},{"not_picked":["Replay:AtTheReady","Evaluate"],"picked":"Meditate","floor":3.0},{"not_picked":["CrushJoints","Replay:BluntJabs"],"picked":"BattleHymn","floor":4.0},{"not_picked":["Indignation","WreathOfFlame"],"picked":"Replay:Vibes","floor":5.0},{"not_picked":["BowlingBash","Protect"],"picked":"CutThroughFate","floor":6.0},{"not_picked":["Evaluate","Replay:BluntJabs","Alpha"],"picked":"SKIP","floor":8.0},{"not_picked":["Sanctity","ThirdEye","Vengeance"],"picked":"SKIP","floor":10.0},{"not_picked":["Vengeance","ClearTheMind"],"picked":"FearNoEvil","floor":12.0},{"not_picked":["BattleHymn","Prostrate","Perseverance"],"picked":"SKIP","floor":14.0},{"not_picked":["Scrawl","Judgement"],"picked":"Vault","floor":16.0},{"not_picked":["SashWhip","Replay:Anticipation"],"picked":"ClearTheMind+1","floor":18.0},{"not_picked":["Swivel","FearNoEvil+1"],"picked":"Wireheading","floor":19.0},{"not_picked":["FollowUp","EmptyFist"],"picked":"Protect+1","floor":20.0},{"not_picked":["Replay:AtTheReady","Halt","Replay:DivineShield"],"picked":"SKIP","floor":23.0},{"not_picked":["Study","JustLucky"],"picked":"CrushJoints+1","floor":25.0},{"not_picked":["LikeWater","SashWhip"],"picked":"LessonLearned","floor":27.0},{"not_picked":["FlyingSleeves","Brilliance","MentalFortress"],"picked":"SKIP","floor":28.0},{"not_picked":["ForeignInfluence+1","WheelKick+1","WindmillStrike+1"],"picked":"SKIP","floor":35.0},{"not_picked":["WheelKick+1","Replay:Vibes+1","Study"],"picked":"SKIP","floor":37.0},{"not_picked":["Sanctity+1","Consecrate+1","EmptyBody"],"picked":"SKIP","floor":38.0},{"not_picked":["Nirvana+1","JustLucky"],"picked":"WaveOfTheHand+1","floor":39.0},{"not_picked":["Replay:Battleflow+1","Replay:BluntJabs+1"],"picked":"TalkToTheHand","floor":40},{"not_picked":["Prostrate+1","PathToVictory","Halt"],"picked":"SKIP","floor":42},{"not_picked":["ConjureBlade","WaveOfTheHand"],"picked":"Replay:ManipulateFuture+1","floor":45},{"not_picked":["JustLucky","Replay:AtTheReady+1"],"picked":"Collect+1","floor":46},{"not_picked":["JustLucky","Replay:BluntJabs+1","Meditate"],"picked":"SKIP","floor":47},{"not_picked":["Worship","Collect","CrushJoints+1"],"picked":"Singing Bowl","floor":48},{"not_picked":["ClearTheMind","LikeWater","ForeignInfluence+1"],"picked":"Singing Bowl","floor":52},{"not_picked":["Replay:Battleflow+1","EmptyFist+1"],"picked":"Adaptation+1","floor":54}],"player_experience":292265,"relics_obtained":[{"floor":6.0,"key":"Unceasing Top"},{"floor":8.0,"key":"ReplayTheSpireMod:Shallot"},{"floor":9.0,"key":"Replay:Bottled Steam"},{"floor":10.0,"key":"PreservedInsect"},{"floor":14.0,"key":"Meat on the Bone"},{"floor":23.0,"key":"ReplayTheSpireMod:TigerMarble"},{"floor":26.0,"key":"The Courier"},{"floor":28.0,"key":"Whetstone"},{"floor":40,"key":"WingedGreaves"},{"floor":40,"key":"Lizard Tail"},{"floor":42,"key":"Juzu Bracelet"},{"floor":42,"key":"Strawberry"},{"floor":45,"key":"Replay:WaspNest"},{"floor":45,"key":"Dream Catcher"},{"floor":48,"key":"Snack Pack"},{"floor":48,"key":"Singing Bowl"},{"floor":54,"key":"Replay:Baseball"},{"floor":54,"key":"Simple Rune"}],"event_choices":[{"damage_healed":0.0,"max_hp_gain":5.0,"max_hp_loss":0.0,"gold_gain":0.0,"event_name":"Forgotten Altar","player_choice":"Shed Blood","floor":21.0,"gold_loss":0.0,"damage_taken":20.0},{"damage_healed":0.0,"max_hp_gain":0.0,"max_hp_loss":0.0,"gold_gain":0.0,"cards_transformed":["Strike_P","Strike_P"],"event_name":"Drug Dealer","player_choice":"Became Test Subject","floor":22.0,"gold_loss":0.0,"damage_taken":0.0,"cards_obtained":["TalkToTheHand","MentalFortress"]},{"cards_removed":["Defend_P"],"damage_healed":0.0,"max_hp_gain":0.0,"max_hp_loss":0.0,"gold_gain":0.0,"event_name":"Designer","player_choice":"Upgrade and Remove","floor":31.0,"gold_loss":90.0,"damage_taken":0.0,"cards_upgraded":["Vigilance"]}],"is_beta":false,"boss_relics":[{"not_picked":["Ectoplasm","Fusion Hammer"],"picked":"VioletLotus"},{"not_picked":["Astrolabe","Busted Crown"],"picked":"Black Star"}],"items_purged_floors":[30,36],"is_endless":false,"potions_floor_spawned":[1,4,5,8,14,19,23,25,38,39,45,47,48],"ascension_level":11}}