{"host":"qn3py9t0m14v0dc6","time":1609812935,"event":{"mods":["AchievementEnabler","BaseMod","Colored Map","Evolution","Minty Spire (QoL Compilation)","Spicy Shops","StSLib"],"gold_per_floor":[109,122,122,136,150,180,180,215,215,215,195,195,195],"floor_reached":12,"playtime":648,"items_purged":[],"score":92,"play_id":"670aff8c-4fb8-4a86-8af3-d2d779d81aa5","local_time":"20210104201535","is_ascension_mode":true,"campfire_choices":[{"data":"Fusion","floor":7,"key":"SMITH"}],"circlet_count":0,"master_deck":["Strike_B","Strike_B","Strike_B+1","Strike_B","Defend_B","Defend_B+1","Defend_B","Zap","Dualcast","Fusion+1","Coolheaded","Regret","Self Repair","Biased Cognition","Barrage"],"relics":["Cracked Core","EVO:Axolotl","Toy Ornithopter","Torii","Bottled Tornado","InkBottle"],"acts_visited":["Exordium"],"potions_floor_usage":[6,6,8],"damage_taken":[{"damage":7,"enemies":"Small Slimes","floor":1,"turns":3},{"damage":7,"enemies":"Jaw Worm","floor":2,"turns":5},{"damage":12,"enemies":"2 Louse","floor":4,"turns":3},{"damage":14,"enemies":"2 Fungi Beasts","floor":5,"turns":3},{"damage":27,"enemies":"Lagavulin","floor":6,"turns":8},{"damage":11,"enemies":"Gremlin Nob","floor":8,"turns":5},{"damage":11,"enemies":"3 Sentries","floor":12,"turns":1}],"seed_played":"-8570315499909332452","potions_obtained":[{"floor":2,"key":"ColorlessPotion"},{"floor":4,"key":"Strength Potion"},{"floor":6,"key":"Weak Potion"}],"is_trial":false,"path_per_floor":["M","M","?","M","M","E","R","E","T","?","?","E"],"character_chosen":"DEFECT","items_purchased":[],"campfire_rested":0,"item_purchase_floors":[],"current_hp_per_floor":[68,61,61,49,35,25,25,26,26,11,11,0,0],"gold":195,"neow_bonus":"TRANSFORM_CARD","is_daily":false,"chose_seed":false,"campfire_upgraded":1,"win_rate":0.0,"timestamp":1609812935,"path_taken":["M","M","?","M","M","E","R","E","T","?","?","E"],"items_purchased_type":[],"build_version":"2020-12-22","purchased_purges":0,"victory":false,"max_hp_per_floor":[75,75,75,75,75,75,75,75,75,75,75,75,75],"card_choices":[{"not_picked":["Redo","Genetic Algorithm"],"picked":"Coolheaded","floor":1},{"not_picked":["Compile Driver","Steam","Consume"],"picked":"SKIP","floor":2},{"not_picked":["Sweeping Beam","Beam Cell","Rebound"],"picked":"SKIP","floor":4},{"not_picked":["BootSequence","Fusion"],"picked":"Self Repair","floor":5},{"not_picked":["Skim","Conserve Battery"],"picked":"Biased Cognition","floor":6},{"not_picked":["Fusion","Steam Power"],"picked":"Barrage","floor":8}],"player_experience":257966,"relics_obtained":[{"floor":6,"key":"Torii"},{"floor":8,"key":"Bottled Tornado"},{"floor":9,"key":"InkBottle"}],"event_choices":[{"damage_healed":0,"gold_gain":0,"player_choice":"Box","damage_taken":0,"relics_obtained":["Toy Ornithopter"],"max_hp_gain":0,"max_hp_loss":0,"event_name":"Big Fish","floor":3,"gold_loss":0,"cards_obtained":["Regret"]},{"damage_healed":0,"gold_gain":0,"player_choice":"Entered Light","damage_taken":15,"max_hp_gain":0,"max_hp_loss":0,"event_name":"Shining Light","floor":10,"gold_loss":0,"cards_upgraded":["Strike_B","Defend_B"]},{"damage_healed":0,"gold_gain":0,"player_choice":"Left Gold","damage_taken":0,"max_hp_gain":0,"max_hp_loss":0,"event_name":"World of Goop","floor":11,"gold_loss":20}],"is_beta":false,"boss_relics":[],"items_purged_floors":[],"is_endless":false,"potions_floor_spawned":[2,4,6],"killed_by":"3 Sentries","ascension_level":1}}