{"host":"f3hht8mkjlux7n9k","time":1609817208,"event":{"mods":["Aspiration","BaseMod","Colored Map","Colored Powertips","Custom Start","DeckTracker","Highlight Path","Hubris","Infinite Spire","Minty Spire (QoL Compilation)","Quick Restart","Random Character Button","Relic Sorter","Replay The Spire","StSLib","SuperFastMode","Synergy Search","The Jungle"],"gold_per_floor":[125,5,25,41,141,173,173,184,231,276,293,315,315,369,369,481,481,499,517,517,543,543,543,587,615,641,666,549,549,588,616,616,728,728,749,749,281,309,326,374,395,435,435,435,435,464,492,492,492,506],"floor_reached":51,"playtime":3916,"items_purged":[],"score":1383,"play_id":"6dcabd9d-7529-4d96-94da-e814cb6dbbc9","local_time":"20210104222648","is_ascension_mode":true,"campfire_choices":[{"data":"1","floor":13,"key":"LIFT"},{"data":"2","floor":15,"key":"LIFT"},{"data":"3","floor":23,"key":"LIFT"},{"data":"Reckless Charge","floor":29,"key":"SMITH"},{"data":"Rage","floor":32,"key":"SMITH"},{"data":"Flex","floor":44,"key":"SMITH"},{"data":"Reckless Charge","floor":49,"key":"SMITH"}],"circlet_count":0,"master_deck":["hubris:Rewind+1","ReplayTheSpireMod:Chaos Vortex","ReplayTheSpireMod:Chaos Vortex","Mayhem","Flex+1","Rage+1","Flex+1","Wild Strike","Power Through+1","Power Through","Power Through","Power Through","Power Through","Reckless Charge+1","Reckless Charge+1","Wild Strike+1","Wild Strike+1","Wild Strike","Wild Strike","Juggernaut","Juggernaut","Dark Embrace","Dark Embrace","Feel No Pain","Feel No Pain","Feel No Pain","Feel No Pain"],"relics":["Burning Blood","Medical Kit","hubris:MedicalManual","Charon\u0027s Ashes","Replay:Rubber Ducky","Blue Candle","Blood Vial","Mark of Pain","Magic Flower","infinitespire:Lychee Nut","Mango","Kunai","Ornamental Fan","Pen Nib","Shuriken","aspiration:PoetsPen","Unceasing Top","Snack Pack","infinitespire:PuzzleCube","InkBottle","aspiration:Lifesprig","Happy Flower","Oddly Smooth Stone","Vajra","Girya","The Courier","Replay:Bandana","infinitespire:CheckeredPen","Whetstone","War Paint","aspiration:Nostalgia","Sizzling Blood","Replay:Baseball","hubris:SlimyHat","Dream Catcher","Bottled Flame","Boot","Sling","ChewingGum","hubris:Towel","TheAbacus","Turnip","MealTicket","hubris:CuriousFeather","ReplayFunnel","aspiration:HummingbirdHeart","Pondfish Scales"],"acts_visited":["Exordium","TheCity","TheBeyond"],"potions_floor_usage":[],"damage_taken":[{"damage":0,"enemies":"Cultist","floor":1,"turns":2},{"damage":0,"enemies":"Jaw Worm","floor":3,"turns":1},{"damage":0,"enemies":"Small Slimes","floor":4,"turns":1},{"damage":0,"enemies":"Replay:BlueRogue","floor":6,"turns":3},{"damage":0,"enemies":"3 Louse","floor":8,"turns":2},{"damage":0,"enemies":"3 Sentries","floor":10,"turns":3},{"damage":0,"enemies":"Exordium Thugs","floor":11,"turns":2},{"damage":0,"enemies":"Blue Slaver","floor":12,"turns":1},{"damage":8,"enemies":"Hexaghost","floor":16,"turns":3},{"damage":0,"enemies":"3 Byrds","floor":18,"turns":2},{"damage":0,"enemies":"Spheric Guardian","floor":19,"turns":1},{"damage":0,"enemies":"3 Cultists","floor":21,"turns":2},{"damage":0,"enemies":"Nightmare","floor":24,"turns":4},{"damage":0,"enemies":"Snake Plant","floor":25,"turns":2},{"damage":0,"enemies":"Snecko","floor":27,"turns":2},{"damage":0,"enemies":"Gremlin Leader","floor":30,"turns":3},{"damage":7,"enemies":"Centurion and Healer","floor":31,"turns":3},{"damage":14,"enemies":"hubris:MusketHawk","floor":33,"turns":4},{"damage":0,"enemies":"Orb Walker","floor":35,"turns":2},{"damage":0,"enemies":"3 Darklings","floor":38,"turns":3},{"damage":0,"enemies":"Jaw Worm Horde","floor":39,"turns":2},{"damage":0,"enemies":"Nemesis","floor":40,"turns":3},{"damage":0,"enemies":"Writhing Mass","floor":41,"turns":2},{"damage":1,"enemies":"R_Hoarder","floor":42,"turns":3},{"damage":0,"enemies":"3 Darklings","floor":46,"turns":2},{"damage":0,"enemies":"Jaw Worm Horde","floor":47,"turns":2},{"damage":0,"enemies":"Donu and Deca","floor":50,"turns":2}],"seed_played":"3532674396252771709","potions_obtained":[{"floor":1,"key":"BlessingOfTheForge"},{"floor":10,"key":"SkillPotion"},{"floor":12,"key":"FearPotion"},{"floor":27,"key":"Strength Potion"},{"floor":35,"key":"Explosive Potion"}],"is_trial":true,"path_per_floor":["M","$","M","M","?","E","$","M","T","E","M","M","R","T","R","B",null,"M","M","?","M","?","R","NM","M","T","M","$","R","E","M","R","B",null,"M","?","$","M","M","E","M","E","T","R","?","M","M","?","R","B",null],"character_chosen":"IRONCLAD","items_purchased":["aspiration:Nostalgia","Sling","TheAbacus","Turnip","MealTicket"],"campfire_rested":0,"item_purchase_floors":[2,28,37,37,37],"current_hp_per_floor":[74,78,78,78,78,78,78,78,78,78,78,78,78,78,78,78,78,78,78,78,78,78,78,78,78,78,78,78,78,78,78,78,78,78,78,78,78,78,78,78,78,78,78,78,78,78,78,78,78,78],"gold":506,"neow_bonus":"","is_daily":false,"chose_seed":false,"campfire_upgraded":4,"win_rate":0.0,"timestamp":1609817208,"path_taken":["M","?","M","M","?","E","$","M","T","E","?","M","R","?","R","BOSS","M","M","?","M","?","R","NM","M","T","?","$","R","E","M","R","BOSS","M","?","$","M","M","E","M","E","T","R","?","M","M","?","R","BOSS"],"items_purchased_type":["Relic","Relic","Relic","Relic","Relic"],"build_version":"2020-12-22","purchased_purges":0,"victory":true,"max_hp_per_floor":[74,78,78,78,78,78,78,78,78,78,78,78,78,78,78,78,78,78,78,78,78,78,78,78,78,78,78,78,78,78,78,78,78,78,78,78,78,78,78,78,78,78,78,78,78,78,78,78,78,78],"card_choices":[{"not_picked":["Inflame","Flex","Perfected Strike"],"picked":"SKIP","floor":1},{"not_picked":["Dark Embrace","Havoc","Heavy Blade"],"picked":"SKIP","floor":3},{"not_picked":["Perfected Strike","Sword Boomerang","True Grit"],"picked":"SKIP","floor":4},{"not_picked":["hubris:ReadiedAction","Clothesline","Run Through"],"picked":"SKIP","floor":6},{"not_picked":["Thunderclap","Reckless Charge","Twin Strike"],"picked":"SKIP","floor":8},{"not_picked":["Rampage","Massacre","Armaments"],"picked":"SKIP","floor":10},{"not_picked":["Dropkick","Headbutt","Clash"],"picked":"SKIP","floor":11},{"not_picked":["Pommel Strike","Iron Wave","Anger"],"picked":"SKIP","floor":12},{"not_picked":["True Grit+1","ReplayTheSpireMod:Strike From Hell","Pommel Strike+1"],"picked":"SKIP","floor":18},{"not_picked":["Run Through","Warcry","Heavy Blade+1"],"picked":"SKIP","floor":19},{"not_picked":["hubris:ReadiedAction","True Grit+1","Clash"],"picked":"SKIP","floor":21},{"not_picked":["ReplayTheSpireMod:LeadingStrike","Headbutt+1","Immolate"],"picked":"SKIP","floor":24},{"not_picked":["Body Slam","Hemokinesis","Rampage"],"picked":"SKIP","floor":25},{"not_picked":["Cleave","Headbutt+1","hubris:CleavingFinish"],"picked":"SKIP","floor":27},{"not_picked":["Infernal Blade","ReplayTheSpireMod:Limb From Limb+1","ReplayTheSpireMod:Stacked"],"picked":"SKIP","floor":30},{"not_picked":["Body Slam+1","Disarm","Infernal Blade+1"],"picked":"SKIP","floor":31},{"not_picked":["Infernal Blade","Clothesline","hubris:ReadiedAction+1"],"picked":"SKIP","floor":35},{"not_picked":["Demonic Infusion","Sword Boomerang","Burning Pact+1"],"picked":"SKIP","floor":38},{"not_picked":["Thunderclap","Clothesline","Havoc"],"picked":"SKIP","floor":39},{"not_picked":["Clothesline+1","Havoc+1","Warcry+1"],"picked":"SKIP","floor":40},{"not_picked":["infinitespire:OneForAll","True Grit","Iron Wave"],"picked":"SKIP","floor":41},{"not_picked":["Heavy Blade","Cleave+1","Clash"],"picked":"SKIP","floor":42},{"not_picked":["Entrench+1","Warcry","ReplayTheSpireMod:Muscle Training"],"picked":"SKIP","floor":46},{"not_picked":["Evolve","Armaments","ReplayTheSpireMod:Strike From Hell"],"picked":"SKIP","floor":47}],"player_experience":472484,"relics_obtained":[{"floor":6,"key":"Replay:Baseball"},{"floor":9,"key":"hubris:SlimyHat"},{"floor":10,"key":"Dream Catcher"},{"floor":24,"key":"Bottled Flame"},{"floor":26,"key":"Boot"},{"floor":40,"key":"hubris:CuriousFeather"},{"floor":42,"key":"ReplayFunnel"},{"floor":43,"key":"aspiration:HummingbirdHeart"}],"event_choices":[{"damage_healed":0,"gold_gain":100,"player_choice":"Pray","damage_taken":0,"max_hp_gain":0,"max_hp_loss":0,"event_name":"Golden Shrine","floor":5,"gold_loss":0},{"damage_healed":0,"gold_gain":0,"player_choice":"Ignored","damage_taken":0,"max_hp_gain":0,"max_hp_loss":0,"event_name":"Beggar","floor":20,"gold_loss":0},{"damage_healed":0,"gold_gain":0,"player_choice":"0 cards matched","damage_taken":0,"max_hp_gain":0,"max_hp_loss":0,"event_name":"Match and Keep!","floor":22,"gold_loss":0,"cards_obtained":[]},{"damage_healed":0,"gold_gain":0,"player_choice":"Gave Potion","damage_taken":0,"relics_obtained":["Pondfish Scales"],"max_hp_gain":0,"max_hp_loss":0,"event_name":"WeMeetAgain","floor":48,"gold_loss":0}],"is_beta":false,"boss_relics":[{"not_picked":["aspiration:RunicSpoon","hubris:TerracottaHorce","Busted Crown"]},{"not_picked":["Pandora\u0027s Box","SacredBark"],"picked":"ChewingGum"}],"items_purged_floors":[],"is_endless":false,"potions_floor_spawned":[1,10,12,16,25,27,30,31,35,38,41,46],"ascension_level":5}}