{"host":"esx1hwjnbftf3eqj","time":1609874811,"event":{"mods":["BaseMod","Colored Map","Minty Spire (QoL Compilation)","StSLib","The Jungle"],"gold_per_floor":[116,191,43,61,80,80,90,90,390,390,425,436,471,471,471,471,471],"floor_reached":16,"playtime":943,"items_purged":[],"score":212,"play_id":"0e63a62e-5920-42c0-9af0-0e153ab2d566","local_time":"20210105112651","is_ascension_mode":true,"campfire_choices":[{"data":"Dual Wield","floor":6.0,"key":"SMITH"},{"data":"Clothesline","floor":8.0,"key":"SMITH"},{"data":"Bash","floor":10.0,"key":"SMITH"},{"floor":15,"key":"REST"}],"circlet_count":0,"master_deck":["AscendersBane","Strike_R","Strike_R","Strike_R","Strike_R","Strike_R","Defend_R","Defend_R","Defend_R","Defend_R","Bash+1","Impervious","Feed","Clothesline+1","Dual Wield+1","Shrug It Off"],"relics":["Burning Blood","Old Coin","Unceasing Top","Toxic Egg 2","Singing Bowl"],"acts_visited":["Exordium"],"potions_floor_usage":[],"damage_taken":[{"damage":11.0,"enemies":"Jaw Worm","floor":1.0,"turns":4.0},{"damage":6.0,"enemies":"Cultist","floor":4.0,"turns":3.0},{"damage":10.0,"enemies":"2 Louse","floor":5.0,"turns":3.0},{"damage":19.0,"enemies":"Exordium Thugs","floor":7.0,"turns":7.0},{"damage":31.0,"enemies":"Gremlin Nob","floor":11.0,"turns":5.0},{"damage":10.0,"enemies":"Gremlin Gang","floor":12.0,"turns":10.0},{"damage":39.0,"enemies":"3 Sentries","floor":13.0,"turns":13.0},{"damage":38,"enemies":"Hexaghost","floor":16,"turns":11}],"seed_played":"-4242573405683798702","potions_obtained":[{"floor":7.0,"key":"DistilledChaos"}],"is_trial":false,"path_per_floor":["M","?","$","M","M","R","M","R","T","R","E","M","E","?","R","B"],"character_chosen":"IRONCLAD","items_purchased":["Feed"],"campfire_rested":1,"item_purchase_floors":[3],"current_hp_per_floor":[63,56,56,59,58,58,51,51,51,51,29,37,7,7,38,0,0],"gold":471,"neow_bonus":"ONE_RANDOM_RARE_CARD","is_daily":false,"chose_seed":false,"campfire_upgraded":3,"win_rate":0.0,"timestamp":1609874811,"path_taken":["M","?","$","M","?","R","M","R","T","R","E","?","E","?","R","BOSS"],"items_purchased_type":["Card"],"build_version":"2020-12-22","purchased_purges":0,"victory":false,"max_hp_per_floor":[75,75,75,78,81,81,87,87,87,87,90,102,105,105,105,105,105],"card_choices":[{"not_picked":["Clash","Bloodletting","True Grit"],"picked":"SKIP","floor":1.0},{"not_picked":["Fire Breathing","Wild Strike"],"picked":"Clothesline","floor":4.0},{"not_picked":["Flame Barrier","Twin Strike"],"picked":"Dual Wield","floor":5.0},{"not_picked":["Sentinel","Twin Strike","Clothesline"],"picked":"SKIP","floor":7.0},{"not_picked":["Clash","Infernal Blade","Body Slam"],"picked":"SKIP","floor":11.0},{"not_picked":["Fiend Fire","Flex"],"picked":"Shrug It Off","floor":12.0},{"not_picked":["Dark Embrace","Havoc+1","Rupture"],"picked":"SKIP","floor":13.0}],"player_experience":655408,"relics_obtained":[{"floor":9.0,"key":"Old Coin"},{"floor":11.0,"key":"Unceasing Top"},{"floor":13.0,"key":"Toxic Egg 2"}],"event_choices":[{"damage_healed":0.0,"max_hp_gain":0.0,"max_hp_loss":0.0,"gold_gain":75.0,"event_name":"FaceTrader","player_choice":"Touch","floor":2.0,"gold_loss":0.0,"damage_taken":7.0},{"damage_healed":0,"gold_gain":0,"player_choice":"Searched \u00271\u0027 times","damage_taken":0,"relics_obtained":["Singing Bowl"],"max_hp_gain":0,"max_hp_loss":0,"event_name":"Dead Adventurer","floor":14,"gold_loss":0}],"is_beta":false,"boss_relics":[],"items_purged_floors":[],"is_endless":false,"potions_floor_spawned":[7],"killed_by":"Hexaghost","ascension_level":14}}