{"host":"a7dhdzm3fda48fos","time":1609881366,"event":{"mods":["AchievementEnabler","AlwaysNeverKeys","BaseMod","Better Altar","Better Note","Better Sensory Stone","Better Skull","Better Third Choice","Block Reminder","Colored Map","Gold Saver","Minty Spire (QoL Compilation)","Quick Restart","Relic Sorter","Relic Stats","Remove Card Discount Mod","Shop Mod","Spicy Shops","StSLib"],"gold_per_floor":[182,202,256,256,266,299,315,315,315,333,108,129,3,19,19,114,114,124,174,67,44,7,37,37,37,37,37,57,74,74,84,84,179,229,243,261,279,4,4,4,4,4],"floor_reached":41,"playtime":2971,"items_purged":[],"score":488,"play_id":"40efbf1b-2074-41d4-b1b3-ecc760713ddb","local_time":"20210105221606","is_ascension_mode":false,"campfire_choices":[{"floor":15,"key":"REST"},{"data":"Study","floor":24,"key":"SMITH"},{"data":"TalkToTheHand","floor":27,"key":"SMITH"},{"floor":30,"key":"REST"},{"data":"Ragnarok","floor":32,"key":"SMITH"},{"floor":40,"key":"REST"}],"circlet_count":0,"master_deck":["Strike_P","Strike_P+1","Strike_P+1","Strike_P","Defend_P","Defend_P","Defend_P","Defend_P","Eruption","Vigilance","Madness","MentalFortress+1","FlyingSleeves","TalkToTheHand+1","LikeWater","WaveOfTheHand","Self Repair","TalkToTheHand","Adaptation","FlyingSleeves","TalkToTheHand","Study+1","Devotion","CarveReality","Dramatic Entrance","Swivel","FlurryOfBlows","Ragnarok+1","FlyingSleeves","JustLucky+1","FlurryOfBlows","Establishment","FearNoEvil","SashWhip","FlurryOfBlows+1","DeusExMachina","JustLucky","Nirvana","FollowUp","Indignation+1","JustLucky","Eruption","Judgement"],"relics":["PureWater","Nunchaku","Omamori","NlothsMask","TungstenRod","MerchantsRug","Odd Mushroom","Membership Card","Philosopher\u0027s Stone","Damaru","Bronze Scales","Bottled Flame","Tiny House","Orrery","Boot","Torii"],"acts_visited":["Exordium","TheCity","TheBeyond"],"potions_floor_usage":[23,28,37,41],"damage_taken":[{"damage":0,"enemies":"Cultist","floor":1,"turns":3},{"damage":0,"enemies":"Small Slimes","floor":2,"turns":4},{"damage":3,"enemies":"2 Louse","floor":5,"turns":3},{"damage":12,"enemies":"Gremlin Nob","floor":6,"turns":5},{"damage":2,"enemies":"Blue Slaver","floor":7,"turns":3},{"damage":0,"enemies":"Red Slaver","floor":10,"turns":3},{"damage":26,"enemies":"The Mushroom Lair","floor":12,"turns":5},{"damage":13,"enemies":"3 Louse","floor":14,"turns":4},{"damage":8,"enemies":"The Guardian","floor":16,"turns":14},{"damage":14,"enemies":"Chosen","floor":18,"turns":7},{"damage":19,"enemies":"2 Thieves","floor":21,"turns":5},{"damage":22,"enemies":"Gremlin Leader","floor":23,"turns":5},{"damage":13,"enemies":"3 Cultists","floor":28,"turns":4},{"damage":0,"enemies":"Cultist and Chosen","floor":29,"turns":4},{"damage":3,"enemies":"Snake Plant","floor":31,"turns":4},{"damage":0,"enemies":"Champ","floor":33,"turns":9},{"damage":38,"enemies":"3 Darklings","floor":35,"turns":5},{"damage":37,"enemies":"3 Shapes","floor":36,"turns":6},{"damage":24,"enemies":"Transient","floor":37,"turns":5},{"damage":41,"enemies":"Writhing Mass","floor":41,"turns":2}],"seed_played":"7937214168459711842","potions_obtained":[{"floor":2,"key":"LiquidBronze"},{"floor":6,"key":"Swift Potion"},{"floor":10,"key":"DuplicationPotion"},{"floor":14,"key":"FairyPotion"},{"floor":18,"key":"BlessingOfTheForge"},{"floor":21,"key":"Strength Potion"},{"floor":23,"key":"Block Potion"},{"floor":34,"key":"Weak Potion"},{"floor":37,"key":"ColorlessPotion"}],"is_trial":false,"path_per_floor":["M","M","T","?","M","E","M","?","T","M","$","?","$","M","R","B",null,"M","?","$","M","$","E","R","?","T","R","M","M","R","M","R","B",null,"M","M","M","$","?","R","M"],"character_chosen":"WATCHER","items_purchased":["MerchantsRug","Anchor","Adaptation","Membership Card","TalkToTheHand","Omamori","Dramatic Entrance","Damaru","Orrery","Boot","Torii"],"campfire_rested":3,"item_purchase_floors":[11,11,11,13,13,20,20,22,38,38,38],"current_hp_per_floor":[72,72,72,72,69,57,55,50,50,50,50,31,31,18,39,38,72,65,65,65,53,53,38,38,38,38,38,32,32,53,57,57,64,77,39,2,12,12,12,35,0,0],"gold":4,"neow_bonus":"RANDOM_COLORLESS","is_daily":false,"chose_seed":false,"campfire_upgraded":3,"win_rate":0.0,"timestamp":1609881366,"path_taken":["M","M","?","?","M","E","?","?","T","M","$","?","?","M","R","BOSS","M","?","$","M","?","E","R","?","T","R","M","M","R","M","R","BOSS","M","M","M","$","?","R","M"],"items_purchased_type":["Relic","Relic","Card","Relic","Card","Relic","Card","Relic","Relic","Relic","Relic"],"build_version":"2020-12-22","purchased_purges":0,"victory":false,"max_hp_per_floor":[72,72,72,72,72,72,72,72,72,72,72,72,72,72,72,72,72,72,72,72,72,72,72,72,72,72,72,72,72,72,72,72,72,77,77,77,77,77,77,77,77,77],"relic_stats":{"Nunchaku":[22],"Torii":0,"counters":[20,100],"Bronze Scales":[113],"Boot":[5],"obtain_stats":[{"MerchantsRug":11,"Tiny House":34,"Torii":38,"Damaru":22,"Omamori":20,"Whetstone":6,"Odd Mushroom":12,"Boot":38,"Nunchaku":3,"Anchor":11,"Bottled Flame":26,"Bronze Scales":23,"Orrery":38,"Philosopher\u0027s Stone":17,"Membership Card":13,"PureWater":0,"TungstenRod":8,"NlothsMask":4},{"MerchantsRug":6,"Tiny House":16,"Torii":19,"Damaru":11,"Omamori":10,"Whetstone":4,"Odd Mushroom":7,"Boot":19,"Nunchaku":2,"Anchor":6,"Bottled Flame":12,"Bronze Scales":12,"Orrery":19,"Philosopher\u0027s Stone":9,"Membership Card":7,"PureWater":0,"TungstenRod":5,"NlothsMask":2},{"MerchantsRug":21,"Tiny House":82,"Torii":98,"Damaru":56,"Omamori":51,"Whetstone":15,"Odd Mushroom":26,"Boot":98,"Nunchaku":7,"Anchor":21,"Bottled Flame":61,"Bronze Scales":61,"Orrery":98,"Philosopher\u0027s Stone":44,"Membership Card":26,"PureWater":0,"TungstenRod":18,"NlothsMask":7}],"TungstenRod":44},"card_choices":[{"not_picked":["Purity","Jack Of All Trades"],"picked":"Madness","floor":0},{"not_picked":["DeceiveReality","WaveOfTheHand"],"picked":"MentalFortress","floor":1},{"not_picked":["WindmillStrike","CrushJoints"],"picked":"FlyingSleeves","floor":2},{"not_picked":["Weave","Wallop"],"picked":"TalkToTheHand","floor":5},{"not_picked":["CutThroughFate","Vault"],"picked":"LikeWater","floor":6},{"not_picked":["CrushJoints","EmptyBody"],"picked":"WaveOfTheHand","floor":7},{"not_picked":["WheelKick","Vengeance"],"picked":"TalkToTheHand","floor":10},{"not_picked":["WaveOfTheHand","Consecrate"],"picked":"FlyingSleeves","floor":12},{"not_picked":["FollowUp","Evaluate"],"picked":"Study","floor":14},{"not_picked":["MasterReality","Vault"],"picked":"Devotion","floor":16},{"not_picked":["EmptyFist+1","Protect"],"picked":"CarveReality","floor":18},{"not_picked":["ClearTheMind+1","CrushJoints"],"picked":"Swivel","floor":21},{"not_picked":["ClearTheMind","WheelKick+1"],"picked":"FlurryOfBlows","floor":23},{"not_picked":["Pray+1","WheelKick"],"picked":"FlyingSleeves","floor":28},{"not_picked":["Protect","CutThroughFate+1"],"picked":"JustLucky+1","floor":29},{"not_picked":["Vengeance","SashWhip"],"picked":"FlurryOfBlows","floor":31},{"not_picked":["Ragnarok","Brilliance"],"picked":"Establishment","floor":33},{"not_picked":["EmptyFist+1","CrushJoints"],"picked":"FearNoEvil","floor":34},{"not_picked":["Adaptation","Pray+1"],"picked":"SashWhip","floor":35},{"not_picked":["Study+1","FlyingSleeves+1"],"picked":"FlurryOfBlows+1","floor":36},{"not_picked":["Pray","TalkToTheHand+1"],"picked":"DeusExMachina","floor":37},{"not_picked":["LikeWater","Consecrate+1"],"picked":"JustLucky","floor":38},{"not_picked":["WindmillStrike+1","PathToVictory+1"],"picked":"Nirvana","floor":38},{"not_picked":["BowlingBash","CrushJoints"],"picked":"FollowUp","floor":38},{"not_picked":["Evaluate+1","Collect"],"picked":"Indignation+1","floor":38},{"not_picked":["FlyingSleeves+1","Evaluate"],"picked":"JustLucky","floor":38}],"player_experience":76440,"relics_obtained":[{"floor":3,"key":"Nunchaku"},{"floor":6,"key":"Whetstone"},{"floor":12,"key":"Odd Mushroom"},{"floor":23,"key":"Bronze Scales"},{"floor":26,"key":"Bottled Flame"}],"event_choices":[{"damage_healed":0,"gold_gain":0,"player_choice":"Trade","damage_taken":0,"relics_obtained":["NlothsMask"],"max_hp_gain":0,"max_hp_loss":0,"event_name":"FaceTrader","floor":4,"gold_loss":0},{"damage_healed":0,"gold_gain":0,"player_choice":"Fought Mushrooms","damage_taken":0,"max_hp_gain":0,"max_hp_loss":0,"event_name":"Mushrooms","floor":12,"gold_loss":0},{"damage_healed":0,"gold_gain":100,"player_choice":"Bet on Murderer","damage_taken":0,"max_hp_gain":0,"max_hp_loss":0,"event_name":"The Joust","floor":19,"gold_loss":50},{"damage_healed":0,"gold_gain":0,"player_choice":"2 cards matched","damage_taken":0,"max_hp_gain":0,"max_hp_loss":0,"event_name":"Match and Keep!","floor":25,"gold_loss":0,"cards_obtained":["Ragnarok","Shame"]},{"damage_healed":0,"gold_gain":0,"player_choice":"Random: Orange","damage_taken":0,"max_hp_gain":0,"max_hp_loss":0,"event_name":"betterThird:BetterPortal","floor":39,"gold_loss":0},{"damage_healed":0,"gold_gain":0,"player_choice":"2 cards matched","damage_taken":0,"max_hp_gain":0,"max_hp_loss":0,"event_name":"Match and Keep!","floor":39,"gold_loss":0,"cards_obtained":["Eruption","Judgement"]}],"is_beta":false,"boss_relics":[{"not_picked":["VioletLotus","Empty Cage"],"picked":"Philosopher\u0027s Stone"},{"not_picked":["Coffee Dripper","Pandora\u0027s Box"],"picked":"Tiny House"}],"items_purged_floors":[],"is_endless":false,"potions_floor_spawned":[2,6,10,14,18,21,23,37],"killed_by":"Writhing Mass","ascension_level":0}}