{"host":"1fn5ivlym87f4xjq","time":1609855549,"event":{"mods":["BaseMod","BetterRewards","Colored Powertips","Minty Spire (QoL Compilation)","Shop Mod","StSLib","The Animator","The Exalted","The Forsaken","The Hierophant"],"gold_per_floor":[118,118,118,137,169,169,199,231,231,205,61,79,104,150,150,253,253,270,270,195,236,236,236,263,120,120,120,150,150,150,150],"floor_reached":30,"playtime":1594,"items_purged":[],"score":281,"play_id":"0a363289-6427-4c9c-b2d4-00703f658e61","local_time":"20210105150549","is_ascension_mode":false,"campfire_choices":[{"floor":6,"key":"RECALL"},{"data":"animator:Tatsumaki","floor":15,"key":"SMITH"},{"data":"animator:Shiro","floor":23,"key":"SMITH"},{"data":"animator:IzunaHatsuse","floor":29,"key":"SMITH"}],"circlet_count":0,"master_deck":["animator:Strike_NoGameNoLife","animator:Strike+1","animator:Strike","animator:Strike","animator:Defend","animator:Defend+1","animator:DolaSchwi+1","animator:DolaCouronne","animator:PandorasActor","animator:PandorasActor","animator:Shiro+1","animator:IzunaHatsuse+1","animator:DwarfShaman","animator:FielNirvalen","animator:Tatsumaki+1","animator:Ainz","animator:ChlammyZell","animator:DolaStephanie+1","animator:CrowleyEusford+1","Decay","animator:PandorasActor+1"],"relics":["animator:LivingPicture","animator:TheMissingPiece","NeowsBlessing","Bromod:ArcaneConsequence","Lee\u0027s Waffle","animator:Buoy","Bromod:ArcaneBarrier","Pear","HandDrill","Juzu Bracelet","Bottled Tornado"],"acts_visited":["Exordium","TheCity"],"potions_floor_usage":[12,28,30],"damage_taken":[{"damage":0,"enemies":"2 Louse","floor":1,"turns":1},{"damage":0,"enemies":"Cultist","floor":4,"turns":1},{"damage":0,"enemies":"Small Slimes","floor":7,"turns":2},{"damage":43,"enemies":"3 Sentries","floor":8,"turns":9},{"damage":12,"enemies":"Exordium Thugs","floor":12,"turns":4},{"damage":0,"enemies":"Red Slaver","floor":13,"turns":5},{"damage":10,"enemies":"Lagavulin","floor":14,"turns":6},{"damage":19,"enemies":"The Guardian","floor":16,"turns":8},{"damage":10,"enemies":"Spheric Guardian","floor":18,"turns":4},{"damage":20,"enemies":"2 Thieves","floor":21,"turns":4},{"damage":34,"enemies":"Centurion and Healer","floor":24,"turns":9},{"damage":18,"enemies":"Slavers","floor":28,"turns":5},{"damage":9,"enemies":"Snake Plant","floor":30,"turns":2}],"seed_played":"-6558275834628209561","potions_obtained":[{"floor":8,"key":"Explosive Potion"},{"floor":12,"key":"Ancient Potion"},{"floor":14,"key":"Strength Potion"},{"floor":24,"key":"Weak Potion"},{"floor":28,"key":"ColorlessPotion"}],"is_trial":false,"path_per_floor":["M","?","?","M","?","R","M","E","T","?","$","M","M","E","R","B",null,"M","$","?","M","?","R","M","$","T","?","E","R","M"],"character_chosen":"THE_ANIMATOR","items_purchased":["Lee\u0027s Waffle","HandDrill"],"campfire_rested":0,"item_purchase_floors":[11,25],"current_hp_per_floor":[66,53,53,53,53,53,53,11,11,11,74,62,62,52,52,33,74,65,65,65,45,55,55,21,21,21,21,7,7,0,0],"gold":150,"neow_bonus":"THREE_ENEMY_KILL","is_daily":false,"chose_seed":false,"campfire_upgraded":3,"win_rate":0.0,"timestamp":1609855549,"path_taken":["M","?","?","M","?","R","M","E","T","?","?","M","?","E","R","BOSS","M","$","?","M","?","R","?","?","T","?","E","R","M"],"items_purchased_type":["Relic","Relic"],"build_version":"2020-12-22","purchased_purges":0,"victory":false,"max_hp_per_floor":[66,66,66,66,66,66,66,67,67,67,74,74,74,74,74,74,74,75,75,75,75,85,85,85,85,85,85,85,85,85,85],"card_choices":[{"not_picked":["animator:Spearman","animator:DolaRiku"],"picked":"animator:PandorasActor","floor":1},{"not_picked":["animator:Shigure","animator:Witch"],"picked":"animator:PandorasActor","floor":4},{"not_picked":["animator:DwarfShaman","animator:ShinjiMatou"],"picked":"animator:Shiro","floor":7},{"not_picked":["animator:DolaStephanie","animator:FielNirvalen"],"picked":"animator:IzunaHatsuse","floor":8},{"not_picked":["animator:Genos","animator:Cocytus"],"picked":"animator:DwarfShaman","floor":12},{"not_picked":["animator:Berserker","animator:DolaRiku"],"picked":"animator:FielNirvalen","floor":13},{"not_picked":["animator:EmiyaShirou","animator:Guren"],"picked":"animator:Tatsumaki","floor":14},{"not_picked":["animator:Saitama","animator:FeridBathory"],"picked":"animator:Ainz","floor":16},{"not_picked":["animator:FielNirvalen","animator:DolaCouronne"],"picked":"animator:ChlammyZell","floor":18},{"not_picked":["animator:Archer","animator:Ciel"],"picked":"animator:DolaStephanie+1","floor":21},{"not_picked":["animator:Shinoa+1","animator:KrulTepes"],"picked":"animator:CrowleyEusford+1","floor":24},{"not_picked":["animator:LizardPriest","animator:FeridBathory"],"picked":"animator:PandorasActor+1","floor":28}],"player_experience":102879,"relics_obtained":[{"floor":8,"key":"Bromod:ArcaneConsequence"},{"floor":14,"key":"animator:Buoy"},{"floor":26,"key":"Juzu Bracelet"},{"floor":28,"key":"Bottled Tornado"}],"event_choices":[{"damage_healed":0,"gold_gain":0,"player_choice":"Entered Light","damage_taken":13,"max_hp_gain":0,"max_hp_loss":0,"event_name":"Shining Light","floor":2,"gold_loss":0,"cards_upgraded":["animator:Strike","animator:Defend"]},{"damage_healed":0,"gold_gain":0,"player_choice":"Grow","damage_taken":0,"max_hp_gain":0,"max_hp_loss":0,"event_name":"Living Wall","floor":3,"gold_loss":0,"cards_upgraded":["animator:DolaSchwi"]},{"damage_healed":0,"gold_gain":0,"player_choice":"Left Gold","damage_taken":0,"max_hp_gain":0,"max_hp_loss":0,"event_name":"World of Goop","floor":10,"gold_loss":26},{"cards_removed":["animator:Defend"],"damage_healed":0,"gold_gain":0,"player_choice":"Gave Gold","damage_taken":0,"max_hp_gain":0,"max_hp_loss":0,"event_name":"Beggar","floor":20,"gold_loss":75},{"damage_healed":0,"gold_gain":0,"player_choice":"Gave Potion","damage_taken":0,"relics_obtained":["Pear"],"max_hp_gain":0,"max_hp_loss":0,"event_name":"WeMeetAgain","floor":22,"gold_loss":0},{"damage_healed":0,"gold_gain":0,"player_choice":"Smashed Altar","damage_taken":0,"max_hp_gain":0,"max_hp_loss":0,"event_name":"Forgotten Altar","floor":27,"gold_loss":0,"cards_obtained":["Decay"]}],"is_beta":false,"boss_relics":[{"not_picked":["Coffee Dripper","Cursed Key"],"picked":"Bromod:ArcaneBarrier"}],"items_purged_floors":[],"is_endless":false,"potions_floor_spawned":[8,12,14,24,28],"killed_by":"Snake Plant","ascension_level":0}}