{"host":"s794kqxf2n1qz2yr","time":1609810749,"event":{"mods":["100% Spire Juice","2.2 Compatiblity","AchievementEnabler","Aspiration","BaseMod","Downfall","Friendly Minions","Minty Spire (QoL Compilation)","Permanent Neow","StSLib","The Disciple","The Marked"],"gold_per_floor":[114,133,133,0,17,17,17,17,42,42,72,88,88,120,120,221,221,239,119,119,12,12,12,31,0,0,0,15,15,15,49,49,144,144,155,155,175,191,207,236,253,298,298,298,314,314,314,324,324,324,324],"floor_reached":50,"playtime":3642,"items_purged":[],"score":575,"play_id":"580df10f-a92c-4268-81d3-d7c052d90059","local_time":"20210105013909","is_ascension_mode":false,"campfire_choices":[{"floor":6,"key":"REST"},{"data":"Moonworks:EvilSpyWorkPreparation","floor":10,"key":"SMITH"},{"data":"Moonworks:EvilSpyWorkPreparation","floor":13,"key":"SMITH"},{"floor":15,"key":"REST"},{"floor":23,"key":"REST"},{"data":"Moonworks:Strike","floor":27,"key":"PURGE"},{"data":"Moonworks:Strike","floor":30,"key":"PURGE"},{"floor":32,"key":"REST"},{"floor":44,"key":"REST"},{"data":"1","floor":46,"key":"LIFT"},{"floor":49,"key":"REST"}],"circlet_count":0,"master_deck":["Moonworks:Defend","Moonworks:Defend","Moonworks:Defend","Moonworks:Defend","Moonworks:Ambush+1","Moonworks:LongDistanceShot","Moonworks:EvilSpyWorkPreparation+1","Moonworks:EvilSpyWorkPreparation+1","Moonworks:NicePresent","Moonworks:LulusLuckyEgg+1","Moonworks:LulusLuckyEgg","Moonworks:NicePresent","Moonworks:NicePresent+1","Moonworks:Flamethrower","Moonworks:AwakeningOfTalent","Moonworks:RocketCannon","Moonworks:EvilSpyWorkPreparation","Moonworks:RocketCannon","Moonworks:JonathanRush+1","Moonworks:NicePresent+1"],"relics":["Moonworks:BrokenBomb","Moonworks:Homemark","aspiration:Nostalgia","Ring of the Snake","Happy Flower","Ginger","Pantograph","aspiration:PoetsPen_weak","Peace Pipe","Nloth\u0027s Gift","Frozen Egg 2","Empty Cage","Du-Vu Doll","Girya","Prayer Wheel"],"acts_visited":["Exordium","TheCity","TheBeyond"],"potions_floor_usage":[11,16,31,33,40,40,42,50],"damage_taken":[{"damage":2,"enemies":"Jaw Worm","floor":1,"turns":4},{"damage":4,"enemies":"2 Louse","floor":2,"turns":2},{"damage":0,"enemies":"Small Slimes","floor":5,"turns":2},{"damage":6,"enemies":"3 Sentries","floor":11,"turns":5},{"damage":0,"enemies":"3 Louse","floor":12,"turns":3},{"damage":0,"enemies":"Lagavulin","floor":14,"turns":7},{"damage":58,"enemies":"The Guardian","floor":16,"turns":11},{"damage":0,"enemies":"Spheric Guardian","floor":18,"turns":3},{"damage":7,"enemies":"2 Thieves","floor":21,"turns":4},{"damage":0,"enemies":"Centurion and Healer","floor":24,"turns":4},{"damage":11,"enemies":"Snake Plant","floor":28,"turns":3},{"damage":21,"enemies":"Slavers","floor":31,"turns":4},{"damage":46,"enemies":"Automaton","floor":33,"turns":7},{"damage":1,"enemies":"Orb Walker","floor":35,"turns":3},{"damage":1,"enemies":"3 Darklings","floor":37,"turns":2},{"damage":0,"enemies":"4 Shapes","floor":38,"turns":1},{"damage":1,"enemies":"Jaw Worm Horde","floor":39,"turns":3},{"damage":8,"enemies":"Nemesis","floor":40,"turns":5},{"damage":0,"enemies":"3 Darklings","floor":41,"turns":1},{"damage":35,"enemies":"2 Orb Walkers","floor":42,"turns":3},{"damage":5,"enemies":"Maw","floor":45,"turns":6},{"damage":0,"enemies":"Sphere and 2 Shapes","floor":48,"turns":3},{"damage":70,"enemies":"Donu and Deca","floor":50,"turns":4}],"seed_played":"-6242713419235463536","potions_obtained":[{"floor":1,"key":"Regen Potion"},{"floor":2,"key":"Strength Potion"},{"floor":14,"key":"EssenceOfSteel"},{"floor":21,"key":"Swift Potion"},{"floor":31,"key":"GamblersBrew"},{"floor":38,"key":"GamblersBrew"},{"floor":41,"key":"SpeedPotion"},{"floor":42,"key":"Fire Potion"},{"floor":48,"key":"SmokeBomb"}],"is_trial":false,"path_per_floor":["M","M","?","?","M","R","?","?","T","R","E","M","R","E","R","B",null,"M","?","?","M","$","R","M","?","T","R","M","?","R","E","R","B",null,"M","?","M","M","M","E","M","?","T","R","M","R","?","M","R","B"],"character_chosen":"THE_STARBREAKER","items_purchased":[],"campfire_rested":6,"item_purchase_floors":[],"current_hp_per_floor":[58,54,29,44,44,60,48,54,54,54,60,60,60,60,60,2,60,60,50,50,43,43,62,62,62,62,62,51,51,51,30,49,19,65,64,64,63,63,62,54,54,19,19,38,33,33,33,33,52,0,0],"gold":324,"neow_bonus":"NOSTALGIA","is_daily":false,"chose_seed":false,"campfire_upgraded":2,"win_rate":0.0,"timestamp":1609810749,"path_taken":["M","M","?","?","M","R","?","?","T","R","E","M","R","E","R","BOSS","M","?","?","M","$","R","M","?","T","R","M","?","R","E","R","BOSS","M","?","M","?","M","E","M","?","T","R","M","R","?","M","R","BOSS"],"items_purchased_type":[],"build_version":"2020-12-22","purchased_purges":0,"victory":false,"max_hp_per_floor":[60,60,60,60,60,60,60,60,60,60,60,60,60,60,60,60,60,60,65,65,65,65,65,65,65,65,65,65,65,65,65,65,65,65,65,65,65,65,65,65,65,65,65,65,65,65,65,65,65,65,65],"card_choices":[{"not_picked":["Moonworks:BackdoorTrade","Moonworks:CloudOfSeagulls"],"picked":"Moonworks:EvilSpyWorkPreparation","floor":1},{"not_picked":["Moonworks:BigMagnum","Moonworks:NicePresent"],"picked":"Moonworks:EvilSpyWorkPreparation","floor":2},{"not_picked":["Moonworks:MiracleRedBeanIceCream","Moonworks:DeployBits"],"picked":"Moonworks:NicePresent","floor":5},{"not_picked":["Moonworks:TacticalRetreat","Moonworks:IndiscriminateFireSupport"],"picked":"Moonworks:LulusLuckyEgg","floor":6},{"not_picked":["Moonworks:OutOfAmmo","Moonworks:MixPhenomenon","Moonworks:Assault"],"picked":"SKIP","floor":11},{"not_picked":["Moonworks:BigMagnum","Moonworks:Assault"],"picked":"Moonworks:LulusLuckyEgg","floor":12},{"not_picked":["Moonworks:DevilHand","Moonworks:BigMagnum"],"picked":"Moonworks:NicePresent","floor":14},{"not_picked":["Moonworks:StarBlastingFuse","Moonworks:PlushieMaster"],"picked":"Moonworks:OutOfAmmo","floor":16},{"not_picked":["Moonworks:SakisCookie+1","Moonworks:JonathanRush","Moonworks:ForcedRevival"],"picked":"SKIP","floor":18},{"not_picked":["Moonworks:BigMagnum","Moonworks:AngelHand"],"picked":"Moonworks:NicePresent+1","floor":21},{"not_picked":["Moonworks:BindingChains","Moonworks:SealedMemories"],"picked":"Moonworks:Flamethrower","floor":23},{"not_picked":["Moonworks:JonathanRush+1","Moonworks:LulusLuckyEgg","Moonworks:SealedMemories"],"picked":"SKIP","floor":24},{"not_picked":["Moonworks:ExtendedPhotonRifle+1","Moonworks:IndiscriminateFireSupport","Moonworks:CloudOfSeagulls"],"picked":"SKIP","floor":28},{"not_picked":["Moonworks:SealedMemories","Moonworks:NicePresent"],"picked":"Moonworks:AwakeningOfTalent","floor":31},{"not_picked":["Moonworks:SubspaceTunnel","Moonworks:PlushieMaster"],"picked":"Moonworks:RocketCannon","floor":33},{"not_picked":["Moonworks:Poppoformation+1","Moonworks:IndiscriminateFireSupport+1"],"picked":"Moonworks:EvilSpyWorkPreparation","floor":35},{"not_picked":["Moonworks:JonathanRush","Moonworks:Assault+1"],"picked":"Moonworks:RocketCannon","floor":37},{"not_picked":["Moonworks:CloudOfSeagulls+1","Moonworks:ShieldCounter","Moonworks:ImmovableObject+1"],"picked":"SKIP","floor":38},{"not_picked":["Moonworks:SakisCookie+1","Moonworks:LulusLuckyEgg+1","Moonworks:BeyondHell+1"],"picked":"SKIP","floor":39},{"not_picked":["Moonworks:ScrambledEve+1","Moonworks:BigMagnum","Moonworks:DevilHand+1"],"picked":"SKIP","floor":40},{"not_picked":["Moonworks:BigMagnum+1","Moonworks:CloudOfSeagulls","Moonworks:Heat300Percent"],"picked":"SKIP","floor":41},{"not_picked":["Moonworks:NicePresent","Moonworks:RagingMadness+1"],"picked":"Moonworks:JonathanRush","floor":45},{"not_picked":["Moonworks:Poppoformation","Moonworks:BigMagnum","Moonworks:UnluckyCharm+1"],"picked":"SKIP","floor":45},{"not_picked":["Moonworks:Assault","Moonworks:ImOnFire+1"],"picked":"Moonworks:NicePresent+1","floor":48},{"not_picked":["Moonworks:WindyEnchantment+1","Moonworks:HolyNight+1","Moonworks:BigMagnum"],"picked":"SKIP","floor":48}],"player_experience":266101,"relics_obtained":[{"floor":9,"key":"Happy Flower"},{"floor":11,"key":"Ginger"},{"floor":14,"key":"Pantograph"},{"floor":26,"key":"Peace Pipe"},{"floor":31,"key":"Frozen Egg 2"},{"floor":40,"key":"Du-Vu Doll"},{"floor":42,"key":"Girya"},{"floor":43,"key":"Prayer Wheel"}],"event_choices":[{"damage_healed":0,"gold_gain":0,"player_choice":"Success","damage_taken":25,"relics_obtained":["Dream Catcher"],"max_hp_gain":0,"max_hp_loss":0,"event_name":"Scrap Ooze","floor":3,"gold_loss":0},{"damage_healed":15,"gold_gain":0,"player_choice":"Healed","damage_taken":0,"max_hp_gain":0,"max_hp_loss":0,"event_name":"The Cleric","floor":4,"gold_loss":35},{"damage_healed":0,"gold_gain":0,"player_choice":"Entered Light","damage_taken":12,"max_hp_gain":0,"max_hp_loss":0,"event_name":"Shining Light","floor":7,"gold_loss":0,"cards_upgraded":["Moonworks:Ambush","Moonworks:LulusLuckyEgg"]},{"damage_healed":0,"gold_gain":0,"player_choice":"Shed Blood","damage_taken":15,"max_hp_gain":5,"max_hp_loss":0,"event_name":"Forgotten Altar","floor":19,"gold_loss":0},{"damage_healed":0,"gold_gain":0,"player_choice":"Ignored","damage_taken":0,"max_hp_gain":0,"max_hp_loss":0,"event_name":"Beggar","floor":20,"gold_loss":0},{"damage_healed":0,"gold_gain":0,"player_choice":"Paid Fearfully","damage_taken":0,"max_hp_gain":0,"max_hp_loss":0,"event_name":"Masked Bandits","floor":25,"gold_loss":31},{"damage_healed":0,"gold_gain":0,"player_choice":"Traded Relic","damage_taken":0,"relics_obtained":["Nloth\u0027s Gift"],"max_hp_gain":0,"max_hp_loss":0,"event_name":"N\u0027loth","floor":29,"relics_lost":["Dream Catcher"],"gold_loss":0},{"cards_removed":["Moonworks:OutOfAmmo"],"damage_healed":0,"gold_gain":0,"player_choice":"Purged","damage_taken":0,"max_hp_gain":0,"max_hp_loss":0,"event_name":"Purifier","floor":36,"gold_loss":0},{"damage_healed":0,"gold_gain":0,"player_choice":"Fight","damage_taken":0,"max_hp_gain":0,"max_hp_loss":0,"event_name":"Mysterious Sphere","floor":42,"gold_loss":0},{"damage_healed":0,"gold_gain":0,"player_choice":"Forge","damage_taken":0,"max_hp_gain":0,"max_hp_loss":0,"event_name":"Accursed Blacksmith","floor":47,"gold_loss":0,"cards_upgraded":["Moonworks:JonathanRush"]}],"is_beta":false,"boss_relics":[{"not_picked":["Pandora\u0027s Box","aspiration:DefectSkillbook"],"picked":"aspiration:PoetsPen_weak"},{"not_picked":["Runic Dome","SacredBark"],"picked":"Empty Cage"}],"items_purged_floors":[],"is_endless":false,"potions_floor_spawned":[1,2,14,21,31,38,41,42,48],"killed_by":"Donu and Deca","ascension_level":0}}