{"host":"kig4ty9d1aubg29s","time":1609849142,"event":{"mods":["BaseMod","Minty Spire (QoL Compilation)","READ ME - Guardian Mod","READ ME - Snecko Mod","StSLib","The Cursed","The Gatherer","The Hierophant","The Runesmith"],"gold_per_floor":[18,18,32,32,32,73,94,135,162,185,185,226,226,247,247,340,403,422,472,496,496,520,520,594,594,594,594,614,655,673,711,711,711,711],"floor_reached":33,"playtime":1175,"items_purged":[],"score":610,"play_id":"c03deb7b-5ad1-4c65-ab7f-7b19eeaa3f67","local_time":"20210105211902","is_ascension_mode":true,"campfire_choices":[{"floor":11,"key":"REST"},{"floor":13,"key":"REST"},{"data":"Loop","floor":15,"key":"SMITH"},{"floor":23,"key":"REST"},{"data":"Buffer","floor":25,"key":"SMITH"},{"floor":32,"key":"REST"}],"circlet_count":0,"master_deck":["AscendersBane","Strike_B","Strike_B","Strike_B","Strike_B","Defend_B","Defend_B","Defend_B","Defend_B","Zap+1","Dualcast","Electrodynamics+1","Coolheaded","Melter","Injury","Self Repair","Heatsinks","BootSequence","Loop+1","Cold Snap","Sweeping Beam+1","Buffer+1","Streamline","Ball Lightning","Compile Driver+1","Ball Lightning","Glacier","Buffer"],"relics":["Cracked Core","Golden Idol","Strawberry","Tiny Chest","Pen Nib","Bag of Marbles","Tiny House","Bronze Scales","Bottled Lightning","Orichalcum","Akabeko","Meat on the Bone"],"acts_visited":["Exordium","TheCity"],"potions_floor_usage":[6,8,16,18,20,22,28,29,31,33],"damage_taken":[{"damage":0,"enemies":"Small Slimes","floor":1,"turns":2},{"damage":3,"enemies":"2 Louse","floor":3,"turns":2},{"damage":23,"enemies":"Lagavulin","floor":6,"turns":7},{"damage":0,"enemies":"Cultist","floor":7,"turns":2},{"damage":11,"enemies":"Gremlin Nob","floor":8,"turns":3},{"damage":17,"enemies":"Large Slime","floor":10,"turns":5},{"damage":35,"enemies":"Lagavulin","floor":12,"turns":5},{"damage":0,"enemies":"Red Slaver","floor":14,"turns":2},{"damage":39,"enemies":"The Guardian","floor":16,"turns":11},{"damage":6,"enemies":"2 Thieves","floor":18,"turns":3},{"damage":11,"enemies":"Spheric Guardian","floor":20,"turns":3},{"damage":27,"enemies":"Cultist and Chosen","floor":22,"turns":5},{"damage":0,"enemies":"Snake Plant","floor":28,"turns":2},{"damage":16,"enemies":"Gremlin Leader","floor":29,"turns":5},{"damage":23,"enemies":"Snecko","floor":30,"turns":4},{"damage":28,"enemies":"Book of Stabbing","floor":31,"turns":5},{"damage":52,"enemies":"Champ","floor":33,"turns":13}],"seed_played":"554666513108039868","potions_obtained":[{"floor":3,"key":"BlessingOfTheForge"},{"floor":7,"key":"Fire Potion"},{"floor":8,"key":"Fire Potion"},{"floor":10,"key":"AttackPotion"},{"floor":12,"key":"Explosive Potion"},{"floor":17,"key":"Block Potion"},{"floor":18,"key":"Fruit Juice"},{"floor":20,"key":"DuplicationPotion"},{"floor":28,"key":"SkillPotion"},{"floor":30,"key":"DistilledChaos"},{"floor":31,"key":"SteroidPotion"}],"is_trial":false,"path_per_floor":["M","?","M","?","?","E","M","E","T","M","R","E","R","M","R","B",null,"M","?","M","?","M","R","T","R","T","?","M","E","M","E","R","B"],"character_chosen":"DEFECT","items_purchased":[],"campfire_rested":4,"item_purchase_floors":[],"current_hp_per_floor":[64,64,61,61,61,45,52,48,48,38,61,33,56,56,56,24,70,64,64,58,58,38,64,64,64,64,64,64,55,39,18,44,0,0],"gold":711,"neow_bonus":"THREE_RARE_CARDS","is_daily":false,"chose_seed":false,"campfire_upgraded":2,"win_rate":0.0,"timestamp":1609849142,"path_taken":["M","?","M","?","?","E","M","E","T","?","R","E","R","M","R","BOSS","M","?","M","?","M","R","?","R","T","?","M","E","M","E","R","BOSS"],"items_purchased_type":[],"build_version":"2020-12-22","purchased_purges":0,"victory":false,"max_hp_per_floor":[71,71,71,71,71,78,78,78,78,78,78,78,78,78,78,78,83,83,83,88,88,88,88,88,88,88,88,88,88,88,88,88,88,88],"card_choices":[{"not_picked":["Multi-Cast","Fission"],"picked":"Electrodynamics","floor":0},{"not_picked":["Leap","Conserve Battery"],"picked":"Coolheaded","floor":1},{"not_picked":["Rip and Tear","Darkness"],"picked":"Melter","floor":3},{"not_picked":["Streamline","Recycle"],"picked":"Self Repair","floor":6},{"not_picked":["Leap","Gash"],"picked":"Heatsinks","floor":7},{"not_picked":["Barrage","Beam Cell"],"picked":"BootSequence","floor":8},{"not_picked":["Coolheaded","Turbo"],"picked":"Loop","floor":10},{"not_picked":["Hologram","Scrape"],"picked":"Cold Snap","floor":12},{"not_picked":["Steam","Darkness"],"picked":"Sweeping Beam","floor":14},{"not_picked":["Biased Cognition","Electrodynamics"],"picked":"Buffer","floor":16},{"not_picked":["Scrape","Hologram"],"picked":"Streamline","floor":17},{"not_picked":["Doom and Gloom","Double Energy"],"picked":"Ball Lightning","floor":18},{"not_picked":["Consume","Rebound"],"picked":"Compile Driver+1","floor":20},{"not_picked":["Beam Cell","Streamline"],"picked":"Compile Driver+1","floor":22},{"not_picked":["Reinforced Body","Melter"],"picked":"Ball Lightning","floor":28},{"not_picked":["Ball Lightning","Cold Snap"],"picked":"Glacier","floor":29},{"not_picked":["Skim","Darkness"],"picked":"Buffer","floor":30},{"not_picked":["Tempest","Reinforced Body","Compile Driver"],"picked":"SKIP","floor":31}],"player_experience":1911293,"relics_obtained":[{"floor":6,"key":"Strawberry"},{"floor":8,"key":"Tiny Chest"},{"floor":9,"key":"Pen Nib"},{"floor":12,"key":"Bag of Marbles"},{"floor":24,"key":"Bottled Lightning"},{"floor":26,"key":"Orichalcum"},{"floor":29,"key":"Akabeko"},{"floor":31,"key":"Meat on the Bone"}],"event_choices":[{"damage_healed":0,"gold_gain":0,"player_choice":"Grow","damage_taken":0,"max_hp_gain":0,"max_hp_loss":0,"event_name":"Living Wall","floor":2,"gold_loss":0,"cards_upgraded":["Electrodynamics"]},{"damage_healed":0,"gold_gain":0,"player_choice":"Take Wound","damage_taken":0,"relics_obtained":["Golden Idol"],"max_hp_gain":0,"max_hp_loss":0,"event_name":"Golden Idol","floor":4,"gold_loss":0,"cards_obtained":["Injury"]},{"damage_healed":0,"gold_gain":0,"player_choice":"Upgraded","damage_taken":0,"max_hp_gain":0,"max_hp_loss":0,"event_name":"Upgrade Shrine","floor":5,"gold_loss":0,"cards_upgraded":["Zap"]},{"damage_healed":0,"gold_gain":50,"player_choice":"Stole From Cult","damage_taken":0,"max_hp_gain":0,"max_hp_loss":0,"event_name":"Nest","floor":19,"gold_loss":0},{"cards_removed":["Compile Driver"],"damage_healed":0,"gold_gain":0,"player_choice":"Gave Card","damage_taken":0,"relics_obtained":["Bronze Scales"],"max_hp_gain":0,"max_hp_loss":0,"event_name":"WeMeetAgain","floor":21,"gold_loss":0},{"damage_healed":0,"gold_gain":0,"player_choice":"Ignored","damage_taken":0,"max_hp_gain":0,"max_hp_loss":0,"event_name":"Ghosts","floor":27,"gold_loss":0}],"is_beta":false,"boss_relics":[{"not_picked":["FrozenCore","Fusion Hammer"],"picked":"Tiny House"}],"items_purged_floors":[],"is_endless":false,"potions_floor_spawned":[3,7,8,10,12,18,20,28,30,31],"killed_by":"Champ","ascension_level":20}}