{"host":"c8fb54zqeuygi2gg","time":1609837214,"event":{"mods":["Arknights The Spire","BaseMod","Minty Spire (QoL Compilation)","StSLib"],"gold_per_floor":[111,128,148,148,148,189,189,204,204,223,223,323,391,391,391,512,512,482,482,1,1,16,47,47,60,108,108,23,39,39,62,62,192,192,211,224,224,0,23,23,23,23],"floor_reached":41,"playtime":3052,"items_purged":["ats:Strike V"],"score":436,"play_id":"dcf48592-8776-47f1-9806-db0bf7a51f08","local_time":"20210105040014","is_ascension_mode":false,"campfire_choices":[{"floor":7,"key":"REST"},{"data":"ats:Armor Crushing Shot","floor":15,"key":"SMITH"},{"data":"ats:Overload","floor":24,"key":"SMITH"},{"floor":27,"key":"REST"},{"floor":32,"key":"REST"},{"floor":40,"key":"REST"}],"circlet_count":0,"master_deck":["ats:Strike C","ats:Strike G","ats:Strike S+1","ats:Armor Crushing Shot+1","ats:Defend","ats:Defend","ats:Defend","ats:Defend","ats:Emotion Absorption","CurseOfTheBell","ats:Collapsing Strike","ats:Revitalization","ats:Explosion Area Strengthen+1","ats:Curse Doll","ats:Assault Order","ats:Song Of Battle+1","ats:Disruption Kick","ats:Blood Oath","RitualDagger","ats:Shell Defense","ats:Demon Strength+1","ats:Shadow Raid","ats:Overload+1","ats:Neurotoxin+1","ats:Soul Rend+1","Sadistic Nature+1"],"relics":["Calling Bell","Frozen Egg 2","Turnip","Juzu Bracelet","Golden Idol","ats:Originium","Calipers","Mango","Gambling Chip","ats:Tactical Delivery","Gremlin Horn","ats:Ability Aura","Potion Belt","ats:Lavender","Busted Crown","Red Mask"],"acts_visited":["Exordium","TheCity","TheBeyond"],"potions_floor_usage":[13,18,23,29,33,41,41],"damage_taken":[{"damage":5,"enemies":"2 Louse","floor":1,"turns":4},{"damage":3,"enemies":"Jaw Worm","floor":2,"turns":3},{"damage":5,"enemies":"Cultist","floor":3,"turns":4},{"damage":30,"enemies":"3 Sentries","floor":6,"turns":9},{"damage":12,"enemies":"Large Slime","floor":8,"turns":9},{"damage":17,"enemies":"Exordium Thugs","floor":10,"turns":4},{"damage":28,"enemies":"Lagavulin Event","floor":13,"turns":6},{"damage":87,"enemies":"The Guardian","floor":16,"turns":16},{"damage":41,"enemies":"2 Thieves","floor":18,"turns":5},{"damage":15,"enemies":"Chosen","floor":22,"turns":6},{"damage":31,"enemies":"Gremlin Leader","floor":23,"turns":7},{"damage":32,"enemies":"Snake Plant","floor":25,"turns":5},{"damage":17,"enemies":"3 Cultists","floor":29,"turns":6},{"damage":31,"enemies":"Cultist and Chosen","floor":31,"turns":6},{"damage":130,"enemies":"Automaton","floor":33,"turns":13},{"damage":31,"enemies":"3 Shapes","floor":35,"turns":7},{"damage":31,"enemies":"Orb Walker","floor":36,"turns":5},{"damage":36,"enemies":"4 Shapes","floor":39,"turns":5},{"damage":95,"enemies":"Giant Head","floor":41,"turns":7}],"seed_played":"3214210318411759339","potions_obtained":[{"floor":1,"key":"CultistPotion"},{"floor":6,"key":"ats:Emergency Sanity Potion"},{"floor":10,"key":"BlessingOfTheForge"},{"floor":16,"key":"LiquidMemories"},{"floor":23,"key":"Strength Potion"},{"floor":31,"key":"Explosive Potion"},{"floor":33,"key":"LiquidMemories"},{"floor":39,"key":"BlessingOfTheForge"}],"is_trial":false,"path_per_floor":["M","M","M","?","?","E","R","M","T","M","?","?","?","?","R","B",null,"M","?","$","?","M","E","R","M","T","R","?","M","$","M","R","B",null,"M","M","?","?","M","R","E"],"character_chosen":"DOCTOR_CLASS","items_purchased":["ats:Shell Defense","ats:Demon Strength+1","Gremlin Horn","Regen Potion"],"campfire_rested":4,"item_purchase_floors":[20,20,20,20],"current_hp_per_floor":[67,64,59,59,46,21,41,37,51,34,34,34,6,91,91,8,91,50,44,44,74,68,57,57,31,31,58,58,55,55,35,62,31,91,76,56,56,56,34,61,0,0],"gold":23,"neow_bonus":"BOSS_RELIC","is_daily":false,"chose_seed":false,"campfire_upgraded":2,"win_rate":0.0,"timestamp":1609837214,"path_taken":["M","M","M","?","?","E","R","M","T","M","?","?","?","?","R","BOSS","M","?","$","?","M","E","R","M","T","R","?","M","?","M","R","BOSS","M","M","?","?","M","R","E"],"items_purchased_type":["Card","Card","Relic","Potion"],"build_version":"2020-12-22","purchased_purges":1,"victory":false,"max_hp_per_floor":[72,72,72,67,67,67,67,67,81,81,81,81,81,91,91,91,91,91,91,91,91,91,91,91,91,91,91,91,91,91,91,91,91,91,91,91,91,91,91,91,91,91],"card_choices":[{"not_picked":["ats:Leaping Hammer","ats:Shell Defense"],"picked":"ats:Collapsing Strike","floor":1},{"not_picked":["ats:Consecutive Shot Auto","ats:Explosion Area Strengthen"],"picked":"ats:Revitalization","floor":2},{"not_picked":["ats:Cat Scratch","ats:Consecutive Shot Auto"],"picked":"ats:Explosion Area Strengthen","floor":3},{"not_picked":["ats:Leaping Hammer","ats:Sunburst"],"picked":"ats:Dogmatic Field+1","floor":6},{"not_picked":["ats:Ignite","ats:Flame Of Heaven"],"picked":"ats:Curse Doll","floor":8},{"not_picked":["ats:Powerful Strike","ats:Thermite Blade"],"picked":"ats:Assault Order","floor":10},{"not_picked":["ats:Encircling Forest","ats:Revitalization"],"picked":"ats:Song Of Battle+1","floor":13},{"not_picked":["ats:Wolf Pack","ats:Calcification"],"picked":"ats:Disruption Kick","floor":16},{"not_picked":["ats:Chain Hook","ats:Consecutive Shot Auto"],"picked":"ats:Blood Oath","floor":18},{"not_picked":["ats:Explosion Area Strengthen","ats:Hook Shot"],"picked":"ats:Shadow Raid","floor":22},{"not_picked":["ats:Consecutive Shot Auto+1","ats:Sunburst"],"picked":"ats:Overload","floor":23},{"not_picked":["ats:Childhood Dance","ats:Poison Spread+1","ats:Assault Order"],"picked":"SKIP","floor":25},{"not_picked":["ats:Childhood Dance+1","ats:Beaten Up","ats:Explosion Area Strengthen"],"picked":"SKIP","floor":29},{"not_picked":["ats:Cat Scratch","ats:Closed Bolt Burst Fire"],"picked":"ats:Neurotoxin+1","floor":31},{"not_picked":["ats:Fractured Body","ats:Roar Of Ursus+1"],"picked":"ats:Soul Rend+1","floor":33},{"not_picked":["ats:Powerful Strike"],"picked":"SKIP","floor":35},{"not_picked":["ats:Revitalization"],"picked":"SKIP","floor":36},{"not_picked":[],"picked":"Sadistic Nature+1","floor":37},{"not_picked":["ats:Consecutive Shot Auto"],"picked":"SKIP","floor":39}],"player_experience":162878,"relics_obtained":[{"floor":0,"key":"Frozen Egg 2"},{"floor":0,"key":"Turnip"},{"floor":0,"key":"Juzu Bracelet"},{"floor":6,"key":"ats:Originium"},{"floor":6,"key":"Calipers"},{"floor":9,"key":"Mango"},{"floor":13,"key":"Gambling Chip"},{"floor":23,"key":"ats:Ability Aura"},{"floor":26,"key":"Potion Belt"}],"event_choices":[{"damage_healed":0,"gold_gain":0,"player_choice":"Lose Max HP","damage_taken":0,"relics_obtained":["Golden Idol"],"max_hp_gain":0,"max_hp_loss":5,"event_name":"Golden Idol","floor":4,"gold_loss":0},{"damage_healed":0,"gold_gain":0,"player_choice":"Entered Light","damage_taken":13,"max_hp_gain":0,"max_hp_loss":0,"event_name":"Shining Light","floor":5,"gold_loss":0,"cards_upgraded":["ats:Strike S","ats:Explosion Area Strengthen"]},{"damage_healed":0,"gold_gain":0,"player_choice":"Ignored","damage_taken":0,"max_hp_gain":0,"max_hp_loss":0,"event_name":"Liars Game","floor":11,"gold_loss":0},{"damage_healed":0,"gold_gain":100,"player_choice":"Pray","damage_taken":0,"max_hp_gain":0,"max_hp_loss":0,"event_name":"Golden Shrine","floor":12,"gold_loss":0},{"damage_healed":0,"gold_gain":30,"player_choice":"Searched \u00272\u0027 times","damage_taken":0,"max_hp_gain":0,"max_hp_loss":0,"event_name":"Dead Adventurer","floor":13,"gold_loss":0},{"cards_removed":["ats:Dogmatic Field"],"damage_healed":75,"gold_gain":0,"player_choice":"Offered Rare","damage_taken":0,"max_hp_gain":10,"max_hp_loss":0,"event_name":"Bonfire Elementals","floor":14,"gold_loss":0},{"damage_healed":0,"gold_gain":0,"player_choice":"Joined the Cult","damage_taken":6,"max_hp_gain":0,"max_hp_loss":0,"event_name":"Nest","floor":19,"gold_loss":0,"cards_obtained":["RitualDagger"]},{"damage_healed":30,"gold_gain":0,"player_choice":"Heal","damage_taken":0,"max_hp_gain":0,"max_hp_loss":0,"event_name":"The Library","floor":21,"gold_loss":0},{"damage_healed":0,"gold_gain":0,"player_choice":"Obtained Relic","damage_taken":0,"relics_obtained":["ats:Lavender"],"max_hp_gain":0,"max_hp_loss":0,"event_name":"Addict","floor":28,"gold_loss":85},{"damage_healed":0,"gold_gain":0,"player_choice":"Memory 1","damage_taken":0,"max_hp_gain":0,"max_hp_loss":0,"event_name":"SensoryStone","floor":37,"gold_loss":0},{"damage_healed":0,"gold_gain":0,"player_choice":"Paid","damage_taken":0,"relics_obtained":["Red Mask"],"max_hp_gain":0,"max_hp_loss":0,"event_name":"Tomb of Lord Red Mask","floor":38,"gold_loss":224}],"is_beta":false,"boss_relics":[{"not_picked":["Runic Pyramid","Tiny House"],"picked":"ats:Tactical Delivery"},{"not_picked":["Black Star","Runic Dome"],"picked":"Busted Crown"}],"items_purged_floors":[20],"is_endless":false,"potions_floor_spawned":[1,6,10,16,23,31,33,39],"killed_by":"Giant Head","ascension_level":0}}