{"host":"yknvfbbdiwou5sqc","time":1609840768,"event":{"mods":["AchievementEnabler","BaseMod","Colored Map","Colored Powertips","DeckTracker","Minty Spire (QoL Compilation)","Relic Sorter","SuperFastMode"],"gold_per_floor":[117,192,210,210,64,82,13,26,102,102,122,122,122,135,135,238,238,249,249,269,169,186,186,105,105,105,105,120,120,151,151,151],"floor_reached":31,"playtime":1043,"items_purged":["Strike_P","Strike_P"],"score":245,"play_id":"b291818d-24e3-4f6c-b8c8-2563e4bd0011","local_time":"20210105115928","is_ascension_mode":false,"campfire_choices":[{"floor":13.0,"key":"REST"},{"floor":15.0,"key":"REST"},{"floor":23.0,"key":"REST"},{"floor":27.0,"key":"REST"},{"floor":29,"key":"REST"}],"circlet_count":0,"master_deck":["Strike_P","Defend_P+1","Defend_P","Defend_P","Eruption","Vigilance","Tantrum","Adaptation","Tantrum+1","Adaptation","Tantrum","Crescendo","FlurryOfBlows","FearNoEvil"],"relics":["PureWater"],"acts_visited":[],"potions_floor_usage":[],"damage_taken":[{"damage":0.0,"enemies":"2 Louse","floor":1.0,"turns":2.0},{"damage":9.0,"enemies":"Jaw Worm","floor":3.0,"turns":6.0},{"damage":0.0,"enemies":"Small Slimes","floor":6.0,"turns":2.0},{"damage":25.0,"enemies":"3 Louse","floor":8.0,"turns":3.0},{"damage":11.0,"enemies":"Exordium Wildlife","floor":11.0,"turns":3.0},{"damage":5.0,"enemies":"Looter","floor":14.0,"turns":2.0},{"damage":14.0,"enemies":"Hexaghost","floor":16.0,"turns":3.0},{"damage":17.0,"enemies":"3 Byrds","floor":18.0,"turns":4.0},{"damage":7.0,"enemies":"Spheric Guardian","floor":20.0,"turns":3.0},{"damage":42.0,"enemies":"Snake Plant","floor":22.0,"turns":6.0},{"damage":35,"enemies":"Centurion and Healer","floor":28,"turns":3},{"damage":42,"enemies":"Slavers","floor":30,"turns":5},{"damage":6,"enemies":"Chosen and Byrds","floor":31,"turns":1}],"seed_played":"7494176046633231800","potions_obtained":[{"floor":1.0,"key":"Regen Potion"},{"floor":6.0,"key":"SteroidPotion"},{"floor":11.0,"key":"AttackPotion"},{"floor":16.0,"key":"LiquidBronze"},{"floor":18.0,"key":"StancePotion"}],"is_trial":false,"path_per_floor":["M","?","M","?","$","M","$","M","T","?","M","?","R","M","R","B",null,"M","?","M","$","M","R","$","?","T","R","M","R","E","M"],"character_chosen":"WATCHER","items_purchased":["Adaptation","Tantrum","FearNoEvil"],"campfire_rested":5,"item_purchase_floors":[5,7,24],"current_hp_per_floor":[79,68,59,59,59,59,59,34,34,18,12,12,35,30,53,39,79,62,62,55,55,13,36,36,36,36,59,24,47,5,0,0],"gold":151,"neow_bonus":"TEN_PERCENT_HP_BONUS","is_daily":false,"chose_seed":false,"campfire_upgraded":0,"win_rate":0.0,"timestamp":1609840768,"path_taken":["M","?","M","?","$","M","$","M","T","?","M","?","R","?","R","BOSS","M","?","M","$","M","R","$","?","T","R","M","R","E","M"],"items_purchased_type":["Card","Card","Card"],"build_version":"2020-12-22","purchased_purges":2,"victory":false,"max_hp_per_floor":[79,79,79,79,79,79,79,79,79,79,79,79,79,79,79,79,79,79,79,79,79,79,79,79,79,79,79,79,79,79,79,79],"card_choices":[{"not_picked":["Wallop","PathToVictory","Prostrate"],"picked":"SKIP","floor":1.0},{"not_picked":["Evaluate","SashWhip"],"picked":"Tantrum","floor":3.0},{"not_picked":["SignatureMove","LikeWater","Vengeance"],"picked":"SKIP","floor":6.0},{"not_picked":["Evaluate","FlyingSleeves"],"picked":"Adaptation","floor":8.0},{"not_picked":["Halt","Pray","Weave"],"picked":"SKIP","floor":11.0},{"not_picked":["BowlingBash","BattleHymn"],"picked":"Tantrum","floor":14.0},{"not_picked":["LikeWater","Halt","FlurryOfBlows"],"picked":"SKIP","floor":18.0},{"not_picked":["Halt+1","ForeignInfluence","ClearTheMind"],"picked":"SKIP","floor":20.0},{"not_picked":["JustLucky","Consecrate","Nirvana+1"],"picked":"SKIP","floor":22.0},{"not_picked":["Protect","Worship","JustLucky"],"picked":"SKIP","floor":28},{"not_picked":["CutThroughFate+1","Evaluate+1","Brilliance"],"picked":"SKIP","floor":30}],"player_experience":154157,"relics_obtained":[],"event_choices":[{"damage_healed":0.0,"max_hp_gain":0.0,"max_hp_loss":0.0,"gold_gain":75.0,"event_name":"World of Goop","player_choice":"Gather Gold","floor":2.0,"gold_loss":0.0,"damage_taken":11.0},{"damage_healed":0.0,"max_hp_gain":0.0,"max_hp_loss":0.0,"gold_gain":0.0,"event_name":"Scrap Ooze","player_choice":"Fled","floor":4.0,"gold_loss":0.0,"damage_taken":0.0},{"damage_healed":0.0,"max_hp_gain":0.0,"max_hp_loss":0.0,"gold_gain":0.0,"event_name":"Shining Light","player_choice":"Entered Light","floor":10.0,"gold_loss":0.0,"damage_taken":16.0,"cards_upgraded":["Tantrum","Defend_P"]},{"damage_healed":0.0,"max_hp_gain":0.0,"max_hp_loss":0.0,"gold_gain":0.0,"event_name":"Liars Game","player_choice":"Ignored","floor":12.0,"gold_loss":0.0,"damage_taken":0.0},{"damage_healed":0.0,"max_hp_gain":0.0,"max_hp_loss":0.0,"gold_gain":0.0,"cards_transformed":["Strike_P","Defend_P"],"event_name":"Drug Dealer","player_choice":"Became Test Subject","floor":19.0,"gold_loss":0.0,"damage_taken":0.0,"cards_obtained":["Crescendo","FlurryOfBlows"]},{"damage_healed":0.0,"max_hp_gain":0.0,"max_hp_loss":0.0,"gold_gain":0.0,"event_name":"Cursed Tome","player_choice":"Ignored","floor":25.0,"gold_loss":0.0,"damage_taken":0.0}],"is_beta":false,"boss_relics":[{"not_picked":["Ectoplasm","Snecko Eye","Tiny House"]}],"items_purged_floors":[5,21],"is_endless":false,"potions_floor_spawned":[1,6,11,16,18],"killed_by":"Chosen and Byrds","ascension_level":0}}