{"host":"i9477i93mjcyimye","time":1609809088,"event":{"mods":["Aspiration","BaseMod","Bestiary","Colored Powertips","Downfall","Ironclad Rager","Minty Spire (QoL Compilation)","Quick Restart","Relic Stats","Replay The Spire","Spicy Shops","StSLib","The Jungle","Wandering Minibosses"],"gold_per_floor":[19,19,37,37,37,37,50,76,76,93,107,124,124,124,124,252,252,266,191,42,42,56,90,90,104,127,127,127],"floor_reached":27,"playtime":2598,"items_purged":[],"score":245,"play_id":"02cffea3-741b-49a7-bdc5-061aadd57a69","local_time":"20210105121128","is_ascension_mode":true,"campfire_choices":[{"floor":6,"key":"RECALL"},{"floor":13,"key":"REST"},{"data":"Dodge and Roll","floor":15,"key":"SMITH"},{"floor":24,"key":"REST"}],"circlet_count":0,"master_deck":["Survivor","Neutralize","Hallucinations","Poisoned Stab+1","Poisoned Stab","Poisoned Stab","Poisoned Stab","Poisoned Stab","Dodge and Roll+1","Dodge and Roll+1","Dodge and Roll","Dodge and Roll","Dodge and Roll","Underhanded Strike","Backflip","PiercingWail","Die Die Die","Quick Slash","Poisoned Stab","Prepared","Envenom","Terror","Bane+1","Outmaneuver","Distraction"],"relics":["Ring of the Snake","Mercury Hourglass","Golden Idol","Snake Skull","Anchor","PreservedInsect"],"acts_visited":["Exordium","TheCity"],"potions_floor_usage":[11,16,23,23,27],"damage_taken":[{"damage":0.0,"enemies":"2 Louse","floor":1.0,"turns":2.0},{"damage":4,"enemies":"Jaw Worm","floor":3,"turns":3},{"damage":0,"enemies":"Cultist","floor":7,"turns":3},{"damage":5,"enemies":"3 Sentries","floor":8,"turns":8},{"damage":0,"enemies":"Large Slime","floor":10,"turns":3},{"damage":0,"enemies":"2 Fungi Beasts","floor":11,"turns":2},{"damage":10,"enemies":"Looter","floor":12,"turns":2},{"damage":66,"enemies":"Fading Forest","floor":16,"turns":11},{"damage":16,"enemies":"Chosen","floor":18,"turns":5},{"damage":16,"enemies":"Spheric Guardian","floor":22,"turns":4},{"damage":24,"enemies":"Slavers","floor":23,"turns":7},{"damage":6,"enemies":"Snake Plant","floor":25,"turns":3},{"damage":25,"enemies":"Sentry and Sphere","floor":27,"turns":4}],"seed_played":"7242627218289430870","potions_obtained":[{"floor":7,"key":"sneckomod:MuddlingPotion"},{"floor":10,"key":"Swift Potion"},{"floor":11,"key":"Fruit Juice"},{"floor":22,"key":"SkillPotion"},{"floor":25,"key":"Toxic Potion"}],"is_trial":false,"path_per_floor":["M","?","M","?","$","R","M","E","T","M","M","M","R","?","R","B",null,"M","?","$","?","M","E","R","M","T","M"],"character_chosen":"THE_SILENT","items_purchased":["Snake Skull"],"campfire_rested":2,"item_purchase_floors":[20],"current_hp_per_floor":[45,45,41,41,41,41,41,36,36,36,41,31,51,51,51,5,68,52,52,52,52,36,12,32,26,26,1,1],"gold":127,"neow_bonus":"SILENT_ASSASSIN","is_daily":false,"chose_seed":false,"campfire_upgraded":1,"win_rate":0.0,"timestamp":1609809088,"path_taken":["M","?","M","?","?","R","M","E","T","M","M","?","R","?","R","BOSS","M","?","$","?","M","E","R","M","T","M"],"items_purchased_type":["Relic"],"build_version":"2020-12-22","purchased_purges":0,"victory":false,"max_hp_per_floor":[63,63,63,63,63,63,63,63,63,63,68,68,68,68,68,68,68,68,68,68,68,68,68,68,68,68,68,68],"relic_stats":{"counters":[13,56],"Golden Idol":42,"Snake Skull":[18],"PreservedInsect":0,"obtain_stats":[{"Anchor":23,"Golden Idol":14,"Snake Skull":20,"PreservedInsect":26,"Ring of the Snake":0,"Mercury Hourglass":8},{"Anchor":11,"Golden Idol":7,"Snake Skull":9,"PreservedInsect":12,"Ring of the Snake":0,"Mercury Hourglass":4},{"Anchor":49,"Golden Idol":23,"Snake Skull":38,"PreservedInsect":52,"Ring of the Snake":0,"Mercury Hourglass":16}],"Ring of the Snake":[26],"Mercury Hourglass":[172]},"card_choices":[{"not_picked":["Deflect","ReplayTheSpireMod:Exploit Weakness"],"picked":"Underhanded Strike","floor":1},{"not_picked":["Deadly Poison","Sucker Punch"],"picked":"Backflip","floor":3},{"not_picked":["Bane","Poisoned Stab"],"picked":"PiercingWail","floor":7},{"not_picked":["Poisoned Stab","Accuracy"],"picked":"Die Die Die","floor":8},{"not_picked":["Calculated Gamble","Dagger Throw"],"picked":"Quick Slash","floor":10},{"not_picked":["Backflip","Cloak And Dagger"],"picked":"Poisoned Stab","floor":11},{"not_picked":["Deflect","Underhanded Strike"],"picked":"Prepared","floor":12},{"not_picked":["Unload","Poison Darts"],"picked":"Envenom","floor":16},{"not_picked":["Quick Slash","Backflip"],"picked":"Terror","floor":18},{"not_picked":["Crippling Poison","Flechettes"],"picked":"Bane+1","floor":22},{"not_picked":["ReplayTheSpireMod:Necrosis","Hidden Blade"],"picked":"Outmaneuver","floor":23},{"not_picked":["Quick Slash","Dagger Throw"],"picked":"Distraction","floor":25}],"player_experience":243930,"relics_obtained":[{"floor":8,"key":"Mercury Hourglass"},{"floor":23,"key":"Anchor"},{"floor":26,"key":"PreservedInsect"}],"event_choices":[{"damage_healed":0,"gold_gain":0,"player_choice":"Grow","damage_taken":0,"max_hp_gain":0,"max_hp_loss":0,"event_name":"Living Wall","floor":4,"gold_loss":0,"cards_upgraded":["Poisoned Stab"]},{"damage_healed":0,"gold_gain":0,"player_choice":"Take Wound","damage_taken":0,"relics_obtained":["Golden Idol"],"max_hp_gain":0,"max_hp_loss":0,"event_name":"Golden Idol","floor":14,"gold_loss":0,"cards_obtained":["Injury"]},{"cards_removed":["Injury"],"damage_healed":0,"gold_gain":0,"player_choice":"Gave Gold","damage_taken":0,"max_hp_gain":0,"max_hp_loss":0,"event_name":"Beggar","floor":19,"gold_loss":75},{"damage_healed":0,"gold_gain":0,"player_choice":"Ignored","damage_taken":0,"max_hp_gain":0,"max_hp_loss":0,"event_name":"Ghosts","floor":21,"gold_loss":0}],"is_beta":false,"boss_relics":[{"not_picked":["Snecko Eye","Replay:Fungal Core","Honey Jar"]}],"items_purged_floors":[],"is_endless":false,"potions_floor_spawned":[7,10,11,22,25],"killed_by":"Sentry and Sphere","ascension_level":1}}