{"host":"naykp6d9ulahlwib","time":1609817399,"event":{"mods":["BaseMod","Highlight Path","Minty Spire (QoL Compilation)","Shop Mod","StSLib","The Cursed"],"gold_per_floor":[116,116,132,132,57,57,57,97,149,149,179,179,210,229,229,318,318,333,333,353,378,378,378,393,393,462,462,32,50,74,199,199,289,289,308,333,358,109,109,140,153,153,176,195,195,215,231,245,245,245],"floor_reached":51,"playtime":5589,"items_purged":["Strike_G","Strike_G"],"score":1220,"play_id":"23585d30-2906-49f9-be54-14df12687e12","local_time":"20210104212959","is_ascension_mode":true,"campfire_choices":[{"data":"Neutralize","floor":6.0,"key":"SMITH"},{"data":"Glass Knife","floor":10.0,"key":"SMITH"},{"data":"Footwork","floor":15.0,"key":"SMITH"},{"floor":23.0,"key":"REST"},{"floor":25.0,"key":"REST"},{"data":"Noxious Fumes","floor":27.0,"key":"SMITH"},{"data":"Accuracy","floor":32.0,"key":"SMITH"},{"data":"Accuracy","floor":42.0,"key":"SMITH"},{"data":"Panache","floor":45.0,"key":"SMITH"},{"data":"Prepared","floor":49,"key":"SMITH"}],"circlet_count":0,"master_deck":["AscendersBane","Defend_G","Defend_G","Defend_G","Defend_G","Defend_G","Survivor","Neutralize+1","Accuracy+1","Dagger Spray","Glass Knife+1","Noxious Fumes+1","Footwork+1","Die Die Die","Cloak And Dagger","Blade Dance","RitualDagger","Prepared+1","Accuracy+1","Infinite Blades","Cloak And Dagger","Blade Dance","Cloak And Dagger","Corpse Explosion","Panache+1","Noxious Fumes+1","Blade Dance","Venomology","Blade Dance"],"relics":["Ring of the Snake","NeowsBlessing","Golden Idol","Bag of Preparation","Orichalcum","The Courier","Tough Bandages","Bird Faced Urn","Philosopher\u0027s Stone","Question Card","Incense Burner","Du-Vu Doll","InkBottle","Empty Cage","Anchor","Toy Ornithopter"],"acts_visited":["Exordium","TheCity","TheBeyond"],"potions_floor_usage":[50,50,50],"damage_taken":[{"damage":0.0,"enemies":"Jaw Worm","floor":1.0,"turns":1.0},{"damage":0.0,"enemies":"Small Slimes","floor":3.0,"turns":1.0},{"damage":0.0,"enemies":"Lagavulin","floor":8.0,"turns":2.0},{"damage":1.0,"enemies":"3 Sentries","floor":13.0,"turns":7.0},{"damage":0.0,"enemies":"2 Louse","floor":14.0,"turns":2.0},{"damage":1.0,"enemies":"The Guardian","floor":16.0,"turns":10.0},{"damage":0.0,"enemies":"3 Byrds","floor":18.0,"turns":5.0},{"damage":10.0,"enemies":"Chosen","floor":20.0,"turns":6.0},{"damage":17.0,"enemies":"Shelled Parasite and Fungi","floor":21.0,"turns":6.0},{"damage":27.0,"enemies":"Snake Plant","floor":24.0,"turns":5.0},{"damage":11.0,"enemies":"Snecko","floor":29.0,"turns":5.0},{"damage":0.0,"enemies":"Centurion and Healer","floor":30.0,"turns":5.0},{"damage":3.0,"enemies":"Colosseum Slavers","floor":31.0,"turns":3.0},{"damage":5.0,"enemies":"Colosseum Nobs","floor":31.0,"turns":4.0},{"damage":52.0,"enemies":"Collector","floor":33.0,"turns":8.0},{"damage":3.0,"enemies":"Orb Walker","floor":35.0,"turns":3.0},{"damage":14.0,"enemies":"3 Darklings","floor":36.0,"turns":4.0},{"damage":0.0,"enemies":"Transient","floor":37.0,"turns":5.0},{"damage":12.0,"enemies":"Nemesis","floor":40.0,"turns":7.0},{"damage":7.0,"enemies":"4 Shapes","floor":41.0,"turns":3.0},{"damage":5.0,"enemies":"Jaw Worm Horde","floor":44.0,"turns":3.0},{"damage":0.0,"enemies":"Sphere and 2 Shapes","floor":46.0,"turns":2.0},{"damage":0.0,"enemies":"Maw","floor":47.0,"turns":4.0},{"damage":0,"enemies":"4 Shapes","floor":48,"turns":2},{"damage":25,"enemies":"Donu and Deca","floor":50,"turns":6}],"seed_played":"-2214369586094126374","potions_obtained":[{"floor":3.0,"key":"GhostInAJar"},{"floor":8.0,"key":"EntropicBrew"},{"floor":13.0,"key":"CultistPotion"},{"floor":18.0,"key":"LiquidMemories"},{"floor":20.0,"key":"CunningPotion"},{"floor":29.0,"key":"Dexterity Potion"},{"floor":30.0,"key":"FearPotion"},{"floor":33.0,"key":"Dexterity Potion"},{"floor":40.0,"key":"Ancient Potion"},{"floor":41.0,"key":"SteroidPotion"},{"floor":44.0,"key":"SpeedPotion"},{"floor":48,"key":"Dexterity Potion"}],"is_trial":false,"path_per_floor":["M","?","M","?","?","R","$","E","T","R","?","T","E","M","R","B",null,"M","?","M","M","?","R","M","R","T","R","$","M","M","?","R","B",null,"M","M","M","$","?","E","M","R","T","M","R","M","M","M","R","B",null],"character_chosen":"THE_SILENT","items_purchased":["Accuracy","Incense Burner","Infinite Blades","Panache"],"campfire_rested":2,"item_purchase_floors":[28,28,28,38],"current_hp_per_floor":[59,59,59,59,59,59,59,59,59,59,59,59,58,58,58,59,60,60,51,47,36,30,48,27,45,45,45,45,44,54,58,58,12,48,51,46,56,56,56,54,53,53,53,54,54,60,60,60,60,42],"gold":245,"neow_bonus":"THREE_ENEMY_KILL","is_daily":false,"chose_seed":false,"campfire_upgraded":8,"win_rate":0.0,"timestamp":1609817399,"path_taken":["M","?","M","?","?","R","$","E","T","R","?","?","E","M","R","BOSS","M","?","?","M","?","R","M","R","T","R","$","M","M","?","R","BOSS","M","M","M","$","?","E","M","R","T","M","R","M","M","M","R","BOSS"],"items_purchased_type":["Card","Relic","Card","Card"],"build_version":"2020-12-22","purchased_purges":2,"victory":true,"max_hp_per_floor":[66,66,66,60,60,60,60,60,60,60,60,60,60,60,60,60,60,60,60,60,60,60,60,60,60,60,60,60,60,60,60,60,60,60,60,60,60,60,60,60,60,60,60,60,60,60,60,60,60,60],"card_choices":[{"not_picked":["Dagger Spray","Outmaneuver"],"picked":"Accuracy","floor":1.0},{"not_picked":["Deadly Poison","Slice"],"picked":"Dagger Spray","floor":3.0},{"not_picked":["Distraction","Underhanded Strike"],"picked":"Glass Knife","floor":8.0},{"not_picked":["Underhanded Strike","Finisher"],"picked":"Noxious Fumes","floor":13.0},{"not_picked":["Backflip","Terror"],"picked":"Footwork","floor":14.0},{"not_picked":["Grand Finale","Wraith Form v2"],"picked":"Die Die Die","floor":16.0},{"not_picked":["Endless Agony","Poisoned Stab","Bane"],"picked":"SKIP","floor":18.0},{"not_picked":["Tactician","Dagger Throw"],"picked":"Cloak And Dagger","floor":20.0},{"not_picked":["PiercingWail","Acrobatics"],"picked":"Blade Dance","floor":21.0},{"not_picked":["Concentrate","Dagger Throw"],"picked":"Prepared","floor":24.0},{"not_picked":["Deflect","Underhanded Strike","Backflip"],"picked":"Cloak And Dagger","floor":29.0},{"not_picked":["Dash","Backstab","Storm of Steel"],"picked":"Blade Dance","floor":30.0},{"not_picked":["Sucker Punch","Backflip","Unload"],"picked":"Cloak And Dagger","floor":31.0},{"not_picked":["A Thousand Cuts","Doppelganger","Venomology"],"picked":"Corpse Explosion","floor":33.0},{"not_picked":["Dagger Throw","Sucker Punch","Quick Slash","Dagger Spray+1"],"picked":"SKIP","floor":35.0},{"not_picked":["Caltrops","Flying Knee","Deadly Poison","Deflect"],"picked":"SKIP","floor":36.0},{"not_picked":["Poisoned Stab+1","Deadly Poison+1","Dagger Spray","Sucker Punch"],"picked":"SKIP","floor":37.0},{"not_picked":["Acrobatics+1","Die Die Die","Flechettes","Dagger Throw"],"picked":"SKIP","floor":40.0},{"not_picked":["Outmaneuver+1","Choke","Cloak And Dagger"],"picked":"Noxious Fumes+1","floor":41.0},{"not_picked":["Deflect","Outmaneuver","Poisoned Stab","Reflex"],"picked":"SKIP","floor":44.0},{"not_picked":["Deadly Poison","Dagger Spray","Noxious Fumes"],"picked":"Blade Dance","floor":46.0},{"not_picked":["Setup+1","Sucker Punch","Deflect+1"],"picked":"Venomology","floor":47.0},{"not_picked":["Riddle With Holes+1","Concentrate","Dagger Throw"],"picked":"Blade Dance","floor":48}],"player_experience":1022487,"relics_obtained":[{"floor":8.0,"key":"Bag of Preparation"},{"floor":9.0,"key":"Orichalcum"},{"floor":12.0,"key":"Tough Bandages"},{"floor":13.0,"key":"Bird Faced Urn"},{"floor":26.0,"key":"Question Card"},{"floor":31.0,"key":"Du-Vu Doll"},{"floor":31.0,"key":"InkBottle"},{"floor":40.0,"key":"Anchor"},{"floor":43.0,"key":"Toy Ornithopter"}],"event_choices":[{"damage_healed":0.0,"max_hp_gain":0.0,"max_hp_loss":0.0,"gold_gain":0.0,"event_name":"Scrap Ooze","player_choice":"Fled","floor":2.0,"gold_loss":0.0,"damage_taken":0.0},{"damage_healed":0.0,"max_hp_gain":0.0,"max_hp_loss":6.0,"gold_gain":0.0,"event_name":"Golden Idol","player_choice":"Lose Max HP","floor":4.0,"gold_loss":0.0,"damage_taken":0.0,"relics_obtained":["Golden Idol"]},{"cards_removed":["Strike_G"],"damage_healed":0.0,"max_hp_gain":0.0,"max_hp_loss":0.0,"gold_gain":0.0,"event_name":"The Cleric","player_choice":"Card Removal","floor":5.0,"gold_loss":75.0,"damage_taken":0.0},{"damage_healed":0.0,"max_hp_gain":0.0,"max_hp_loss":0.0,"gold_gain":30.0,"event_name":"Dead Adventurer","player_choice":"Searched \u00272\u0027 times","floor":11.0,"gold_loss":0.0,"damage_taken":0.0,"relics_obtained":["The Courier"]},{"damage_healed":0.0,"max_hp_gain":0.0,"max_hp_loss":0.0,"gold_gain":0.0,"event_name":"Wheel of Change","player_choice":"Damaged","floor":19.0,"gold_loss":0.0,"damage_taken":9.0},{"damage_healed":0.0,"max_hp_gain":0.0,"max_hp_loss":0.0,"gold_gain":0.0,"event_name":"Nest","player_choice":"Joined the Cult","floor":22.0,"gold_loss":0.0,"damage_taken":6.0,"cards_obtained":["RitualDagger"]},{"damage_healed":0.0,"max_hp_gain":0.0,"max_hp_loss":0.0,"gold_gain":0.0,"event_name":"Colosseum","player_choice":"Fight","floor":31.0,"gold_loss":0.0,"damage_taken":0.0},{"damage_healed":0.0,"max_hp_gain":0.0,"max_hp_loss":0.0,"gold_gain":0.0,"event_name":"Colosseum","player_choice":"Fought Nobs","floor":31.0,"gold_loss":0.0,"damage_taken":0.0},{"damage_healed":0.0,"max_hp_gain":0.0,"max_hp_loss":0.0,"gold_gain":0.0,"event_name":"Mysterious Sphere","player_choice":"Ignored","floor":39.0,"gold_loss":0.0,"damage_taken":0.0}],"is_beta":false,"boss_relics":[{"not_picked":["SlaversCollar","Sozu"],"picked":"Philosopher\u0027s Stone"},{"not_picked":["Runic Dome","HoveringKite"],"picked":"Empty Cage"}],"items_purged_floors":[28,38],"is_endless":false,"potions_floor_spawned":[3,8,13,18,20,29,30,31,33,40,41,44,48],"ascension_level":16}}