{"host":"zxkjcgzis4pm3za5","time":1609818938,"event":{"mods":["AchievementEnabler","BaseMod","Colored Map","Colored Powertips","Minty Spire (QoL Compilation)","Quick Restart","RNG Fix","Random Character Button","StSLib"],"gold_per_floor":[112,41,41,55,66,97,97,128,207,235,248,263,38,38,38,142,142,152,233,283,283,283],"floor_reached":21,"playtime":822,"items_purged":["Strike_B"],"score":395,"play_id":"c26e651f-e0ca-46d6-ba6c-745d939e9eee","local_time":"20210105092538","is_ascension_mode":true,"campfire_choices":[{"data":"Defragment","floor":7.0,"key":"SMITH"},{"data":"Fission","floor":15.0,"key":"SMITH"}],"circlet_count":0,"master_deck":["AscendersBane","Strike_B","Strike_B","Defend_B","Defend_B","Defend_B","Zap","Dualcast","Sweeping Beam","Defragment+1","Cold Snap","Ball Lightning","Glacier","Blizzard","Ball Lightning","Fission+1","Echo Form","Go for the Eyes","Leap"],"relics":["FrozenCore","Orichalcum","Kunai","Matryoshka","Mango","OrangePellets","SsserpentHead","Red Mask"],"acts_visited":["Exordium","TheCity"],"potions_floor_usage":[18,19],"damage_taken":[{"damage":7.0,"enemies":"Jaw Worm","floor":1.0,"turns":3.0},{"damage":1.0,"enemies":"2 Louse","floor":4.0,"turns":2.0},{"damage":5.0,"enemies":"Small Slimes","floor":5.0,"turns":2.0},{"damage":19.0,"enemies":"Lagavulin","floor":6.0,"turns":7.0},{"damage":2.0,"enemies":"Gremlin Nob","floor":8.0,"turns":4.0},{"damage":4.0,"enemies":"Lagavulin","floor":10.0,"turns":7.0},{"damage":2.0,"enemies":"2 Fungi Beasts","floor":11.0,"turns":3.0},{"damage":17.0,"enemies":"Exordium Thugs","floor":12.0,"turns":4.0},{"damage":0.0,"enemies":"Slime Boss","floor":16.0,"turns":6.0},{"damage":3,"enemies":"2 Thieves","floor":18,"turns":3},{"damage":48,"enemies":"Masked Bandits","floor":19,"turns":4},{"damage":7,"enemies":"3 Byrds","floor":21,"turns":2}],"seed_played":"-2102427711155570558","potions_obtained":[{"floor":8.0,"key":"Explosive Potion"},{"floor":10.0,"key":"BlessingOfTheForge"},{"floor":11.0,"key":"CultistPotion"},{"floor":18,"key":"FocusPotion"}],"is_trial":false,"path_per_floor":["M","$","?","M","M","E","R","E","T","E","M","M","$","?","R","B",null,"M","?","?","M"],"character_chosen":"DEFECT","items_purchased":["Defragment","OrangePellets"],"campfire_rested":0,"item_purchase_floors":[2,13],"current_hp_per_floor":[61,61,61,60,55,36,36,34,34,44,42,25,25,25,25,25,68,65,17,1,0,0],"gold":283,"neow_bonus":"REMOVE_TWO","is_daily":false,"chose_seed":false,"campfire_upgraded":2,"win_rate":0.0,"timestamp":1609818938,"path_taken":["M","$","?","M","?","E","R","E","T","E","M","M","$","?","R","BOSS","M","?","?","M"],"items_purchased_type":["Card","Relic"],"build_version":"2020-12-22","purchased_purges":1,"victory":false,"max_hp_per_floor":[68,68,68,68,68,68,68,68,68,82,82,82,82,82,82,82,82,82,82,87,87,87],"card_choices":[{"not_picked":["Turbo","Leap"],"picked":"Sweeping Beam","floor":1.0},{"not_picked":["Sweeping Beam","Storm"],"picked":"Cold Snap","floor":4.0},{"not_picked":["Streamline","Darkness","Double Energy"],"picked":"SKIP","floor":5.0},{"not_picked":["Redo","Steam"],"picked":"Ball Lightning","floor":6.0},{"not_picked":["Rebound","Cold Snap"],"picked":"Glacier","floor":8.0},{"not_picked":["Turbo","Stack"],"picked":"Blizzard","floor":10.0},{"not_picked":["Sweeping Beam","Scrape"],"picked":"Ball Lightning","floor":11.0},{"not_picked":["Blizzard","Redo"],"picked":"Fission","floor":12.0},{"not_picked":["Seek","Amplify"],"picked":"Echo Form","floor":16.0},{"not_picked":["Defragment","Gash"],"picked":"Go for the Eyes","floor":18},{"not_picked":["Barrage","Tempest"],"picked":"Leap","floor":19}],"player_experience":178599,"relics_obtained":[{"floor":6.0,"key":"Orichalcum"},{"floor":8.0,"key":"Kunai"},{"floor":9.0,"key":"Matryoshka"},{"floor":10.0,"key":"Mango"},{"floor":19,"key":"Red Mask"}],"event_choices":[{"damage_healed":0.0,"max_hp_gain":0.0,"max_hp_loss":0.0,"gold_gain":0.0,"event_name":"The Cleric","player_choice":"Leave","floor":3.0,"gold_loss":0.0,"damage_taken":0.0},{"damage_healed":0.0,"max_hp_gain":0.0,"max_hp_loss":0.0,"gold_gain":0.0,"event_name":"FaceTrader","player_choice":"Trade","floor":14.0,"gold_loss":0.0,"damage_taken":0.0,"relics_obtained":["SsserpentHead"]},{"damage_healed":0,"gold_gain":0,"player_choice":"Fought Bandits","damage_taken":0,"max_hp_gain":0,"max_hp_loss":0,"event_name":"Masked Bandits","floor":19,"gold_loss":0},{"damage_healed":0,"gold_gain":0,"player_choice":"Shed Blood","damage_taken":21,"max_hp_gain":5,"max_hp_loss":0,"event_name":"Forgotten Altar","floor":20,"gold_loss":0}],"is_beta":false,"boss_relics":[{"not_picked":["Coffee Dripper","Calling Bell"],"picked":"FrozenCore"}],"items_purged_floors":[13],"is_endless":false,"potions_floor_spawned":[8,10,11,12,16,18],"killed_by":"3 Byrds","ascension_level":12}}