{"host":"pyvkqaq4yb2dtxwu","time":1609831081,"event":{"mods":["AchievementEnabler","BaseMod","Colored Map","Colored Powertips","DeckTracker","Minty Spire (QoL Compilation)"],"gold_per_floor":[117,117,117,15,15,48,48,71,116,131,151,166,180,52,52,178,178,198,218,253,118,118,118,118],"floor_reached":23,"playtime":1294,"items_purged":["Injury","Strike_B"],"score":216,"play_id":"1e852bf8-503d-425b-b53b-fd740d79ba49","local_time":"20210104231801","is_ascension_mode":false,"campfire_choices":[{"floor":15,"key":"REST"}],"circlet_count":0,"master_deck":["Strike_B","Strike_B","Defend_B","Defend_B","Defend_B","Defend_B","Zap","Dualcast","Capacitor","Leap","Coolheaded","Rebound","Doom and Gloom","Redo","Turbo","White Noise","Ball Lightning","Ball Lightning","Electrodynamics","Coolheaded","Turbo","Steam","Storm"],"relics":["Cracked Core","NeowsBlessing","Gremlin Horn","Golden Idol","Mummified Hand","Vajra","Sozu","Red Mask"],"acts_visited":["Exordium","TheCity"],"potions_floor_usage":[16,23],"damage_taken":[{"damage":0,"enemies":"Small Slimes","floor":1,"turns":1},{"damage":0,"enemies":"Lagavulin","floor":6,"turns":1},{"damage":0,"enemies":"Jaw Worm","floor":8,"turns":1},{"damage":6,"enemies":"2 Louse","floor":10,"turns":3},{"damage":18,"enemies":"Gremlin Gang","floor":11,"turns":5},{"damage":19,"enemies":"Blue Slaver","floor":12,"turns":3},{"damage":6,"enemies":"Large Slime","floor":13,"turns":5},{"damage":19,"enemies":"Slime Boss","floor":16,"turns":7},{"damage":22,"enemies":"3 Byrds","floor":18,"turns":4},{"damage":8,"enemies":"Chosen","floor":19,"turns":3},{"damage":32,"enemies":"Masked Bandits","floor":20,"turns":4},{"damage":17,"enemies":"Book of Stabbing","floor":23,"turns":4}],"seed_played":"-8578996590720108261","potions_obtained":[{"floor":1,"key":"Explosive Potion"},{"floor":13,"key":"LiquidBronze"},{"floor":16,"key":"LiquidMemories"}],"is_trial":false,"path_per_floor":["M","?","?","$","?","E","?","M","T","M","M","M","M","$","R","B",null,"M","M","?","$","?","E"],"character_chosen":"DEFECT","items_purchased":["Leap","Coolheaded","Ball Lightning","Storm"],"campfire_rested":1,"item_purchase_floors":[4,4,14,21],"current_hp_per_floor":[75,68,68,68,68,68,68,68,68,62,44,25,19,19,41,22,75,53,45,13,13,13,0,0],"gold":118,"neow_bonus":"THREE_ENEMY_KILL","is_daily":false,"chose_seed":false,"campfire_upgraded":0,"win_rate":0.0,"timestamp":1609831081,"path_taken":["M","?","?","$","?","E","?","M","T","M","M","M","M","?","R","BOSS","M","?","?","$","?","E"],"items_purchased_type":["Card","Card","Card","Card"],"build_version":"2020-12-22","purchased_purges":2,"victory":false,"max_hp_per_floor":[75,75,75,75,75,75,75,75,75,75,75,75,75,75,75,75,75,75,75,75,75,75,75,75],"card_choices":[{"not_picked":["Blizzard","White Noise"],"picked":"Capacitor","floor":1},{"not_picked":["Steam","Recycle"],"picked":"Rebound","floor":6},{"not_picked":["Melter","Go for the Eyes"],"picked":"Doom and Gloom","floor":8},{"not_picked":["Force Field","Hologram"],"picked":"Redo","floor":10},{"not_picked":["Barrage","Blizzard"],"picked":"Turbo","floor":11},{"not_picked":["Redo","Compile Driver"],"picked":"White Noise","floor":12},{"not_picked":["Redo","Beam Cell"],"picked":"Ball Lightning","floor":13},{"not_picked":["Fission","Amplify"],"picked":"Electrodynamics","floor":16},{"not_picked":["Beam Cell","Rebound"],"picked":"Coolheaded","floor":18},{"not_picked":["Leap","Static Discharge"],"picked":"Turbo","floor":19},{"not_picked":["Gash","Redo"],"picked":"Steam","floor":20}],"player_experience":105718,"relics_obtained":[{"floor":6,"key":"Mummified Hand"},{"floor":9,"key":"Vajra"},{"floor":20,"key":"Red Mask"}],"event_choices":[{"damage_healed":0,"gold_gain":0,"player_choice":"Success","damage_taken":7,"relics_obtained":["Gremlin Horn"],"max_hp_gain":0,"max_hp_loss":0,"event_name":"Scrap Ooze","floor":2,"gold_loss":0},{"damage_healed":0,"gold_gain":0,"player_choice":"Leave","damage_taken":0,"max_hp_gain":0,"max_hp_loss":0,"event_name":"The Cleric","floor":3,"gold_loss":0},{"damage_healed":0,"gold_gain":0,"player_choice":"Take Wound","damage_taken":0,"relics_obtained":["Golden Idol"],"max_hp_gain":0,"max_hp_loss":0,"event_name":"Golden Idol","floor":5,"gold_loss":0,"cards_obtained":["Injury"]},{"damage_healed":0,"gold_gain":0,"player_choice":"Ignored","damage_taken":0,"max_hp_gain":0,"max_hp_loss":0,"event_name":"Liars Game","floor":7,"gold_loss":0},{"damage_healed":0,"gold_gain":0,"player_choice":"Fought Bandits","damage_taken":0,"max_hp_gain":0,"max_hp_loss":0,"event_name":"Masked Bandits","floor":20,"gold_loss":0},{"cards_removed":["Strike_B"],"damage_healed":0,"gold_gain":0,"player_choice":"Elegance","damage_taken":0,"max_hp_gain":0,"max_hp_loss":0,"event_name":"Back to Basics","floor":22,"gold_loss":0}],"is_beta":false,"boss_relics":[{"not_picked":["Fusion Hammer","Calling Bell"],"picked":"Sozu"}],"items_purged_floors":[14,21],"is_endless":false,"potions_floor_spawned":[1,13,16,18,19],"killed_by":"Book of Stabbing","ascension_level":0}}