{"host":"ig7tc0uedzltt2sr","time":1609832090,"event":{"mods":["BaseMod","Better Twitch Integration","Block Reminder","Colored Map","Colored Powertips","Communication Mod","Current Relic Mod","GifTheSpireLib","HexUI Lib","Minty Spire (QoL Compilation)","Quick Restart","Random Character Button","Rare Cards Sparkle","Relic Sorter","Relic Stats","Slay the Relics Exporter","StSLib","SuperFastMode","Synergy Search","Twitch Decklist","Twitch Utils","everything is the same but u backflip on backflip","slay the spire mod where everything is the same but ironclad has a cowboy hat"],"gold_per_floor":[113,63,78,89,99,99,111,111,136,136,147,147,164,164,164,164,164],"floor_reached":16,"playtime":102,"items_purged":[],"score":119,"play_id":"aa1531f7-6488-4aec-89a1-d8c6c6083e01","local_time":"20210104233450","is_ascension_mode":false,"campfire_choices":[{"floor":6,"key":"REST"},{"floor":8,"key":"REST"},{"data":"Strike_R","floor":15,"key":"SMITH"}],"circlet_count":0,"master_deck":["Strike_R+1","Strike_R","Strike_R","Strike_R","Strike_R","Defend_R","Defend_R","Defend_R","Bash","Reckless Charge","Sever Soul","Headbutt","Dual Wield","Disarm","Parasite","Rupture","Feed"],"relics":["Burning Blood","Strawberry"],"acts_visited":["Exordium"],"potions_floor_usage":[],"damage_taken":[{"damage":5,"enemies":"Small Slimes","floor":1,"turns":5},{"damage":10,"enemies":"Jaw Worm","floor":3,"turns":5},{"damage":0,"enemies":"2 Louse","floor":4,"turns":2},{"damage":67,"enemies":"Gremlin Gang","floor":5,"turns":6},{"damage":32,"enemies":"Lots of Slimes","floor":7,"turns":7},{"damage":13,"enemies":"2 Fungi Beasts","floor":11,"turns":4},{"damage":20,"enemies":"Looter","floor":13,"turns":4},{"damage":63,"enemies":"The Guardian","floor":16,"turns":10}],"seed_played":"-563232877992710565","potions_obtained":[{"floor":1,"key":"BloodPotion"},{"floor":3,"key":"PowerPotion"},{"floor":5,"key":"ElixirPotion"}],"is_trial":false,"path_per_floor":["M","?","M","M","M","R","M","R","T","?","M","?","M","$","R","B"],"character_chosen":"IRONCLAD","items_purchased":[],"campfire_rested":2,"item_purchase_floors":[],"current_hp_per_floor":[88,88,84,88,27,53,27,53,60,83,76,76,62,62,62,0,0],"gold":164,"neow_bonus":"TEN_PERCENT_HP_BONUS","is_daily":false,"chose_seed":false,"campfire_upgraded":1,"win_rate":0.0,"timestamp":1609832090,"path_taken":["M","?","M","M","M","R","M","R","T","?","M","?","?","$","R","BOSS"],"items_purchased_type":[],"build_version":"2020-12-22","purchased_purges":0,"victory":false,"max_hp_per_floor":[88,88,88,88,88,88,88,88,95,95,95,95,95,95,95,95,95],"relic_stats":{"counters":[8,43],"obtain_stats":[{"Strawberry":9,"Burning Blood":0},{"Strawberry":5,"Burning Blood":0},{"Strawberry":25,"Burning Blood":0}],"Burning Blood":39},"card_choices":[{"not_picked":["Shrug It Off","Entrench"],"picked":"Reckless Charge","floor":1},{"not_picked":["Twin Strike","Havoc"],"picked":"Sever Soul","floor":3},{"not_picked":["Shockwave","Sentinel"],"picked":"Headbutt","floor":4},{"not_picked":["Body Slam","Pommel Strike"],"picked":"Dual Wield","floor":5},{"not_picked":["Twin Strike","Perfected Strike"],"picked":"Disarm","floor":7},{"not_picked":["Wild Strike","Perfected Strike"],"picked":"Rupture","floor":11},{"not_picked":["Shrug It Off","Metallicize"],"picked":"Feed","floor":13}],"player_experience":1431539,"relics_obtained":[{"floor":9,"key":"Strawberry"}],"event_choices":[{"cards_removed":["Defend_R"],"damage_healed":0,"gold_gain":0,"player_choice":"Card Removal","damage_taken":0,"max_hp_gain":0,"max_hp_loss":0,"event_name":"The Cleric","floor":2,"gold_loss":50},{"damage_healed":23,"gold_gain":0,"player_choice":"Healed and dodged fight","damage_taken":0,"max_hp_gain":0,"max_hp_loss":0,"event_name":"Mushrooms","floor":10,"gold_loss":0,"cards_obtained":["Parasite"]},{"damage_healed":0,"gold_gain":0,"player_choice":"Ignored","damage_taken":0,"max_hp_gain":0,"max_hp_loss":0,"event_name":"Purifier","floor":12,"gold_loss":0}],"is_beta":false,"boss_relics":[],"items_purged_floors":[],"is_endless":false,"potions_floor_spawned":[1,3,5],"killed_by":"The Guardian","ascension_level":0}}