{"host":"91blwi3hgehj6ch9","time":1609883990,"event":{"mods":["2.2 Compatiblity","AchievementEnabler","BaseMod","Colored Map","DeckTracker","Keyboard Shortcuts","Minty Spire (QoL Compilation)","Permanent Neow","Quick Restart","StSLib","SuperFastMode"],"gold_per_floor":[117,129,129,129,143,143,158,181,208,226,226,151,170,70,70,194,194,194,69,39,39,39,39,39,39,39,39,39,39,39,39,39,39,39,39,39,39,39,39,39,39,39,39,39,39,39,39,39,39,39,39,39,39,39,39,39],"floor_reached":55,"playtime":2348,"items_purged":["Strike_P","Defend_P","Defend_P"],"score":1285,"play_id":"5157e692-b6b6-440c-8c2e-0e9b121ca828","local_time":"20210106065950","is_ascension_mode":true,"campfire_choices":[{"data":"Eruption","floor":6.0,"key":"SMITH"},{"data":"Adaptation","floor":15.0,"key":"SMITH"},{"data":"Scrawl","floor":23.0,"key":"SMITH"},{"data":"Omniscience","floor":28.0,"key":"SMITH"},{"data":"Prostrate","floor":32.0,"key":"SMITH"},{"floor":44,"key":"RECALL"},{"data":"Vigilance","floor":49,"key":"SMITH"},{"data":"Meditate","floor":52,"key":"SMITH"}],"circlet_count":0,"master_deck":["Strike_P+1","Eruption+1","Vigilance+1","Adaptation+1","Prostrate+1","Tantrum+1","Scrawl+1","Prostrate+1","Omniscience+1","WheelKick+1","EmptyMind+1","Meditate+1"],"relics":["PureWater","Thread and Needle","Golden Idol","Bag of Preparation","Ectoplasm","Blood Vial","Whetstone","Empty Cage","Bird Faced Urn","CeramicFish","Pen Nib","Eternal Feather"],"acts_visited":["Exordium","TheCity","TheBeyond","TheEnding"],"potions_floor_usage":[54,55,55],"damage_taken":[{"damage":0.0,"enemies":"2 Louse","floor":1.0,"turns":3.0},{"damage":0.0,"enemies":"Cultist","floor":2.0,"turns":5.0},{"damage":0.0,"enemies":"Small Slimes","floor":5.0,"turns":5.0},{"damage":0.0,"enemies":"3 Louse","floor":7.0,"turns":2.0},{"damage":0.0,"enemies":"2 Fungi Beasts","floor":8.0,"turns":3.0},{"damage":0.0,"enemies":"Red Slaver","floor":10.0,"turns":3.0},{"damage":0.0,"enemies":"Large Slime","floor":13.0,"turns":3.0},{"damage":14.0,"enemies":"Slime Boss","floor":16.0,"turns":7.0},{"damage":6.0,"enemies":"3 Byrds","floor":18.0,"turns":5.0},{"damage":13.0,"enemies":"2 Thieves","floor":20.0,"turns":3.0},{"damage":0.0,"enemies":"Snake Plant","floor":22.0,"turns":2.0},{"damage":0.0,"enemies":"Cultist and Chosen","floor":27.0,"turns":3.0},{"damage":7.0,"enemies":"Slavers","floor":29.0,"turns":4.0},{"damage":0.0,"enemies":"Snecko","floor":31.0,"turns":1.0},{"damage":0.0,"enemies":"Champ","floor":33.0,"turns":4.0},{"damage":0,"enemies":"3 Darklings","floor":35,"turns":2},{"damage":0,"enemies":"Mind Bloom Boss Battle","floor":36,"turns":1},{"damage":0,"enemies":"3 Shapes","floor":38,"turns":1},{"damage":0,"enemies":"Nemesis","floor":40,"turns":1},{"damage":0,"enemies":"3 Darklings","floor":41,"turns":1},{"damage":0,"enemies":"Sphere and 2 Shapes","floor":42,"turns":1},{"damage":0,"enemies":"Writhing Mass","floor":45,"turns":1},{"damage":0,"enemies":"3 Darklings","floor":46,"turns":1},{"damage":0,"enemies":"Giant Head","floor":47,"turns":1},{"damage":0,"enemies":"Transient","floor":48,"turns":3},{"damage":0,"enemies":"Donu and Deca","floor":50,"turns":1},{"damage":0,"enemies":"Shield and Spear","floor":54,"turns":1},{"damage":155,"enemies":"The Heart","floor":55,"turns":3}],"seed_played":"-7014825433537060306","potions_obtained":[{"floor":1.0,"key":"AttackPotion"},{"floor":7.0,"key":"Strength Potion"},{"floor":10.0,"key":"BlessingOfTheForge"},{"floor":11.0,"key":"Ambrosia"},{"floor":16.0,"key":"BlessingOfTheForge"},{"floor":27.0,"key":"Block Potion"},{"floor":29.0,"key":"Fruit Juice"},{"floor":54,"key":"Block Potion"}],"is_trial":false,"path_per_floor":["M","M","?","?","M","R","M","M","T","M","?","$","M","$","R","B",null,"M","$","M","$","M","R","?","?","T","M","R","E","?","M","R","B",null,"M","?","?","M","?","E","M","M","T","R","M","M","E","M","R","B",null,"R","$","E","B"],"character_chosen":"WATCHER","items_purchased":[],"campfire_rested":0,"item_purchase_floors":[],"current_hp_per_floor":[47,47,52,52,52,52,52,52,52,52,52,52,52,52,52,38,63,57,57,44,44,44,44,44,44,44,46,46,41,41,43,43,45,65,67,69,69,71,71,71,71,71,71,71,71,71,71,71,71,71,71,71,71,76,0,0],"gold":39,"neow_bonus":"ONE_RARE_RELIC","is_daily":false,"chose_seed":false,"campfire_upgraded":7,"win_rate":0.0,"timestamp":1609883990,"path_taken":["M","M","?","?","M","R","M","M","T","M","?","$","M","$","R","BOSS","M","$","M","?","M","R","?","?","T","M","R","E","?","M","R","BOSS","M","?","?","?","?","E","M","M","T","R","M","M","E","M","R","BOSS","R","$","E","BOSS"],"items_purchased_type":[],"build_version":"2020-12-22","purchased_purges":3,"victory":false,"max_hp_per_floor":[72,72,77,71,71,71,71,71,71,71,71,71,71,71,71,71,71,71,71,71,71,71,71,71,71,71,71,71,71,71,71,71,71,71,71,71,71,71,71,71,71,71,71,71,71,71,71,71,71,71,71,71,71,76,76,76],"card_choices":[{"not_picked":["Conclude","JustLucky"],"picked":"Adaptation","floor":1.0},{"not_picked":["EmptyMind","FlyingSleeves"],"picked":"Prostrate","floor":2.0},{"not_picked":["FlyingSleeves","JustLucky","Crescendo"],"picked":"SKIP","floor":5.0},{"not_picked":["Vengeance","SignatureMove","Perseverance"],"picked":"SKIP","floor":7.0},{"not_picked":["Consecrate","EmptyBody"],"picked":"Tantrum","floor":8.0},{"not_picked":["Protect","FlyingSleeves","WreathOfFlame"],"picked":"SKIP","floor":10.0},{"not_picked":["Nirvana","Prostrate","EmptyBody"],"picked":"SKIP","floor":13.0},{"not_picked":["Establishment","ConjureBlade"],"picked":"Scrawl","floor":16.0},{"not_picked":["Weave","BowlingBash","Halt"],"picked":"SKIP","floor":18.0},{"not_picked":["Sanctity","EmptyFist"],"picked":"Prostrate+1","floor":20.0},{"not_picked":["Crescendo","ClearTheMind","Protect"],"picked":"SKIP","floor":22.0},{"not_picked":["CrushJoints","FollowUp"],"picked":"Omniscience","floor":27.0},{"not_picked":["Swivel","BowlingBash","SandsOfTime"],"picked":"SKIP","floor":29.0},{"not_picked":["Meditate+1","Protect","Crescendo"],"picked":"SKIP","floor":31.0},{"not_picked":["WreathOfFlame+1","EmptyFist","CrushJoints"],"picked":"SKIP","floor":35},{"not_picked":["JustLucky+1","Prostrate+1"],"picked":"EmptyMind+1","floor":36},{"not_picked":["CutThroughFate","Evaluate","EmptyMind+1"],"picked":"SKIP","floor":38},{"not_picked":["EmptyFist","CutThroughFate+1","Crescendo"],"picked":"SKIP","floor":40},{"not_picked":["PathToVictory+1","WreathOfFlame+1","Wireheading+1"],"picked":"SKIP","floor":41},{"not_picked":["Nirvana+1","Indignation+1","CrushJoints"],"picked":"SKIP","floor":42},{"not_picked":["ThirdEye+1","Indignation","EmptyFist"],"picked":"SKIP","floor":45},{"not_picked":["WaveOfTheHand+1","Halt","EmptyFist+1"],"picked":"SKIP","floor":46},{"not_picked":["FearNoEvil+1","Ragnarok","EmptyMind"],"picked":"SKIP","floor":47},{"not_picked":["Wallop","Consecrate+1","Halt+1"],"picked":"SKIP","floor":48},{"not_picked":["Sanctity+1","CarveReality+1","Protect"],"picked":"SKIP","floor":54}],"player_experience":84226,"relics_obtained":[{"floor":9.0,"key":"Bag of Preparation"},{"floor":26.0,"key":"Blood Vial"},{"floor":29.0,"key":"Whetstone"},{"floor":36,"key":"Bird Faced Urn"},{"floor":40,"key":"CeramicFish"},{"floor":47,"key":"Pen Nib"},{"floor":54,"key":"Eternal Feather"}],"event_choices":[{"damage_healed":0.0,"max_hp_gain":5.0,"max_hp_loss":0.0,"gold_gain":0.0,"event_name":"Big Fish","player_choice":"Donut","floor":3.0,"gold_loss":0.0,"damage_taken":0.0},{"damage_healed":0.0,"max_hp_gain":0.0,"max_hp_loss":6.0,"gold_gain":0.0,"event_name":"Golden Idol","player_choice":"Lose Max HP","floor":4.0,"gold_loss":0.0,"damage_taken":0.0,"relics_obtained":["Golden Idol"]},{"damage_healed":0.0,"max_hp_gain":0.0,"max_hp_loss":0.0,"gold_gain":0.0,"event_name":"Lab","player_choice":"Got Potions","floor":11.0,"gold_loss":0.0,"damage_taken":0.0},{"damage_healed":0.0,"max_hp_gain":0.0,"max_hp_loss":0.0,"gold_gain":0.0,"event_name":"Ghosts","player_choice":"Ignored","floor":24.0,"gold_loss":0.0,"damage_taken":0.0},{"damage_healed":0.0,"max_hp_gain":0.0,"max_hp_loss":0.0,"gold_gain":0.0,"event_name":"Vampires","player_choice":"Ignored","floor":25.0,"gold_loss":0.0,"damage_taken":0.0},{"damage_healed":0.0,"max_hp_gain":0.0,"max_hp_loss":0.0,"gold_gain":0.0,"cards_transformed":["Strike_P","Strike_P"],"event_name":"Drug Dealer","player_choice":"Became Test Subject","floor":30.0,"gold_loss":0.0,"damage_taken":0.0,"cards_obtained":["SignatureMove","WheelKick"]},{"damage_healed":0,"gold_gain":0,"player_choice":"Fight","damage_taken":0,"max_hp_gain":0,"max_hp_loss":0,"event_name":"MindBloom","floor":36,"gold_loss":0},{"damage_healed":0,"gold_gain":0,"cards_transformed":["Defend_P"],"player_choice":"Transformed","damage_taken":0,"max_hp_gain":0,"max_hp_loss":0,"event_name":"Transmorgrifier","floor":37,"gold_loss":0,"cards_obtained":["Meditate"]},{"damage_healed":0,"gold_gain":0,"player_choice":"Upgraded","damage_taken":0,"max_hp_gain":0,"max_hp_loss":0,"event_name":"Upgrade Shrine","floor":39,"gold_loss":0,"cards_upgraded":["WheelKick"]}],"is_beta":false,"boss_relics":[{"not_picked":["Snecko Eye","Fusion Hammer"],"picked":"Ectoplasm"},{"not_picked":["Coffee Dripper","Pandora\u0027s Box"],"picked":"Empty Cage"}],"items_purged_floors":[12,14,19],"is_endless":false,"potions_floor_spawned":[1,7,10,16,27,29,31,33,35,36,42,45,48,54],"killed_by":"The Heart","ascension_level":8}}