{"host":"zr590xw2unlz0wv7","time":1609860441,"event":{"mods":["BaseMod","Minty Spire (QoL Compilation)","READ ME - Guardian Mod","StSLib"],"gold_per_floor":[366,29,39,39,57,84,84,100,181,256,256,275,275,291,291,416,416,434,359,359,187,212,212,212,212,212,212,38,38,38,52,52,147,147,165,165,183,183,196,196,215,215,238,257,257,109,127,0,0,0,0],"floor_reached":50,"playtime":1828,"items_purged":["Strike_B","Strike_B"],"score":581,"play_id":"226152a5-f405-4cf0-85fa-3435507533a7","local_time":"20210105232721","is_ascension_mode":true,"campfire_choices":[{"floor":11.0,"key":"REST"},{"data":"Dualcast","floor":13.0,"key":"SMITH"},{"floor":15.0,"key":"REST"},{"floor":23.0,"key":"REST"},{"floor":25.0,"key":"REST"},{"data":"Defragment","floor":27.0,"key":"SMITH"},{"data":"Defragment","floor":29.0,"key":"SMITH"},{"floor":32.0,"key":"REST"},{"floor":40,"key":"REST"},{"floor":42,"key":"REST"},{"floor":45,"key":"RECALL"},{"floor":49,"key":"REST"}],"circlet_count":0,"master_deck":["Defend_B","Defend_B","Defend_B","Defend_B","Zap","Dualcast+1","Hologram","Buffer","Defragment+1","Electrodynamics","Electrodynamics","Defragment+1","Redo","Buffer","Heatsinks","Thunder Strike","Tempest","Capacitor","Seek","Chaos+1","Madness","Madness","Consume+1","Buffer","Zap","Tempest+1","Parasite","Defragment","Loop"],"relics":["Cracked Core","Symbiotic Virus","CultistMask","Turnip","Bloody Idol","Question Card","Black Star","Gremlin Horn","Nuclear Battery","Runic Capacitor","Red Mask"],"acts_visited":["Exordium","TheCity","TheBeyond"],"potions_floor_usage":[33,33,39,44,50,50],"damage_taken":[{"damage":6.0,"enemies":"Cultist","floor":1.0,"turns":3.0},{"damage":2.0,"enemies":"Jaw Worm","floor":3.0,"turns":3.0},{"damage":0.0,"enemies":"Small Slimes","floor":5.0,"turns":3.0},{"damage":0.0,"enemies":"Gremlin Nob","floor":6.0,"turns":3.0},{"damage":3.0,"enemies":"Blue Slaver","floor":8.0,"turns":3.0},{"damage":10.0,"enemies":"Red Slaver","floor":12.0,"turns":3.0},{"damage":12.0,"enemies":"2 Fungi Beasts","floor":14.0,"turns":4.0},{"damage":22.0,"enemies":"The Guardian","floor":16.0,"turns":12.0},{"damage":16.0,"enemies":"Shell Parasite","floor":18.0,"turns":6.0},{"damage":22.0,"enemies":"2 Thieves","floor":22.0,"turns":2.0},{"damage":21.0,"enemies":"Centurion and Healer","floor":31.0,"turns":3.0},{"damage":57,"enemies":"Collector","floor":33,"turns":7},{"damage":0,"enemies":"3 Shapes","floor":35,"turns":3},{"damage":6,"enemies":"Orb Walker","floor":37,"turns":3},{"damage":15,"enemies":"Transient","floor":39,"turns":5},{"damage":47,"enemies":"3 Darklings","floor":41,"turns":3},{"damage":7,"enemies":"Writhing Mass","floor":44,"turns":6},{"damage":36,"enemies":"Spire Growth","floor":47,"turns":4},{"damage":43,"enemies":"Awakened One","floor":50,"turns":3}],"seed_played":"-4091532986762297633","potions_obtained":[{"floor":3.0,"key":"DistilledChaos"},{"floor":12.0,"key":"DistilledChaos"},{"floor":14.0,"key":"Dexterity Potion"},{"floor":22.0,"key":"EntropicBrew"},{"floor":35,"key":"FearPotion"},{"floor":39,"key":"Energy Potion"},{"floor":41,"key":"SpeedPotion"},{"floor":47,"key":"Energy Potion"}],"is_trial":false,"path_per_floor":["M","$","M","?","M","E","?","M","T","?","R","M","R","M","R","B",null,"M","?","?","$","M","R","?","R","T","R","$","R","?","M","R","B",null,"M","?","M","?","M","R","M","R","T","M","R","$","M","?","R","B"],"character_chosen":"DEFECT","items_purchased":["Symbiotic Virus","Defragment","Thunder Strike","Tempest","Runic Capacitor"],"campfire_rested":8,"item_purchase_floors":[2,21,28,28,46],"current_hp_per_floor":[48,48,46,46,46,46,46,43,43,32,54,44,44,32,54,32,64,48,48,48,48,26,48,48,70,70,70,70,70,70,54,75,23,62,67,58,57,57,47,69,27,49,54,52,52,52,21,21,43,0,0],"gold":0,"neow_bonus":"TWO_FIFTY_GOLD","is_daily":false,"chose_seed":false,"campfire_upgraded":3,"win_rate":0.0,"timestamp":1609860441,"path_taken":["M","$","M","?","?","E","?","M","T","?","R","M","R","M","R","BOSS","M","?","?","$","?","R","?","R","T","R","$","R","?","M","R","BOSS","M","?","M","?","?","R","M","R","T","?","R","$","M","?","R","BOSS"],"items_purchased_type":["Relic","Card","Card","Card","Relic"],"build_version":"2020-12-22","purchased_purges":2,"victory":false,"max_hp_per_floor":[75,75,75,75,75,75,75,75,75,75,75,75,75,75,75,75,75,75,75,75,75,75,75,75,75,75,75,75,75,75,75,75,75,75,75,75,75,75,75,75,75,75,75,75,75,75,75,75,75,75,75],"card_choices":[{"not_picked":["Chill","Recycle"],"picked":"Hologram","floor":1.0},{"not_picked":["Streamline","Sunder","Leap"],"picked":"SKIP","floor":3.0},{"not_picked":["Turbo","Ball Lightning"],"picked":"Buffer","floor":5.0},{"not_picked":["Gash","Glacier","Turbo"],"picked":"SKIP","floor":6.0},{"not_picked":["Rebound","Go for the Eyes","FTL"],"picked":"SKIP","floor":8.0},{"not_picked":["Ball Lightning","Turbo","Creative AI"],"picked":"Defragment","floor":12.0},{"not_picked":["Sweeping Beam","Cold Snap","Streamline","Storm"],"picked":"SKIP","floor":14.0},{"not_picked":["Core Surge","Reboot","Biased Cognition"],"picked":"Electrodynamics","floor":16.0},{"not_picked":["Stack","Double Energy","Leap","Compile Driver"],"picked":"SKIP","floor":18.0},{"not_picked":["Sweeping Beam","Beam Cell+1","Steam Power"],"picked":"Redo","floor":22.0},{"not_picked":["Force Field","Conserve Battery","Sweeping Beam+1"],"picked":"Capacitor","floor":31.0},{"not_picked":["All For One","Biased Cognition","Thunder Strike"],"picked":"Seek","floor":33},{"not_picked":["Blizzard+1","Sweeping Beam+1","Capacitor+1"],"picked":"Chaos+1","floor":35},{"not_picked":["Beam Cell+1","Genetic Algorithm+1","Capacitor+1"],"picked":"Consume+1","floor":37},{"not_picked":["Stack+1","Steam","Force Field+1","Capacitor"],"picked":"SKIP","floor":39},{"not_picked":["Go for the Eyes+1","Sweeping Beam+1","Sunder+1"],"picked":"Tempest+1","floor":41},{"not_picked":["Conserve Battery","Rebound+1","Sunder+1"],"picked":"Defragment","floor":44},{"not_picked":["Chill+1","Cold Snap+1","Rebound"],"picked":"Loop","floor":47}],"player_experience":536281,"relics_obtained":[{"floor":6.0,"key":"Turnip"},{"floor":9.0,"key":"Question Card"},{"floor":26.0,"key":"Gremlin Horn"}],"event_choices":[{"damage_healed":0.0,"max_hp_gain":0.0,"max_hp_loss":0.0,"gold_gain":0.0,"event_name":"FaceTrader","player_choice":"Trade","floor":4.0,"gold_loss":0.0,"damage_taken":0.0,"relics_obtained":["CultistMask"]},{"damage_healed":0.0,"max_hp_gain":0.0,"max_hp_loss":0.0,"gold_gain":0.0,"event_name":"Golden Idol","player_choice":"Take Wound","floor":7.0,"gold_loss":0.0,"damage_taken":0.0,"relics_obtained":["Golden Idol"],"cards_obtained":["Injury"]},{"damage_healed":0.0,"max_hp_gain":0.0,"max_hp_loss":0.0,"gold_gain":75.0,"event_name":"World of Goop","player_choice":"Gather Gold","floor":10.0,"gold_loss":0.0,"damage_taken":11.0},{"cards_removed":["Injury"],"damage_healed":0.0,"max_hp_gain":0.0,"max_hp_loss":0.0,"gold_gain":0.0,"event_name":"Beggar","player_choice":"Gave Gold","floor":19.0,"gold_loss":75.0,"damage_taken":0.0},{"damage_healed":0.0,"max_hp_gain":0.0,"max_hp_loss":0.0,"gold_gain":0.0,"event_name":"Duplicator","player_choice":"Copied","floor":20.0,"gold_loss":0.0,"damage_taken":0.0,"cards_obtained":["Electrodynamics"]},{"damage_healed":0.0,"max_hp_gain":0.0,"max_hp_loss":0.0,"gold_gain":0.0,"cards_transformed":["Strike_B","Strike_B"],"event_name":"Drug Dealer","player_choice":"Became Test Subject","floor":24.0,"gold_loss":0.0,"damage_taken":0.0,"cards_obtained":["Buffer","Heatsinks"]},{"damage_healed":0.0,"max_hp_gain":0.0,"max_hp_loss":0.0,"gold_gain":0.0,"event_name":"Forgotten Altar","player_choice":"Gave Idol","floor":30.0,"relics_lost":["Golden Idol"],"gold_loss":0.0,"damage_taken":0.0,"relics_obtained":["Bloody Idol"]},{"damage_healed":0,"gold_gain":0,"player_choice":"Embrace Madness","damage_taken":9,"max_hp_gain":0,"max_hp_loss":0,"event_name":"Winding Halls","floor":36,"gold_loss":0,"cards_obtained":["Madness","Madness"]},{"damage_healed":0,"gold_gain":0,"player_choice":"2 cards matched","damage_taken":0,"max_hp_gain":0,"max_hp_loss":0,"event_name":"Match and Keep!","floor":38,"gold_loss":0,"cards_obtained":["Buffer","Zap"]},{"damage_healed":0,"gold_gain":0,"player_choice":"Paid","damage_taken":0,"relics_obtained":["Red Mask"],"max_hp_gain":0,"max_hp_loss":0,"event_name":"Tomb of Lord Red Mask","floor":48,"gold_loss":127}],"is_beta":false,"boss_relics":[{"not_picked":["Runic Dome","Ectoplasm"],"picked":"Black Star"},{"not_picked":["Runic Pyramid","Velvet Choker"],"picked":"Nuclear Battery"}],"items_purged_floors":[2,21],"is_endless":false,"potions_floor_spawned":[3,12,14,22,35,39,41,47],"killed_by":"Awakened One","ascension_level":5}}