{"host":"a0d98l75j0h1o085","time":1609865324,"event":{"mods":["AlwaysNeverKeys","BaseMod","Downfall","Highlight Path","Minty Spire (QoL Compilation)","StSLib"],"gold_per_floor":[99,117,130,148,165,194,194,294,294,309,309,309,327,357,376,473,473,473,484,499,514,514,514,514,546,396,396,408,441,441,452,465,569,569,494,504,418,430,449,483,564,664,674,674,688,688,688,700,712,712,712,745,233,233,233],"floor_reached":56,"playtime":10413,"items_purged":["Slimebound:Defend_Slimebound"],"score":1688,"play_id":"5f97c258-70ee-4ad1-b2c2-c6e443a53c10","local_time":"20210105164844","is_ascension_mode":true,"campfire_choices":[{"data":"Slimebound:Split","floor":1.0,"key":"SMITH"},{"data":"Slimebound:DuplicatedForm","floor":9.0,"key":"SMITH"},{"floor":12.0,"key":"REST"},{"data":"Slimebound:Defend_Slimebound","floor":18.0,"key":"SMITH"},{"data":"Slimebound:Defend_Slimebound","floor":23.0,"key":"SMITH"},{"data":"Slimebound:MassRepurpose","floor":26.0,"key":"SMITH"},{"floor":30.0,"key":"RECALL"},{"data":"Slimebound:HauntingLick","floor":35.0,"key":"SMITH"},{"data":"Slimebound:LevelUp","floor":44.0,"key":"SMITH"},{"data":"Slimebound:ComboTackle","floor":46.0,"key":"SMITH"},{"floor":54,"key":"REST"}],"circlet_count":0,"master_deck":["Slimebound:Tackle","Slimebound:Defend_Slimebound+1","Slimebound:Defend_Slimebound+1","Slimebound:Split+1","Slimebound:CorrosiveSpit","Slimebound:FirmFortitude","Slimebound:ComboTackle+1","Slimebound:Grow+1","Slimebound:HauntingLick+1","Slimebound:MassRepurpose+1","Slimebound:SlimeSpikes+1","Slimebound:DuplicatedForm+1","Slimebound:SplitMire+1","Slimebound:SamplingLick+1","Slimebound:Replication+1","Slimebound:SplitBruiser+1","Slimebound:SplitMire+1","Slimebound:SamplingLick+1","Slimebound:SplitAcid+1","Slimebound:ViciousTackle","Slimebound:RollThrough","Slimebound:CheckThePlaybook+1","Slimebound:SplitAcid+1","Slimebound:MegaLick+1","Slimebound:HauntingLick+1","Slimebound:WasteNot+1","CurseOfTheBell","Slimebound:FirmFortitude+1","Slimebound:LeechingTouch+1","Slimebound:Gluttony","Slimebound:LevelUp+1","Slimebound:SplitMire+1","Slimebound:MegaLick+1","Slimebound:Teamwork+1","Slimebound:LeechingTouch+1","Slimebound:SamplingLick+1","Sadistic Nature"],"relics":["Slimebound:AbsorbEndCombat","Toxic Egg 2","Slimebound:MaxSlimesRelic","PreservedInsect","Slimebound:TarBlob","Toy Ornithopter","downfall:HeartBlessingGreen","downfall:HeartBlessingBlue","Darkstone Periapt","Boot","Calling Bell","Blood Vial","Singing Bowl","Unceasing Top","downfall:HeartBlessingRed","Ice Cream","Omamori","Shuriken","Potion Belt","Art of War"],"acts_visited":["Exordium","TheCity","TheBeyond","TheEnding"],"potions_floor_usage":[55,55,55,55],"damage_taken":[{"damage":8.0,"enemies":"Cultist","floor":2.0,"turns":3.0},{"damage":8.0,"enemies":"Jaw Worm","floor":3.0,"turns":3.0},{"damage":11.0,"enemies":"2 Louse","floor":4.0,"turns":3.0},{"damage":21.0,"enemies":"Red Slaver","floor":5.0,"turns":5.0},{"damage":35.0,"enemies":"Gremlin Nob","floor":6.0,"turns":4.0},{"damage":28.0,"enemies":"downfall:Heads","floor":8.0,"turns":5.0},{"damage":17.0,"enemies":"3 Louse","floor":10.0,"turns":3.0},{"damage":17.0,"enemies":"Exordium Thugs","floor":13.0,"turns":3.0},{"damage":26.0,"enemies":"Lagavulin","floor":14.0,"turns":5.0},{"damage":30.0,"enemies":"Lots of Slimes","floor":15.0,"turns":4.0},{"damage":56.0,"enemies":"downfall:Ironclad","floor":16.0,"turns":6.0},{"damage":21.0,"enemies":"Spheric Guardian","floor":19.0,"turns":3.0},{"damage":28.0,"enemies":"Chosen and Byrds","floor":20.0,"turns":3.0},{"damage":64.0,"enemies":"Centurion and Healer","floor":21.0,"turns":4.0},{"damage":45.0,"enemies":"Book of Stabbing","floor":25.0,"turns":3.0},{"damage":12.0,"enemies":"Snake Plant","floor":28.0,"turns":3.0},{"damage":72.0,"enemies":"Gremlin Leader","floor":29.0,"turns":5.0},{"damage":33.0,"enemies":"Shelled Parasite and Fungi","floor":31.0,"turns":3.0},{"damage":30.0,"enemies":"3 Cultists","floor":32.0,"turns":3.0},{"damage":56.0,"enemies":"downfall:Silent","floor":33.0,"turns":5.0},{"damage":18.0,"enemies":"Orb Walker","floor":36.0,"turns":2.0},{"damage":25.0,"enemies":"downfall:FleeingMerchant","floor":37.0,"turns":4.0},{"damage":49.0,"enemies":"3 Darklings","floor":38.0,"turns":3.0},{"damage":30.0,"enemies":"Maw","floor":39.0,"turns":6.0},{"damage":62.0,"enemies":"Giant Head","floor":40.0,"turns":5.0},{"damage":27.0,"enemies":"downfall:LadyInBlue","floor":42.0,"turns":2.0},{"damage":48.0,"enemies":"4 Shapes","floor":43.0,"turns":4.0},{"damage":31.0,"enemies":"Writhing Mass","floor":45.0,"turns":5.0},{"damage":58.0,"enemies":"Transient","floor":48.0,"turns":5.0},{"damage":30.0,"enemies":"Spire Growth","floor":49.0,"turns":4.0},{"damage":70.0,"enemies":"downfall:Defect","floor":50.0,"turns":6.0},{"damage":89.0,"enemies":"downfall:CharBossMerchant","floor":52.0,"turns":5.0},{"damage":50,"enemies":"downfall:NeowBoss","floor":55,"turns":17}],"seed_played":"9024247976974675208","potions_obtained":[{"floor":5.0,"key":"Weak Potion"},{"floor":6.0,"key":"Energy Potion"},{"floor":10.0,"key":"FearPotion"},{"floor":15.0,"key":"Guardian:BlockOnCardUsePotion"},{"floor":19.0,"key":"Fruit Juice"},{"floor":21.0,"key":"Dexterity Potion"},{"floor":25.0,"key":"Fire Potion"},{"floor":29.0,"key":"Slimebound:SlimedPotion"},{"floor":40.0,"key":"Slimebound:ThreeZeroPotion"},{"floor":42.0,"key":"DuplicationPotion"},{"floor":42.0,"key":"LiquidBronze"},{"floor":42.0,"key":"SpeedPotion"},{"floor":43.0,"key":"champ:CounterPotion"},{"floor":45.0,"key":"Slimebound:SlimyTonguePotion"}],"is_trial":false,"path_per_floor":["R","M","M","M","M","E","T","?","R","M","?","R","M","E","M","B",null,"R","M","M","M","?","R","T","E","R","T","M","E","R","M","M","B",null,"R","M","$","M","M","E","T","?","M","R","M","R","?","M","M","B",null,"E","$","R","B",null],"character_chosen":"SLIMEBOUND","items_purchased":["Ice Cream","Slimebound:SamplingLick+1","Art of War","Sadistic Nature","Dexterity Potion","EssenceOfSteel"],"campfire_rested":2,"item_purchase_floors":[37,53,53,53,53,53],"current_hp_per_floor":[60,60,60,59,49,26,26,16,16,13,13,31,38,53,41,32,60,60,64,65,42,42,42,42,36,46,46,75,60,60,75,75,67,81,81,81,81,78,81,81,81,81,81,81,83,83,83,83,85,79,85,42,42,67,85],"gold":233,"neow_bonus":"THREE_CARDS","is_daily":false,"chose_seed":false,"campfire_upgraded":8,"win_rate":0.0,"timestamp":1609865324,"path_taken":["R","M","M","M","?","E","T","?","R","M","?","R","?","E","M","BOSS","R","M","M","M","?","R","T","E","R","?","M","E","R","?","M","BOSS","R","M","$","M","M","E","T","?","M","R","?","R","?","M","M","BOSS","E","$","R","BOSS"],"items_purchased_type":["Relic","Card","Relic","Card","Potion","Potion"],"build_version":"2020-12-22","purchased_purges":1,"victory":true,"max_hp_per_floor":[60,60,60,60,60,60,60,60,60,60,60,60,60,60,60,60,60,60,65,65,65,65,65,65,65,75,75,75,75,75,75,75,75,81,81,81,81,81,81,81,81,81,81,81,83,83,83,83,85,85,85,85,85,85,85],"card_choices":[{"not_picked":["Slimebound:GrowthPunch","Slimebound:RollThrough"],"picked":"Slimebound:FirmFortitude","floor":0.0},{"not_picked":["Slimebound:PressTheAttack","Slimebound:GoopSpray"],"picked":"Slimebound:ComboTackle","floor":2.0},{"not_picked":["Slimebound:SplitAcid","Slimebound:LeechingTouch"],"picked":"Slimebound:Grow","floor":3.0},{"not_picked":["Slimebound:SlimeSpikes","Slimebound:LeechEnergy"],"picked":"Slimebound:HauntingLick","floor":4.0},{"not_picked":["Slimebound:Dissolve","Slimebound:Grow"],"picked":"Slimebound:MassRepurpose","floor":5.0},{"not_picked":["Slimebound:PressTheAttack","Slimebound:MinionMaster"],"picked":"Slimebound:SlimeSpikes+1","floor":6.0},{"not_picked":["Slimebound:SplitLeeching+1","Slimebound:SplitAcid+1"],"picked":"Slimebound:SplitMire+1","floor":8.0},{"not_picked":["Slimebound:FirmFortitude","Slimebound:GrowthPunch"],"picked":"Slimebound:SamplingLick+1","floor":10.0},{"not_picked":["Slimebound:ViciousTackle","Slimebound:SlimeSpikes+1"],"picked":"Slimebound:Replication+1","floor":13.0},{"not_picked":["Slimebound:SlimeBarrage","Slimebound:SpikyOuterGoop"],"picked":"Slimebound:SplitBruiser+1","floor":14.0},{"not_picked":["Slimebound:ViciousTackle","Slimebound:SlimeTap+1"],"picked":"Slimebound:SplitMire+1","floor":15.0},{"not_picked":["Slimebound:DuplicatedForm","Slimebound:DouseInSlime+1"],"picked":"Slimebound:LeechLife","floor":16.0},{"not_picked":["Slimebound:Schlurp+1","Slimebound:DisruptingSlam"],"picked":"Slimebound:SamplingLick+1","floor":19.0},{"not_picked":["Slimebound:TongueLash","Slimebound:GrowthPunch"],"picked":"Slimebound:SplitAcid+1","floor":20.0},{"not_picked":["Slimebound:GrowthPunch+1","Slimebound:FinishingTackle"],"picked":"Slimebound:ViciousTackle","floor":21.0},{"not_picked":["Slimebound:PressTheAttack+1","Slimebound:FinishingTackle"],"picked":"Slimebound:RollThrough","floor":25.0},{"not_picked":["Slimebound:SplitLeeching+1","Slimebound:PressTheAttack"],"picked":"Slimebound:CheckThePlaybook+1","floor":28.0},{"not_picked":["Slimebound:ViciousTackle+1","Slimebound:LivingWall+1"],"picked":"Slimebound:SplitAcid+1","floor":29.0},{"not_picked":["Slimebound:SlimeSpikes+1","Slimebound:FinishingTackle"],"picked":"Slimebound:MegaLick+1","floor":31.0},{"not_picked":["Slimebound:PressTheAttack","Slimebound:BestDefense+1"],"picked":"Slimebound:HauntingLick+1","floor":32.0},{"not_picked":["Slimebound:DuplicatedForm","Slimebound:OneTwoCombo"],"picked":"Slimebound:WasteNot+1","floor":33.0},{"not_picked":["Slimebound:SplitBruiser+1","Slimebound:SplitAcid+1"],"picked":"Slimebound:FirmFortitude+1","floor":36.0},{"not_picked":["Slimebound:SplitLeeching+1","Slimebound:Dissolve+1"],"picked":"Slimebound:LeechingTouch+1","floor":38.0},{"not_picked":["Slimebound:GoopSpray+1","Slimebound:ViciousTackle"],"picked":"Slimebound:Gluttony","floor":39.0},{"not_picked":["Slimebound:ProtectTheBoss","Slimebound:Nibble+1"],"picked":"Slimebound:LevelUp","floor":40.0},{"not_picked":["Slimebound:Schlurp+1","Slimebound:FormOfPuddle+1"],"picked":"Slimebound:SplitMire+1","floor":42.0},{"not_picked":["Slimebound:SplitMire+1","Slimebound:FinishingTackle"],"picked":"Slimebound:MegaLick+1","floor":43.0},{"not_picked":["Slimebound:RollThrough+1","Slimebound:FinishingTackle","Slimebound:SlimeBrawl+1"],"picked":"Singing Bowl","floor":45.0},{"not_picked":["Slimebound:SamplingLick+1","Slimebound:ProtectTheBoss"],"picked":"Slimebound:Teamwork+1","floor":48.0},{"not_picked":["Slimebound:SlimeSpikes+1","Slimebound:PressTheAttack+1","Slimebound:LivingWall+1"],"picked":"Singing Bowl","floor":49.0},{"not_picked":["Slimebound:SplitAcid+1","Slimebound:ViciousTackle+1"],"picked":"Slimebound:LeechingTouch+1","floor":52.0}],"player_experience":850608,"relics_obtained":[{"floor":6.0,"key":"Toxic Egg 2"},{"floor":7.0,"key":"Slimebound:MaxSlimesRelic"},{"floor":14.0,"key":"PreservedInsect"},{"floor":25.0,"key":"Toy Ornithopter"},{"floor":27.0,"key":"Darkstone Periapt"},{"floor":29.0,"key":"Boot"},{"floor":34.0,"key":"Blood Vial"},{"floor":34.0,"key":"Singing Bowl"},{"floor":34.0,"key":"Unceasing Top"},{"floor":40.0,"key":"Omamori"},{"floor":41.0,"key":"Shuriken"},{"floor":42.0,"key":"Potion Belt"}],"event_choices":[{"cards_removed":["Slimebound:Strike_Slimebound"],"damage_healed":0.0,"max_hp_gain":0.0,"max_hp_loss":0.0,"gold_gain":0.0,"event_name":"Purifier","player_choice":"Purged","floor":11.0,"gold_loss":0.0,"damage_taken":0.0},{"cards_removed":["Slimebound:LeechLife"],"damage_healed":0.0,"max_hp_gain":0.0,"max_hp_loss":0.0,"gold_gain":0.0,"event_name":"Purifier","player_choice":"Purged","floor":47.0,"gold_loss":0.0,"damage_taken":0.0}],"is_beta":false,"boss_relics":[{"not_picked":["Sozu","Black Star"],"picked":"Slimebound:TarBlob"},{"not_picked":["Fusion Hammer","Tiny House"],"picked":"Calling Bell"}],"items_purged_floors":[37],"is_endless":false,"potions_floor_spawned":[5,6,10,15,19,21,25,29,33,36,40,43,45],"ascension_level":3}}