{"host":"ikjt6v4q6zrcj3if","time":1609839341,"event":{"mods":["BaseMod","CapriCore","Colored Map","Downfall","Luminous","Minty Spire (QoL Compilation)","Permanent Neow","Quick Restart","Replay The Spire","Robot Space Explorer","Somnambulant","Spicy Shops","StSLib","SuperFastMode","The Exalted","The Marked","The Runesmith","TheSwordswoman","WarShipGirlsR/??è≠èóR mod"],"gold_per_floor":[117,117,140,140,114,114,137,162,162,232,251,251,275,300,300,429,429,414,660,585,341,341,341,384,403,403,31,31,31,31],"floor_reached":29,"playtime":1894,"items_purged":["Runesmith:ChargedHammer","Runesmith:Overpower","Clumsy"],"score":233,"play_id":"24b2c44b-092c-42c7-96b9-22f9faab3077","local_time":"20210105183541","is_ascension_mode":false,"campfire_choices":[{"data":"Runesmith:CraftMagma","floor":6,"key":"SMITH"},{"data":"Runesmith:CreatorForm","floor":12,"key":"SMITH"},{"data":"Runesmith:OneForEveryone","floor":15,"key":"SMITH"},{"data":"Runesmith:Fortify","floor":23,"key":"SMITH"}],"circlet_count":0,"master_deck":["Runesmith:CraftFirestone","Runesmith:Fortify+1","Runesmith:LightningRod","Runesmith:EarthShield","Runesmith:CraftMagma+1","Runesmith:Augment","Runesmith:BackupBattery","Runesmith:CreatorForm+1","Runesmith:OneForEveryone+1","Runesmith:PoweredAnvil","Runesmith:Supernova","Runesmith:CraftIncendium","Runesmith:CraftMedicinae","Runesmith:CraftPrismatica","Runesmith:NanitesCloud","Runesmith:GenerateForcefield","Runesmith:LithiumIon+1","Runesmith:LithiumIon","Runesmith:Repurpose","Runesmith:LithiumIon"],"relics":["Runesmith:BrokenRuby","Bloody Idol","Replay:Bottled Snecko","Runesmith:EmergencyProvisions","Pandora\u0027s Box","Tiny Chest","Toy Ornithopter","Chemical X"],"acts_visited":["Exordium","TheCity"],"potions_floor_usage":[10,18,24,29,29],"damage_taken":[{"damage":2,"enemies":"2 Louse","floor":1,"turns":3},{"damage":2,"enemies":"Small Slimes","floor":3,"turns":5},{"damage":0,"enemies":"Jaw Worm","floor":7,"turns":4},{"damage":0,"enemies":"Blue Slaver","floor":8,"turns":3},{"damage":5,"enemies":"Lagavulin Event","floor":10,"turns":7},{"damage":0,"enemies":"Looter","floor":11,"turns":5},{"damage":0,"enemies":"2 Fungi Beasts","floor":13,"turns":5},{"damage":0,"enemies":"Exordium Thugs","floor":14,"turns":6},{"damage":20,"enemies":"Slime Boss","floor":16,"turns":10},{"damage":10,"enemies":"2 Thieves","floor":18,"turns":4},{"damage":44,"enemies":"Slavers","floor":24,"turns":6},{"damage":0,"enemies":"Spheric Guardian","floor":25,"turns":5},{"damage":23,"enemies":"3 Cultists","floor":29,"turns":3}],"seed_played":"-6368525936637878262","potions_obtained":[{"floor":1,"key":"LiquidBronze"},{"floor":7,"key":"sneckomod:MuddlingPotion"},{"floor":10,"key":"Block Potion"},{"floor":14,"key":"SpeedPotion"},{"floor":18,"key":"Block Potion"},{"floor":22,"key":"Regen Potion"}],"is_trial":false,"path_per_floor":["M","?","M","?","$","R","M","M","T","?","M","R","M","M","R","B",null,"M","?","?","$","?","R","E","M","T","$","?","M"],"character_chosen":"RUNESMITH_CLASS","items_purchased":["Runesmith:CraftMagma","Runesmith:LithiumIon","Runesmith:LithiumIon","Chemical X"],"campfire_rested":0,"item_purchase_floors":[5,21,27,27],"current_hp_per_floor":[68,51,49,54,54,54,54,54,54,49,49,49,49,49,49,29,75,65,47,47,47,47,47,3,3,3,3,3,0,0],"gold":31,"neow_bonus":"THREE_RARE_CARDS","is_daily":false,"chose_seed":false,"campfire_upgraded":4,"win_rate":0.0,"timestamp":1609839341,"path_taken":["M","?","M","?","$","R","M","M","T","?","?","R","M","M","R","BOSS","M","?","?","$","?","R","E","?","T","$","?","M"],"items_purchased_type":["Card","Card","Card","Relic"],"build_version":"2020-12-22","purchased_purges":3,"victory":false,"max_hp_per_floor":[70,70,70,75,75,75,75,75,75,75,75,75,75,75,75,75,75,75,75,75,75,75,75,75,75,75,75,75,75,75],"card_choices":[{"not_picked":["Runesmith:CraftPrismatica","Runesmith:DuctTape"],"picked":"Runesmith:LightningRod","floor":0},{"not_picked":["Runesmith:HeatExchange","Runesmith:Overpower","Runesmith:CraftProtectio"],"picked":"SKIP","floor":1},{"not_picked":["Runesmith:UnstableHammer","Runesmith:Terraform"],"picked":"Runesmith:EarthShield","floor":3},{"not_picked":["Runesmith:EarthShield","Runesmith:Prism"],"picked":"Runesmith:Augment","floor":7},{"not_picked":["Runesmith:StaticCage","Runesmith:HeatedChisel","Runesmith:DoubleUp"],"picked":"SKIP","floor":8},{"not_picked":["Runesmith:UnstableHammer","Runesmith:RuneHurl"],"picked":"Runesmith:BackupBattery","floor":10},{"not_picked":["Runesmith:Grindstone","Runesmith:CraftProtectio"],"picked":"Runesmith:CreatorForm","floor":11},{"not_picked":["Runesmith:HammerThrow","Runesmith:NanitesCloud"],"picked":"Runesmith:OneForEveryone","floor":13},{"not_picked":["Runesmith:RuneHurl","Runesmith:Repurpose"],"picked":"Runesmith:PoweredAnvil","floor":14},{"not_picked":["Runesmith:LastStand","Runesmith:Duplicate"],"picked":"Runesmith:Supernova","floor":16},{"not_picked":["Runesmith:ShiftingStrike","Runesmith:MakeshiftArmor","Runesmith:DoubleUp+1"],"picked":"SKIP","floor":18},{"not_picked":["Runesmith:Grindstone","Runesmith:Accelerate"],"picked":"Runesmith:LithiumIon+1","floor":19},{"not_picked":["Runesmith:EnergizedChisel","Runesmith:CraftIncendium","Runesmith:HeatExchange"],"picked":"SKIP","floor":24},{"not_picked":["Runesmith:BackupBattery","Runesmith:Firestorm"],"picked":"Runesmith:Repurpose","floor":25}],"player_experience":341229,"relics_obtained":[{"floor":9,"key":"Replay:Bottled Snecko"},{"floor":10,"key":"Runesmith:EmergencyProvisions"},{"floor":24,"key":"Tiny Chest"},{"floor":26,"key":"Toy Ornithopter"}],"event_choices":[{"damage_healed":0,"gold_gain":0,"player_choice":"Take Damage","damage_taken":17,"relics_obtained":["Golden Idol"],"max_hp_gain":0,"max_hp_loss":0,"event_name":"Golden Idol","floor":2,"gold_loss":0},{"damage_healed":0,"gold_gain":0,"player_choice":"Donut","damage_taken":0,"max_hp_gain":5,"max_hp_loss":0,"event_name":"Big Fish","floor":4,"gold_loss":0},{"damage_healed":0,"gold_gain":30,"player_choice":"Searched \u00273\u0027 times","damage_taken":0,"max_hp_gain":0,"max_hp_loss":0,"event_name":"Dead Adventurer","floor":10,"gold_loss":0},{"cards_removed":["Runesmith:LastStand"],"damage_healed":0,"gold_gain":0,"player_choice":"Gave Gold","damage_taken":0,"max_hp_gain":0,"max_hp_loss":0,"event_name":"Beggar","floor":20,"gold_loss":75},{"damage_healed":0,"gold_gain":0,"player_choice":"Got Potions","damage_taken":0,"max_hp_gain":0,"max_hp_loss":0,"event_name":"Lab","floor":22,"gold_loss":0},{"damage_healed":0,"gold_gain":0,"player_choice":"Gave Idol","damage_taken":0,"relics_obtained":["Bloody Idol"],"max_hp_gain":0,"max_hp_loss":0,"event_name":"Forgotten Altar","floor":28,"relics_lost":["Golden Idol"],"gold_loss":0}],"is_beta":false,"boss_relics":[{"not_picked":["Replay:Grab Bag","ChewingGum"],"picked":"Pandora\u0027s Box"}],"items_purged_floors":[21,21,27],"is_endless":false,"potions_floor_spawned":[1,7,10,14,18],"killed_by":"3 Cultists","ascension_level":0}}