{"host":"7c402rm0fqc13zvz","time":1609881108,"event":{"mods":["BaseMod","Marisa（F雨　魔理沙）","Minty Spire (QoL Compilation)","Remilia（蕾米莉亚）","StSLib","The Servant 0.9.4","Youmu（魂魄妖梦）","[功能]功能增强和修复MOD"],"gold_per_floor":[118,131,91,91,91,91,127,146,170,170,186,209,249,272,272,396,0,25,41,62,62,52,52,91,91,91,91,91,91,116,156,156,284,284,300,295,318,318,651,651,670,718,741,741,754,781,781,795,795,795],"floor_reached":51,"playtime":2117,"items_purged":["Strike_MRS","Strike_MRS","Strike_MRS","Strike_MRS","Defend_MRS","Defend_MRS","Defend_MRS","Defend_MRS","MachineGunSpark","MasterSpark","BlazeAway"],"score":964,"play_id":"cf1aabf2-2e35-44ec-aeb6-0f062f5e06d2","local_time":"20210106051148","is_ascension_mode":true,"campfire_choices":[{"data":"DarkMatter","floor":6,"key":"SMITH"},{"data":"UltimateShortwave","floor":15,"key":"SMITH"},{"data":"AbsoluteMagnitude","floor":23,"key":"SMITH"},{"data":"StarBarrage","floor":25,"key":"SMITH"},{"data":"MillisecondPulsars","floor":32,"key":"SMITH"},{"data":"MaximisePower","floor":40,"key":"SMITH"},{"data":"JA","floor":44,"key":"SMITH"},{"data":"Acceleration","floor":47,"key":"SMITH"},{"data":"Deep Breath","floor":49,"key":"SMITH"}],"circlet_count":0,"master_deck":["UpSweep+1","StarBarrage+1","DarkMatter+1","ShootTheMoon+1","GrandCross","Parasite","Parasite","Deep Breath+1","UltimateShortwave+1","SporeBomb","OrrerysSun","MysteriousBeam+1","MillisecondPulsars+1","Acceleration+1","EarthLightRay+1","JA+1","AlicesGift","MaximisePower+1","Acceleration+1","GrandCross+1"],"relics":["MiniHakkero","Potion Belt","TheAbacus","ScarletDevilRocket","Bag of Preparation","ShroomBag","Lee\u0027s Waffle","Ice Cream","Anchor","EctoplasmExtend","Mummified Hand","SimpleLauncher","Pear","Bronze Scales","Lizard Tail","MutagenicStrength","HandDrill","Regal Pillow","White Beast Statue","Whetstone","SacredBark","Juzu Bracelet","Girya","Ancient Tea Set","Smiling Mask"],"acts_visited":["Exordium","TheCity","TheBeyond"],"potions_floor_usage":[7,13,16,48,50,50,50,50,50],"damage_taken":[{"damage":5,"enemies":"Cultist","floor":1,"turns":4},{"damage":6,"enemies":"Jaw Worm","floor":2,"turns":4},{"damage":12,"enemies":"Lagavulin","floor":7,"turns":3},{"damage":5,"enemies":"2 Louse","floor":8,"turns":2},{"damage":0,"enemies":"Blue Slaver","floor":11,"turns":1},{"damage":3,"enemies":"3 Louse","floor":12,"turns":2},{"damage":0,"enemies":"Gremlin Nob","floor":13,"turns":2},{"damage":3,"enemies":"Red Slaver","floor":14,"turns":2},{"damage":0,"enemies":"Slime Boss","floor":16,"turns":4},{"damage":0,"enemies":"Spheric Guardian","floor":18,"turns":2},{"damage":0,"enemies":"2 Thieves","floor":19,"turns":2},{"damage":4,"enemies":"Centurion and Healer","floor":20,"turns":4},{"damage":0,"enemies":"Gremlin Leader","floor":24,"turns":2},{"damage":0,"enemies":"Snecko","floor":30,"turns":3},{"damage":12,"enemies":"Book of Stabbing","floor":31,"turns":3},{"damage":12,"enemies":"Collector","floor":33,"turns":3},{"damage":0,"enemies":"3 Shapes","floor":35,"turns":2},{"damage":0,"enemies":"3 Darklings","floor":37,"turns":2},{"damage":3,"enemies":"4 Shapes","floor":41,"turns":2},{"damage":1,"enemies":"2 Orb Walkers","floor":42,"turns":2},{"damage":0,"enemies":"Spire Growth","floor":45,"turns":1},{"damage":4,"enemies":"Reptomancer","floor":46,"turns":2},{"damage":1,"enemies":"Writhing Mass","floor":48,"turns":2},{"damage":8,"enemies":"Donu and Deca","floor":50,"turns":3}],"seed_played":"3125941937066864705","potions_obtained":[{"floor":2,"key":"FearPotion"},{"floor":2,"key":"SpeedPotion"},{"floor":8,"key":"AttackPotion"},{"floor":8,"key":"SpeedPotion"},{"floor":11,"key":"Energy Potion"},{"floor":13,"key":"GamblersBrew"},{"floor":14,"key":"Explosive Potion"},{"floor":16,"key":"ShroomBrew"},{"floor":18,"key":"Fire Potion"},{"floor":19,"key":"LiquidMemories"},{"floor":20,"key":"Strength Potion"},{"floor":31,"key":"PowerPotion"},{"floor":37,"key":"DistilledChaos"},{"floor":48,"key":"Fruit Juice"},{"floor":48,"key":"Energy Potion"}],"is_trial":false,"path_per_floor":["M","M","$","?","?","R","E","M","T","$","M","M","E","M","R","B",null,"M","M","M","?","$","R","E","R","T","?","$","?","M","E","R","B",null,"M","$","M","?","?","R","M","?","T","R","M","E","R","M","R","B",null],"character_chosen":"MARISA","items_purchased":["DarkMatter","AbsoluteMagnitude","Potion Belt","TheAbacus","ShootTheMoon","ShroomBag","Lee\u0027s Waffle","Ice Cream","Deep Breath","Mummified Hand","OrrerysSun","SimpleLauncher","Pear","HandDrill","Regal Pillow","White Beast Statue","MillisecondPulsars","Acceleration","EarthLightRay","Juzu Bracelet","AlicesGift"],"campfire_rested":0,"item_purchase_floors":[3,3,3,3,3,10,10,10,10,22,22,22,22,28,28,28,28,28,28,36,36],"current_hp_per_floor":[70,64,64,64,46,46,34,29,29,82,82,79,82,81,81,81,82,82,82,78,78,88,88,92,92,92,92,92,92,92,80,80,78,92,92,92,92,92,92,92,89,92,92,92,92,90,90,102,102,96],"gold":795,"neow_bonus":"THREE_CARDS","is_daily":false,"chose_seed":false,"campfire_upgraded":9,"win_rate":0.0,"timestamp":1609881108,"path_taken":["M","?","$","?","?","R","E","M","T","?","M","?","E","M","R","BOSS","M","M","M","?","$","R","E","R","T","?","$","?","M","E","R","BOSS","M","$","M","?","?","R","M","?","T","R","M","E","R","M","R","BOSS"],"items_purchased_type":["Card","Card","Relic","Relic","Card","Relic","Relic","Relic","Card","Relic","Card","Relic","Relic","Relic","Relic","Relic","Card","Card","Card","Relic","Card"],"build_version":"2020-12-22","purchased_purges":11,"victory":true,"max_hp_per_floor":[75,75,75,75,75,75,75,75,75,82,82,82,82,82,82,82,82,82,82,82,82,92,92,92,92,92,92,92,92,92,92,92,92,92,92,92,92,92,92,92,92,92,92,92,92,92,92,102,102,102],"card_choices":[{"not_picked":["DoubleSpark","PowerUp"],"picked":"StarBarrage","floor":0},{"not_picked":["ShootingEcho","GrandCross"],"picked":"MachineGunSpark","floor":1},{"not_picked":["WitchOfGreed","AsteroidBelt","EnergyRecoil"],"picked":"SKIP","floor":2},{"not_picked":["RefractionSpark","StarBarrage"],"picked":"BlazeAway","floor":7},{"not_picked":["MagicAbsorber","PowerUp"],"picked":"GrandCross","floor":8},{"not_picked":["GalacticHalo","NonDirectionalLaser","GrandCross"],"picked":"SKIP","floor":11},{"not_picked":["OneTimeOff","StarBarrage","IllusionStar"],"picked":"SKIP","floor":12},{"not_picked":["EnergyRecoil","PowerUp","ShootTheMoon"],"picked":"SKIP","floor":13},{"not_picked":["MagicChant","Occultation"],"picked":"UltimateShortwave","floor":14},{"not_picked":["EnergyRecoil","DeepEcoloBomb"],"picked":"SporeBomb","floor":18},{"not_picked":["MilkyWay","DeepEcoloBomb","DarkSpark"],"picked":"SKIP","floor":19},{"not_picked":["DC","EnergyRecoil","6A"],"picked":"SKIP","floor":20},{"not_picked":["StarBarrage","PowerUp"],"picked":"MysteriousBeam+1","floor":24},{"not_picked":["GravityBeat","WitchLeyline","OpenUniverse"],"picked":"SKIP","floor":30},{"not_picked":["PropBag","SporeBomb","ShootingEcho"],"picked":"SKIP","floor":31},{"not_picked":["CasketOfStar","FinalSpark"],"picked":"JA","floor":33},{"not_picked":["MilkyWay","BlazeAway","Occultation+1"],"picked":"SKIP","floor":35},{"not_picked":["IllusionStar+1","MilkyWay","OneTimeOff+1"],"picked":"SKIP","floor":37},{"not_picked":["IllusionStar+1","MilkyWay","OneTimeOff+1"],"picked":"SKIP","floor":37},{"not_picked":["PowerUp","MilkyWay+1","NonDirectionalLaser"],"picked":"SKIP","floor":41},{"not_picked":["IllusionStar","UnstableBomb+1","WitchOfGreed+1"],"picked":"SKIP","floor":45},{"not_picked":["MagicAbsorber","MagicChant"],"picked":"Acceleration+1","floor":46},{"not_picked":["DarkMatter","NonDirectionalLaser+1"],"picked":"GrandCross+1","floor":48}],"player_experience":20725,"relics_obtained":[{"floor":7,"key":"ScarletDevilRocket"},{"floor":9,"key":"Bag of Preparation"},{"floor":13,"key":"Anchor"},{"floor":24,"key":"Bronze Scales"},{"floor":26,"key":"Lizard Tail"},{"floor":31,"key":"Whetstone"},{"floor":42,"key":"Girya"},{"floor":43,"key":"Ancient Tea Set"},{"floor":46,"key":"Smiling Mask"}],"event_choices":[{"damage_healed":0,"gold_gain":0,"player_choice":"Ignored","damage_taken":0,"max_hp_gain":0,"max_hp_loss":0,"event_name":"Liars Game","floor":4,"gold_loss":0},{"damage_healed":0,"gold_gain":0,"player_choice":"Take Damage","damage_taken":18,"relics_obtained":["Golden Idol"],"max_hp_gain":0,"max_hp_loss":0,"event_name":"Golden Idol","floor":5,"gold_loss":0},{"damage_healed":0,"gold_gain":0,"player_choice":"Ignored","damage_taken":0,"max_hp_gain":0,"max_hp_loss":0,"event_name":"Ghosts","floor":21,"gold_loss":0},{"damage_healed":0,"gold_gain":0,"player_choice":"Inject Mutagens","damage_taken":0,"relics_obtained":["MutagenicStrength"],"max_hp_gain":0,"max_hp_loss":0,"event_name":"Drug Dealer","floor":27,"gold_loss":0},{"damage_healed":0,"gold_gain":0,"player_choice":"Upgraded","damage_taken":0,"max_hp_gain":0,"max_hp_loss":0,"event_name":"Upgrade Shrine","floor":29,"gold_loss":0,"cards_upgraded":["EarthLightRay"]},{"damage_healed":0,"gold_gain":0,"cards_transformed":["AbsoluteMagnitude"],"player_choice":"Transformed","damage_taken":0,"max_hp_gain":0,"max_hp_loss":0,"event_name":"Transmorgrifier","floor":38,"gold_loss":0,"cards_obtained":["MaximisePower"]},{"damage_healed":0,"gold_gain":333,"player_choice":"Gave Idol","damage_taken":0,"max_hp_gain":0,"max_hp_loss":0,"event_name":"The Moai Head","floor":39,"relics_lost":["Golden Idol"],"gold_loss":0},{"damage_healed":0,"gold_gain":0,"player_choice":"Fight","damage_taken":0,"max_hp_gain":0,"max_hp_loss":0,"event_name":"Mysterious Sphere","floor":42,"gold_loss":0}],"is_beta":false,"boss_relics":[{"not_picked":["Velvet Choker","Black Star"],"picked":"EctoplasmExtend"},{"not_picked":["Cursed Key","Fusion Hammer"],"picked":"SacredBark"}],"items_purged_floors":[3,3,3,3,3,3,3,3,22,22,36],"is_endless":false,"potions_floor_spawned":[2,2,8,8,11,13,14,16,18,19,19,20,30,30,31,33,33,35,35,37,41,42,45,45,45,46,48,48,48],"ascension_level":1}}