{"host":"qvm8mnkwg7phaqzl","time":1609830937,"event":{"mods":["2.2 Compatiblity","Act Like it!","Aspiration","Astrologer","Bard","BaseMod","Beaked The Cultist","Better Altar","Better Match","Better Note","Better Sensory Stone","Better Skull","Better Third Choice","CCEM","CapriCore","CatGirl Mod","Chen","Colored Map","Conspire","DeckTracker","Downfall","Elementarium","Friendly Minions","Gensokyo","GifTheSpireLib","Gremlin Mod","Halation","Hermit","Hubris","Koishi","Marisa（霧雨　魔理沙）","Marked Mod","Mathematician","Minty Spire (QoL Compilation)","Onozuka Komachi Mod","Potionbrewer","Random Character Button","Rare Cards Sparkle","Reimu（博??梦）","Replay The Spire","Shade Mod","Somnambulant","StSLib","The Accelerator","The Administrix","The Alterego","The Blackbeard","The Bladedancer","The Bug Knight","The Caster","The Construct","The Cursed","The Disciple","The Dragon Tamer","The Druid","The Elementalist","The Factory","The Florist","The Forsaken","The Gatherer","The Hierophant","The Immortal","The Judge","The Juggle","The Jungle","The Marked","The Mystic","The Necromancer","The Poker Player","The Problem Sleuth","The Runesmith","The Sage","The Servant 0.9.4","The Spell Scribe","The Valiant","The Witch","TheArtist","TheBandit","TheFirefly","Wandering Minibosses","Yakumo Yukari mod","Yuyuko","vexMod","yUi"],"gold_per_floor":[99,116,130,68,177,10,10,20,37,71,71,97,112,112,128,224,224,74,92,92,112,22,22,22,42,42,57,57,10,44,44,57,453,453,378,388,315,315,315,315,342,342,356,372,372,393,393,94,114,314,314,357,78,78,78],"floor_reached":56,"playtime":8639,"items_purged":["hexamod:Strike","hexamod:SixthSeal"],"score":1302,"play_id":"bc84319c-a00f-455b-bea7-63f69a933894","local_time":"20210105011537","is_ascension_mode":false,"campfire_choices":[{"data":"hexamod:Float","floor":1.0,"key":"SMITH"},{"floor":11.0,"key":"RECALL"},{"data":"hexamod:GhostOfSpirePast","floor":18.0,"key":"SMITH"},{"data":"hexamod:RainOfEmbers","floor":28.0,"key":"SMITH"},{"floor":35,"key":"REST"},{"data":"SilverBlades","floor":42,"key":"SMITH"},{"floor":45,"key":"REST"},{"floor":47,"key":"REST"},{"floor":54,"key":"REST"}],"circlet_count":0,"master_deck":["hexamod:Strike","hexamod:Strike","hexamod:Defend","hexamod:Defend","hexamod:Defend","hexamod:Sear","hexamod:Float+1","hexamod:NecessarySacrifice","hexamod:SkipABeat","hexamod:ThermalTransfer","hexamod:SpectersWail+1","hexamod:PhantomFireball","hexamod:ThirdSeal","hexamod:ShieldOfDarkness+1","hexamod:SwordOfDarkness+1","Gensokyo:SummonJeweledCobra","hexamod:EmpoweredFlame","hexamod:GhostOfSpirePast+1","hexamod:GhostflameBarrier+1","hexamod:SpectersWail","hexamod:WildfireWeapon+1","hexamod:SearingWound+1","hexamod:SoulSteal","hexamod:RainOfEmbers+1","hexamod:RetreatToShadows+1","hexamod:PhantomCloak+1","TheWorld","hexamod:RetreatToShadows+1","hexamod:SecondSeal","ShatteredReality+1","hexamod:InspiringFlames","BottledTime","hexamod:ExtraCrispy","SilverBlades+1","hexamod:UnleashSpirits","BestPractice+1","SpecialFormula+1","BottledTime+1","hexamod:RetreatToShadows+1","BottledTime+1","Pot Of Greed","Pot Of Greed","Pot Of Greed","Pot Of Greed"],"relics":["hexamod:SpiritBrand","potionbrewer:Keyblade","Gremlin Horn","theForsaken:ScaryMask","Gensokyo:Companionship","HollowMod:PaleOreRelic","aspiration:ServantSkillbook","downfall:HeartBlessingGreen","downfall:HeartBlessingRed","Gensokyo:SongOfSouls","Replay:Bottled Steam","potionbrewer:WarMedal","Boot","downfall:HeartBlessingBlue","Question Card","potionbrewer:BoosterPack","hubris:MedicalManual","Strawberry","Mango","Grinning Jar"],"acts_visited":["Gensokyo:Gensokyo","Gensokyo:Gensokyoer","Gensokyo:Gensokyoest","TheEnding"],"potions_floor_usage":[33,33,44,46,55,55],"damage_taken":[{"damage":3.0,"enemies":"Gensokyo:3_Fairies","floor":2.0,"turns":4.0},{"damage":0.0,"enemies":"Gensokyo:2_Kodama","floor":3.0,"turns":3.0},{"damage":0.0,"enemies":"downfall:FleeingMerchant","floor":6.0,"turns":4.0},{"damage":0.0,"enemies":"Gensokyo:Python","floor":8.0,"turns":3.0},{"damage":0.0,"enemies":"Gensokyo:5_Fairies","floor":9.0,"turns":3.0},{"damage":8.0,"enemies":"Gensokyo:Mamizou","floor":10.0,"turns":9.0},{"damage":0.0,"enemies":"Gensokyo:Cirno","floor":12.0,"turns":4.0},{"damage":0.0,"enemies":"Gensokyo:LivingMonolith","floor":13.0,"turns":2.0},{"damage":4.0,"enemies":"Gensokyo:CorruptedTreant","floor":15.0,"turns":3.0},{"damage":29.0,"enemies":"downfall:Defect","floor":16.0,"turns":6.0},{"damage":0.0,"enemies":"Gensokyo:2_Gloops","floor":19.0,"turns":3.0},{"damage":0.0,"enemies":"Gensokyo:Chomper","floor":21.0,"turns":2.0},{"damage":0.0,"enemies":"downfall:FleeingMerchant","floor":22.0,"turns":4.0},{"damage":0.0,"enemies":"Gensokyo:Wraith","floor":25.0,"turns":3.0},{"damage":2.0,"enemies":"Gensokyo:Slime_Group","floor":27.0,"turns":4.0},{"damage":9,"enemies":"Gensokyo:Koishi","floor":30,"turns":4},{"damage":3,"enemies":"Gensokyo:Chomper_and_Gloop","floor":32,"turns":4},{"damage":0,"enemies":"downfall:Silent","floor":33,"turns":5},{"damage":3,"enemies":"Gensokyo:AncientGuardian","floor":36,"turns":5},{"damage":0,"enemies":"downfall:FleeingMerchant","floor":37,"turns":4},{"damage":0,"enemies":"Gensokyo:3_Boulders","floor":43,"turns":4},{"damage":37,"enemies":"Gensokyo:Rafflesia","floor":44,"turns":6},{"damage":0,"enemies":"Gensokyo:AtlasGolem","floor":46,"turns":4},{"damage":0,"enemies":"Gensokyo:Sharpion","floor":49,"turns":4},{"damage":15,"enemies":"downfall:Ironclad","floor":50,"turns":8},{"damage":34,"enemies":"downfall:CharBossMerchant","floor":52,"turns":8},{"damage":29,"enemies":"downfall:NeowBoss","floor":55,"turns":26}],"seed_played":"3976020085506757733","potions_obtained":[{"floor":2.0,"key":"hexamod:DoubleChargePotion"},{"floor":8.0,"key":"champ:CounterPotion"},{"floor":9.0,"key":"Elixir"},{"floor":15.0,"key":"Block Potion"},{"floor":19.0,"key":"Fire Potion"},{"floor":25.0,"key":"potionbrewer:DiscountPotion"},{"floor":32,"key":"Toxic Potion"},{"floor":43,"key":"potionbrewer:DiscountPotion"},{"floor":44,"key":"hexamod:EctoCoolerPotion"},{"floor":52,"key":"potionbrewer:BarricadePotion"}],"is_trial":false,"path_per_floor":["R_BF","M","M","COS","?","$","T","M","M","E","R","E","M","?","M","B",null,"R","M","?","M","$","?","T","M","T","M","R","COS","E","?","M","B",null,"R","M","$","?","?","?","T","R","M","M","R","M","R","$","M","B",null,"E","$","R","B",null],"character_chosen":"THE_SPIRIT","items_purchased":["potionbrewer:Keyblade","Question Card","potionbrewer:BoosterPack","Mango","conspire:TimeTravelPotion","Venom Potion"],"campfire_rested":4,"item_purchase_floors":[6,37,37,48,53,53],"current_hp_per_floor":[63,60,60,60,53,53,53,53,53,45,45,45,45,45,41,12,63,63,63,63,63,63,63,63,63,63,61,61,61,52,52,49,49,58,68,65,65,38,38,42,49,49,49,12,34,34,56,70,70,63,89,55,55,81,52],"gold":78,"neow_bonus":"TRANSFORM_TWO_CARDS","is_daily":false,"chose_seed":false,"campfire_upgraded":4,"win_rate":0.0,"timestamp":1609830937,"path_taken":["R_BF","M","M","COS","?","$","T","M","M","E","R","E","?","?","M","BOSS","R","M","?","M","$","?","T","M","?","?","R","COS","E","?","M","BOSS","R","M","$","?","?","?","T","R","M","?","R","M","R","$","M","BOSS","E","$","R","BOSS"],"items_purchased_type":["Relic","Relic","Relic","Relic","Potion","Potion"],"build_version":"2020-12-22","purchased_purges":2,"victory":true,"max_hp_per_floor":[63,63,63,63,63,63,63,63,63,63,63,63,63,63,63,63,63,63,63,63,63,63,63,63,63,63,63,63,63,63,58,58,58,58,68,68,68,68,68,68,75,75,75,75,75,75,75,89,89,89,89,89,89,89,89],"card_choices":[{"not_picked":["hexamod:RecurringNightmare","hexamod:InspiringFlames"],"picked":"hexamod:ThermalTransfer","floor":2.0},{"not_picked":["hexamod:Again","hexamod:BacktrackSmack"],"picked":"hexamod:SpectersWail","floor":3.0},{"not_picked":["hexamod:GhostOfSpirePast","hexamod:AdvancingGuard"],"picked":"hexamod:PhantomFireball","floor":6.0},{"not_picked":["hexamod:Hexaguard","hexamod:GhostLash"],"picked":"hexamod:ThirdSeal","floor":8.0},{"not_picked":["hexamod:FastForward","hexamod:InspiringFlames"],"picked":"hexamod:ShieldOfDarkness","floor":9.0},{"not_picked":["hexamod:HauntingEcho","hexamod:GhostOfSpireFuture"],"picked":"hexamod:SwordOfDarkness","floor":9.0},{"not_picked":["hexamod:Again","hexamod:ChargedBarrage"],"picked":"hexamod:EmpoweredFlame","floor":10.0},{"not_picked":["hexamod:HeatCrush","hexamod:ShieldOfDarkness"],"picked":"hexamod:GhostOfSpirePast","floor":10.0},{"not_picked":["hexamod:UnleashSpirits","hexamod:HeatCrush"],"picked":"hexamod:GhostflameBarrier","floor":12.0},{"not_picked":["hexamod:ShieldOfDarkness","hexamod:InspiringFlames"],"picked":"hexamod:SpectersWail","floor":12.0},{"not_picked":["hexamod:SpectersWail","hexamod:Firestarter","hexamod:BacktrackSmack"],"picked":"SKIP","floor":13.0},{"not_picked":["hexamod:ThermalTransfer","hexamod:FastForward"],"picked":"hexamod:WildfireWeapon","floor":14.0},{"not_picked":["hexamod:GhostLash","hexamod:NightmareGuise","hexamod:ExtraCrispy"],"picked":"SKIP","floor":15.0},{"not_picked":["hexamod:BacktrackSmack","hexamod:EmpoweredFlame","hexamod:NightmareStrike"],"picked":"SKIP","floor":15.0},{"not_picked":["hexamod:TimeWarp","hexamod:GhostflameInferno"],"picked":"hexamod:SixthSeal","floor":16.0},{"not_picked":["hexamod:UnleashSpirits","hexamod:EmpoweringStance"],"picked":"hexamod:SearingWound","floor":16.0},{"not_picked":["TimeWarp","DancingSilver","Foresight","hexamod:GhostShield"],"picked":"SKIP","floor":19.0},{"not_picked":["Potential","hexamod:FastForward","Comet","Reset+1"],"picked":"SKIP","floor":19.0},{"not_picked":["Shuttle+1","Manipulate","DualDimension","hexamod:EtherealExpedition+1"],"picked":"SKIP","floor":21.0},{"not_picked":["hexamod:GhostOfSpirePresent","Contraction+1","hexamod:FastForward","Defy+1"],"picked":"SKIP","floor":21.0},{"not_picked":["hexamod:HeatMetal","DualDimension+1","ShiftingGears"],"picked":"hexamod:RainOfEmbers","floor":22.0},{"not_picked":["hexamod:CatchUp","InstantArmor","hexamod:AdvancingGuard","FlawlessForm"],"picked":"SKIP","floor":22.0},{"not_picked":["Spin","hexamod:InspiringFlames","hexamod:PhantomFireball","hexamod:SpectersWail"],"picked":"SKIP","floor":25.0},{"not_picked":["hexamod:GhostOfSpireFuture+1","Moondial","hexamod:HeatCrush","hexamod:DynamicBlow"],"picked":"SKIP","floor":25.0},{"not_picked":["hexamod:RainOfEmbers","StarChef+1","Hightail"],"picked":"hexamod:RetreatToShadows+1","floor":27.0},{"not_picked":["hexamod:SpectersWail","hexamod:BacktrackSmack","Starlight","Ricochet"],"picked":"SKIP","floor":27.0},{"not_picked":["Reset","hexamod:FastForward","hexamod:Firestarter","RealityMarble"],"picked":"SKIP","floor":30},{"not_picked":["hexamod:FastForward","Orbit+1","Sunlight"],"picked":"hexamod:PhantomCloak+1","floor":32},{"not_picked":["hexamod:HauntingEcho","Alleviate+1","WasteNot","Ricochet"],"picked":"SKIP","floor":32},{"not_picked":["hexamod:UnleashSpirits","hexamod:TurnItUp","LightFlow"],"picked":"TheWorld","floor":33},{"not_picked":["DancingSilver+1","Deadline","Rewind"],"picked":"hexamod:RetreatToShadows","floor":36},{"not_picked":["Sabotage+1","TimeWarp","hexamod:CatchUp","Defy+1"],"picked":"SKIP","floor":36},{"not_picked":["hexamod:SwordOfDarkness","PendulumOfEternity","InstantArmor+1"],"picked":"hexamod:SecondSeal","floor":37},{"not_picked":["BottledTime","hexamod:NightmareStrike+1","Replace","hexamod:Again"],"picked":"BestPractice+1","floor":43},{"not_picked":["hexamod:Again","hexamod:RainOfEmbers+1","hexamod:NightmareStrike","Unruled","Defy"],"picked":"SKIP","floor":43},{"not_picked":["hexamod:HeatShield+1","hexamod:EmpoweredFlame","hexamod:GhostShield+1","SilverBlades"],"picked":"SpecialFormula","floor":44},{"not_picked":["Revamp","hexamod:SpectersWail+1","FastForward","hexamod:AdvancingGuard","Rearm+1"],"picked":"SKIP","floor":44},{"not_picked":["hexamod:NightmareGuise+1","hexamod:SkipABeat+1","hexamod:BacktrackSmack+1","hexamod:HeatMetal"],"picked":"BottledTime+1","floor":46},{"not_picked":["hexamod:SwordOfDarkness+1","Deadline","LightFlow","Rewind","hexamod:GhostOfSpirePast"],"picked":"SKIP","floor":46},{"not_picked":["Replace+1","TimeWarp","Ricochet+1","hexamod:BacktrackSmack"],"picked":"hexamod:RetreatToShadows+1","floor":49},{"not_picked":["hexamod:TimeWarp","hexamod:GhostLash","hexamod:FourthSeal","Alleviate"],"picked":"BottledTime+1","floor":49},{"not_picked":["Unruled","Potential+1","BestPractice+1","hexamod:RainOfEmbers+1","Defy"],"picked":"SKIP","floor":52},{"not_picked":["hexamod:SpectersWail+1","Alleviate+1","Defy","hexamod:FirstSeal","MurderousAura"],"picked":"SKIP","floor":52}],"player_experience":640597,"relics_obtained":[{"floor":7.0,"key":"Gremlin Horn"},{"floor":10.0,"key":"theForsaken:ScaryMask"},{"floor":12.0,"key":"HollowMod:PaleOreRelic"},{"floor":26.0,"key":"Replay:Bottled Steam"},{"floor":30,"key":"potionbrewer:WarMedal"},{"floor":41,"key":"Strawberry"},{"floor":52,"key":"Grinning Jar"}],"event_choices":[{"damage_healed":0.0,"max_hp_gain":0.0,"max_hp_loss":0.0,"gold_gain":109.0,"event_name":"betterSkull:BetterSkull","player_choice":"GO ","floor":5.0,"gold_loss":0.0,"damage_taken":8.0,"cards_upgraded":[],"relics_obtained":[]},{"damage_healed":4,"gold_gain":0,"player_choice":"LEAVE ","damage_taken":0,"relics_obtained":[],"max_hp_gain":0,"max_hp_loss":0,"event_name":"betterSkull:BetterSkull","floor":40,"gold_loss":0,"cards_upgraded":[]}],"is_beta":false,"boss_relics":[{"not_picked":["aspiration:RunicSpoon","Replay:Bronze Core"],"picked":"aspiration:ServantSkillbook"},{"not_picked":["hubris:RunicObelisk","aspiration:PoetsPen_weak","halation:ForbiddenBikini"]}],"items_purged_floors":[22,53],"is_endless":false,"potions_floor_spawned":[2,8,9,15,19,25,32,43,44,52],"ascension_level":0}}