{"host":"p1xsuo25udtrkbq2","time":1609832592,"event":{"mods":["BaseMod","Colored Map","Minty Spire (QoL Compilation)","Rare Cards Sparkle","Relic Stats","Slay the Relics Exporter","StSLib","everything is the same but u backflip on backflip"],"gold_per_floor":[109,109,130,130,145,145,13,49,49,92,122,136,159,193,193,312,312,325,338,363,388,4,4,24,24,24,24,49,67,67,107,107,236,236,250,250,98,431,70,70,102,117,117,132,150,180,194,220,220,220,220,220,38,66,66],"floor_reached":56,"playtime":7613,"items_purged":["Strike_R","Writhe","Doubt"],"score":2022,"play_id":"845a04e9-10f2-4c98-85da-044516afef63","local_time":"20210105024312","is_ascension_mode":true,"campfire_choices":[{"data":"Feed","floor":6.0,"key":"SMITH"},{"data":"Immolate","floor":15.0,"key":"SMITH"},{"data":"Apotheosis","floor":23.0,"key":"SMITH"},{"data":"Inflame","floor":25.0,"key":"SMITH"},{"data":"Dark Embrace","floor":27.0,"key":"SMITH"},{"data":"Brutality","floor":32.0,"key":"SMITH"},{"data":"Shockwave","floor":40,"key":"SMITH"},{"floor":49,"key":"RECALL"},{"data":"Corruption","floor":52,"key":"SMITH"}],"circlet_count":0,"master_deck":["AscendersBane","Strike_R","Defend_R","Defend_R","Defend_R","Defend_R","Bash","Feed+1","Anger","Immolate+1","Pommel Strike","Shockwave+1","Burning Pact","Metallicize","Power Through","Impervious","Inflame+1","Reckless Charge","Headbutt+1","Cleave+1","Apotheosis+1","Immolate","Reaper","Shrug It Off+1","Disarm","Brutality+1","Brutality","Wild Strike+1","Brutality+1","Seeing Red+1","True Grit","Spot Weakness+1","True Grit+1","Shame","Shrug It Off+1","Corruption+1","Dark Shackles"],"relics":["Burning Blood","Gremlin Horn","HornCleat","Ginger","TungstenRod","Cursed Key","Sundial","Art of War","Tiny Chest","Astrolabe","Toolbox","Dead Branch","Mummified Hand","Bag of Marbles","War Paint"],"acts_visited":["Exordium","TheCity","TheBeyond","TheEnding"],"potions_floor_usage":[33,41,55,55,55],"damage_taken":[{"damage":1.0,"enemies":"Small Slimes","floor":1.0,"turns":3.0},{"damage":1.0,"enemies":"2 Louse","floor":3.0,"turns":3.0},{"damage":7.0,"enemies":"Jaw Worm","floor":5.0,"turns":2.0},{"damage":20.0,"enemies":"3 Sentries","floor":8.0,"turns":4.0},{"damage":15.0,"enemies":"Lagavulin","floor":10.0,"turns":6.0},{"damage":0.0,"enemies":"2 Fungi Beasts","floor":12.0,"turns":1.0},{"damage":0.0,"enemies":"3 Louse","floor":13.0,"turns":1.0},{"damage":0.0,"enemies":"Gremlin Nob","floor":14.0,"turns":2.0},{"damage":64.0,"enemies":"The Guardian","floor":16.0,"turns":14.0},{"damage":19.0,"enemies":"Shell Parasite","floor":18.0,"turns":7.0},{"damage":0.0,"enemies":"Chosen","floor":19.0,"turns":5.0},{"damage":3.0,"enemies":"Snecko","floor":20.0,"turns":7.0},{"damage":0.0,"enemies":"Centurion and Healer","floor":21.0,"turns":5.0},{"damage":6.0,"enemies":"Shelled Parasite and Fungi","floor":24.0,"turns":5.0},{"damage":4.0,"enemies":"Snecko","floor":28.0,"turns":4.0},{"damage":3.0,"enemies":"Centurion and Healer","floor":29.0,"turns":5.0},{"damage":0.0,"enemies":"Gremlin Leader","floor":31.0,"turns":3.0},{"damage":46,"enemies":"Automaton","floor":33,"turns":11},{"damage":31,"enemies":"Orb Walker","floor":35,"turns":4},{"damage":36,"enemies":"Giant Head","floor":41,"turns":6},{"damage":1,"enemies":"3 Darklings","floor":42,"turns":2},{"damage":10,"enemies":"Maw","floor":44,"turns":6},{"damage":3,"enemies":"Writhing Mass","floor":45,"turns":4},{"damage":49,"enemies":"Nemesis","floor":46,"turns":9},{"damage":1,"enemies":"4 Shapes","floor":47,"turns":2},{"damage":7,"enemies":"Giant Head","floor":48,"turns":3},{"damage":16,"enemies":"Awakened One","floor":50,"turns":5},{"damage":40,"enemies":"Shield and Spear","floor":54,"turns":5},{"damage":38,"enemies":"The Heart","floor":55,"turns":5}],"seed_played":"-5846786556427955877","potions_obtained":[{"floor":1.0,"key":"Fire Potion"},{"floor":10.0,"key":"Fire Potion"},{"floor":18.0,"key":"ElixirPotion"},{"floor":19.0,"key":"SpeedPotion"},{"floor":28.0,"key":"Ancient Potion"},{"floor":33,"key":"CultistPotion"},{"floor":46,"key":"FearPotion"},{"floor":47,"key":"BloodPotion"}],"is_trial":false,"path_per_floor":["M","?","M","?","M","R","$","E","T","E","?","M","M","E","R","B",null,"M","M","M","M","$","R","M","R","T","R","M","M","?","E","R","B",null,"M","?","$","?","$","R","E","M","T","M","M","E","M","E","R","B",null,"R","$","E","B",null],"character_chosen":"IRONCLAD","items_purchased":["Shockwave","FearPotion","Apotheosis","Immolate","PowerPotion","Spot Weakness","Toolbox","Dark Shackles","EntropicBrew"],"campfire_rested":0,"item_purchase_floors":[7,7,22,22,37,39,39,53,53],"current_hp_per_floor":[80,77,80,85,87,87,87,77,77,68,68,74,80,90,90,32,80,67,73,80,90,90,90,94,94,94,94,100,114,114,120,120,84,114,97,97,97,97,97,97,92,97,97,109,112,93,102,114,114,148,148,148,148,140,108],"gold":66,"neow_bonus":"ONE_RANDOM_RARE_CARD","is_daily":false,"chose_seed":false,"campfire_upgraded":8,"win_rate":0.0,"timestamp":1609832592,"path_taken":["M","?","M","?","M","R","$","E","T","E","?","?","M","E","R","BOSS","M","M","M","M","$","R","M","R","T","R","M","M","?","E","R","BOSS","M","?","$","?","?","R","E","M","T","M","M","E","M","E","R","BOSS","R","$","E","BOSS"],"items_purchased_type":["Card","Potion","Card","Card","Potion","Card","Relic","Card","Potion"],"build_version":"2020-12-22","purchased_purges":3,"victory":true,"max_hp_per_floor":[83,77,80,85,88,88,88,92,92,92,92,92,92,96,96,96,96,96,96,100,104,104,104,108,108,108,108,112,116,116,120,120,124,124,128,128,128,128,128,128,132,132,132,136,136,136,140,144,144,148,148,148,148,148,148],"relic_stats":{"Gremlin Horn":[16,16],"counters":[29,139],"Astrolabe":["Wild Strike","Brutality","Seeing Red"],"Dead Branch":[205],"Ginger":[19],"War Paint":["Shrug It Off","Spot Weakness"],"Cursed Key":2,"Burning Blood":163,"Sundial":[4],"Mummified Hand":[67],"Tiny Chest":0,"Art of War":[4],"obtain_stats":[{"Gremlin Horn":8,"Golden Idol":2,"Astrolabe":34,"Dead Branch":41,"Ginger":10,"War Paint":54,"Cursed Key":17,"Burning Blood":0,"HornCleat":9,"Sundial":26,"Mummified Hand":46,"Toolbox":39,"Tiny Chest":31,"Art of War":30,"Bag of Marbles":48,"TungstenRod":14},{"Gremlin Horn":4,"Golden Idol":1,"Astrolabe":18,"Dead Branch":20,"Ginger":5,"War Paint":28,"Cursed Key":9,"Burning Blood":0,"HornCleat":4,"Sundial":14,"Mummified Hand":24,"Toolbox":19,"Tiny Chest":17,"Art of War":16,"Bag of Marbles":26,"TungstenRod":8},{"Gremlin Horn":12,"Golden Idol":3,"Astrolabe":88,"Dead Branch":98,"Ginger":18,"War Paint":134,"Cursed Key":36,"Burning Blood":0,"HornCleat":12,"Sundial":65,"Mummified Hand":119,"Toolbox":92,"Tiny Chest":77,"Art of War":74,"Bag of Marbles":124,"TungstenRod":22}],"TungstenRod":120},"card_choices":[{"not_picked":["Reckless Charge","Iron Wave"],"picked":"Anger","floor":1.0},{"not_picked":["Entrench","Body Slam"],"picked":"Immolate","floor":3.0},{"not_picked":["Blood for Blood","Anger"],"picked":"Pommel Strike","floor":5.0},{"not_picked":["Shockwave","Perfected Strike","Sword Boomerang"],"picked":"SKIP","floor":8.0},{"not_picked":["Hemokinesis","Rupture"],"picked":"Burning Pact","floor":10.0},{"not_picked":["Cleave","Uppercut"],"picked":"Metallicize","floor":12.0},{"not_picked":["Perfected Strike","Havoc"],"picked":"Dark Embrace","floor":13.0},{"not_picked":["Anger","Pommel Strike"],"picked":"Power Through","floor":14.0},{"not_picked":["Exhume","Bludgeon"],"picked":"Impervious","floor":16.0},{"not_picked":["Clash+1","Iron Wave"],"picked":"Inflame","floor":18.0},{"not_picked":["Twin Strike","Whirlwind"],"picked":"Reckless Charge","floor":19.0},{"not_picked":["Anger","Pommel Strike"],"picked":"Headbutt+1","floor":20.0},{"not_picked":["Iron Wave","Sword Boomerang"],"picked":"Cleave+1","floor":21.0},{"not_picked":["Dropkick","Body Slam"],"picked":"Reaper","floor":24.0},{"not_picked":["Clash+1","Burning Pact+1"],"picked":"Shrug It Off","floor":28.0},{"not_picked":["Warcry","Twin Strike+1"],"picked":"Disarm","floor":29.0},{"not_picked":["Bludgeon","Evolve"],"picked":"Brutality","floor":31.0},{"not_picked":["Barricade","Feed"],"picked":"Brutality","floor":33},{"not_picked":["Infernal Blade","Sentinel+1"],"picked":"True Grit","floor":35},{"not_picked":["Sword Boomerang","Armaments+1"],"picked":"True Grit+1","floor":41},{"not_picked":["Flex+1","Power Through+1","Sword Boomerang"],"picked":"SKIP","floor":42},{"not_picked":["Headbutt","Whirlwind","Wild Strike+1"],"picked":"SKIP","floor":44},{"not_picked":["Reckless Charge+1","Shrug It Off+1","Sword Boomerang"],"picked":"SKIP","floor":45},{"not_picked":["Uppercut","Dropkick"],"picked":"Shrug It Off+1","floor":46},{"not_picked":["Evolve+1","Clothesline+1"],"picked":"Corruption","floor":47},{"not_picked":["Warcry+1","Fire Breathing+1","Berserk"],"picked":"SKIP","floor":48},{"not_picked":["Heavy Blade+1","Cleave+1","Flame Barrier"],"picked":"SKIP","floor":54}],"player_experience":856222,"relics_obtained":[{"floor":8.0,"key":"Gremlin Horn"},{"floor":9.0,"key":"HornCleat"},{"floor":10.0,"key":"Ginger"},{"floor":14.0,"key":"TungstenRod"},{"floor":26.0,"key":"Sundial"},{"floor":31.0,"key":"Tiny Chest"},{"floor":41,"key":"Dead Branch"},{"floor":46,"key":"Mummified Hand"},{"floor":48,"key":"Bag of Marbles"},{"floor":54,"key":"War Paint"}],"event_choices":[{"damage_healed":0.0,"max_hp_gain":0.0,"max_hp_loss":6.0,"gold_gain":0.0,"event_name":"Golden Idol","player_choice":"Lose Max HP","floor":2.0,"gold_loss":0.0,"damage_taken":0.0,"relics_obtained":["Golden Idol"]},{"damage_healed":0.0,"max_hp_gain":5.0,"max_hp_loss":0.0,"gold_gain":0.0,"event_name":"Big Fish","player_choice":"Donut","floor":4.0,"gold_loss":0.0,"damage_taken":0.0},{"damage_healed":0.0,"max_hp_gain":0.0,"max_hp_loss":0.0,"gold_gain":30.0,"event_name":"Dead Adventurer","player_choice":"Searched \u00272\u0027 times","floor":11.0,"gold_loss":0.0,"damage_taken":0.0},{"damage_healed":0.0,"max_hp_gain":0.0,"max_hp_loss":0.0,"gold_gain":0.0,"event_name":"The Mausoleum","player_choice":"Opened","floor":30.0,"gold_loss":0.0,"damage_taken":0.0,"relics_obtained":["Art of War"],"cards_obtained":["Writhe"]},{"cards_removed":["Dark Embrace"],"damage_healed":0,"gold_gain":0,"player_choice":"Removed Power","damage_taken":0,"max_hp_gain":0,"max_hp_loss":0,"event_name":"Falling","floor":36,"gold_loss":0},{"damage_healed":0,"gold_gain":333,"player_choice":"Gave Idol","damage_taken":0,"max_hp_gain":0,"max_hp_loss":0,"event_name":"The Moai Head","floor":38,"relics_lost":["Golden Idol"],"gold_loss":0}],"is_beta":false,"boss_relics":[{"not_picked":["Calling Bell","Black Star"],"picked":"Cursed Key"},{"not_picked":["Black Blood","Busted Crown"],"picked":"Astrolabe"}],"items_purged_floors":[22,37,39],"is_endless":false,"potions_floor_spawned":[1,10,12,13,18,19,28,31,33,35,46,47,48],"ascension_level":11}}