{"host":"bxdue9bkfm2khp2x","time":1609862509,"event":{"mods":["ATMod(阿瑾Mod)","Aspiration","BaseMod","Better Vampires","Challenge The Spire","Colored Powertips","Conspire","Decade(王小明)","Dota2Spire","Highlight Path","Minty Spire (QoL Compilation)","MostiFishMod","Replay The Spire","RumiaBox-露米娅的神秘盒子","Spicy Shops","StSLib","Td1madao Mod","The Alterego","The Cursed","WarShipGirlsR/战舰少女R mod","noobMod","vexMod","【功能Mod】混沌之环修复补丁","【遗物卡牌】REMEMod","篝火指南"],"gold_per_floor":[111,111,60,75,87,87,104,104,128,128,157,207,5,25,25,101,101,111,11,28,28,28,28,39,39,39,51,64,64,0,30,30,109,109,123,152,172,183,183,183,58,58,58,87,87,104,104,104,104,104,104],"floor_reached":52,"playtime":3881,"items_purged":["Strike_C","Defend_C","Strike_C+1"],"score":1196,"play_id":"961317cc-c669-4994-adb6-0f140a1eebba","local_time":"20210106000149","is_ascension_mode":true,"campfire_choices":[{"data":"Twin Teeth","floor":6.0,"key":"SMITH"},{"data":"Provocative","floor":8.0,"key":"SMITH"},{"data":"Reinforcement Parts","floor":10.0,"key":"SMITH"},{"data":"Afterwards","floor":15.0,"key":"SMITH"},{"data":"Cooling Song","floor":23.0,"key":"SMITH"},{"data":"AT_Desolate","floor":25.0,"key":"SMITH"},{"data":"Defend_C","floor":29.0,"key":"SMITH"},{"data":"Strike_C","floor":32.0,"key":"SMITH"},{"data":"Energy Supply","floor":40.0,"key":"SMITH"},{"data":"Here Defend Chip+7","floor":42.0,"key":"SMITH"},{"data":"Here Defend Chip+9","floor":47.0,"key":"SMITH"},{"data":"REME_Flogging","floor":49.0,"key":"SMITH"}],"circlet_count":0,"master_deck":["AscendersBane","Strike_C+1","Strike_C+1","Defend_C+1","Defend_C+1","Defend_C+1","Knight Kick+1","Chip+1","Reinforcement Parts+1","AT_Desolate+1","Deep Breath+1","Here Defend Chip+12","Provocative+1","Twin Teeth+1","Cooling Song+1","Defend System+1","Afterwards+1","Cooling Song+1","Im Angry+1","Transfer Energy+1","Lore+1","AbeCurse","Furious+1","Energy Supply+1","Twin Teeth+1","Bursts+1","REME_Flogging+1"],"relics":["Apod","DaveBox","REME_ComplimentaryCards","ice","AT_ATBox","DSteel32","SynthV:TestCard","vexMod:BarristanHead","Molten Egg 2","Snack Pack","Replay:Rubber Ducky","AT_TrinityForce","AT_ArchangelStaff","AT_DeathDance","Dota2Spire:Butterfly"],"acts_visited":["Exordium","TheCity","TheBeyond"],"potions_floor_usage":[50],"damage_taken":[{"damage":0.0,"enemies":"2 Louse","floor":1.0,"turns":3.0},{"damage":0.0,"enemies":"Jaw Worm","floor":4.0,"turns":6.0},{"damage":3.0,"enemies":"Cultist","floor":5.0,"turns":4.0},{"damage":7.0,"enemies":"Exordium Wildlife","floor":7.0,"turns":4.0},{"damage":11.0,"enemies":"Lagavulin","floor":11.0,"turns":5.0},{"damage":10.0,"enemies":"3 Louse","floor":14.0,"turns":4.0},{"damage":0.0,"enemies":"Slime Boss","floor":16.0,"turns":7.0},{"damage":6.0,"enemies":"Spheric Guardian","floor":18.0,"turns":5.0},{"damage":16.0,"enemies":"Shell Parasite","floor":20.0,"turns":4.0},{"damage":1.0,"enemies":"Snecko","floor":24.0,"turns":8.0},{"damage":23.0,"enemies":"Snake Plant","floor":27.0,"turns":3.0},{"damage":7.0,"enemies":"Shelled Parasite and Fungi","floor":28.0,"turns":6.0},{"damage":0.0,"enemies":"Book of Stabbing","floor":31.0,"turns":4.0},{"damage":10.0,"enemies":"Pondfish","floor":33.0,"turns":12.0},{"damage":0.0,"enemies":"3 Shapes","floor":35.0,"turns":4.0},{"damage":3.0,"enemies":"conspire:MimicChest","floor":36.0,"turns":6.0},{"damage":0.0,"enemies":"Orb Walker","floor":37.0,"turns":3.0},{"damage":0.0,"enemies":"Sphere and 2 Shapes","floor":38.0,"turns":7.0},{"damage":0.0,"enemies":"Nemesis","floor":44.0,"turns":5.0},{"damage":0.0,"enemies":"Spire Growth","floor":46.0,"turns":5.0},{"damage":0,"enemies":"Replay:Hell Engine","floor":50,"turns":12},{"damage":16,"enemies":"conspire:OrnateMirror","floor":51,"turns":6}],"seed_played":"6437728122596047386","potions_obtained":[{"floor":4.0,"key":"Weak Potion"},{"floor":7.0,"key":"FearPotion"},{"floor":11.0,"key":"AttackPotion"},{"floor":16.0,"key":"conspire:TimeTravelPotion"},{"floor":20.0,"key":"FearPotion"},{"floor":24.0,"key":"Explosive Potion"},{"floor":28.0,"key":"Block Potion"},{"floor":31.0,"key":"Flashbang"},{"floor":46.0,"key":"LiquidMemories"}],"is_trial":false,"path_per_floor":["M","?","$","M","M","R","M","R","T","R","E","?","$","M","R","B",null,"M","$","M","?","?","R","M","R","T","M","M","R","?","E","R","B",null,"M","?","M","M","?","R","$","R","T","E","$","M","R","?","R","B","B",null],"character_chosen":"TD1MADAO_CLASS","items_purchased":["Here Defend Chip","Defend System","Afterwards"],"campfire_rested":0,"item_purchase_floors":[3,13,13],"current_hp_per_floor":[60,56,56,56,53,53,46,46,46,46,35,35,35,25,25,25,57,51,51,51,39,45,45,44,44,44,21,16,16,16,18,18,16,54,56,55,55,59,62,62,62,62,62,67,67,67,67,67,67,67,59],"gold":104,"neow_bonus":"RANDOM_COLORLESS","is_daily":false,"chose_seed":false,"campfire_upgraded":12,"win_rate":0.0,"timestamp":1609862509,"path_taken":["M","?","?","?","M","R","M","R","T","R","E","?","$","M","R","BOSS","M","$","M","?","?","R","?","R","T","M","M","R","?","E","R","BOSS","M","?","M","M","?","R","$","R","T","E","$","M","R","?","R","BOSS","BOSS"],"items_purchased_type":["Card","Card","Card"],"build_version":"2020-12-22","purchased_purges":3,"victory":true,"max_hp_per_floor":[67,67,67,67,67,67,67,67,67,67,67,67,67,67,67,67,67,67,67,67,67,67,67,67,67,67,67,67,67,67,67,67,67,67,67,67,67,67,67,67,67,67,67,67,67,67,67,67,67,67,67],"card_choices":[{"not_picked":["Replay:Parry","Dark Shackles"],"picked":"Deep Breath","floor":0.0},{"not_picked":["Sudden Beat","Lore","White Contract"],"picked":"SKIP","floor":1.0},{"not_picked":["Black Dance","White Contract","Break Into","Here Defend Chip"],"picked":"Provocative","floor":4.0},{"not_picked":["Light Attack","Rupture","Ruin Defend","Afterwards"],"picked":"Twin Teeth","floor":5.0},{"not_picked":["Data Freezing","Provocative","Black Shadow","Lunge"],"picked":"Cooling Song","floor":7.0},{"not_picked":["Black Dance+1","Here Defend Chip","Fire Blade+1","Machining","Lunge+1"],"picked":"SKIP","floor":11.0},{"not_picked":["Gravity Defend","Break Into","Fire Blade+1","Preloading"],"picked":"Cooling Song","floor":14.0},{"not_picked":["Data Freezing","Chip Synthesis","Pod Laser+1","Moon Tear"],"picked":"Im Angry","floor":16.0},{"not_picked":["Cursed Blade+1","Pod Fire+1","Provocative","Three Hit+1","Rupture+1"],"picked":"SKIP","floor":18.0},{"not_picked":["Fire Up","Here Defend Chip","Lunge+1","Money Cant Rescue","Reinforcement Parts"],"picked":"SKIP","floor":20.0},{"not_picked":["Three Hit+1","Sub Weapons","Black Execution+1","Preloading","Light Attack+1"],"picked":"SKIP","floor":24.0},{"not_picked":["Black Warm Hole","Money Cant Rescue","Afterwards","Awareness+1"],"picked":"Transfer Energy+1","floor":27.0},{"not_picked":["Lunge+1","Floating Even+1","Fire Blade+1","Afterwards","New Defend Magic"],"picked":"SKIP","floor":28.0},{"not_picked":["Fire Blade+1","Recovery Mechanism","Floating Swing Kick+1","Oblique Hack+1"],"picked":"Lore+1","floor":31.0},{"not_picked":["Pod Laser+1","Optimization","Backup","Im Angry"],"picked":"Furious","floor":33.0},{"not_picked":["Reinforcement Parts","Black Dance+1","Provocative+1","Sudden Beat+1"],"picked":"Energy Supply","floor":35.0},{"not_picked":["Machining","Rupture+1","Provocative","Energy Supply"],"picked":"Twin Teeth+1","floor":37.0},{"not_picked":["Twin Teeth+1","Resistance+1","Fixing+1","Coercion","Floating Swing Kick+1"],"picked":"SKIP","floor":38.0},{"not_picked":["Recovery Mechanism","Light Attack+1","Fixing+1","Preloading+1"],"picked":"Bursts","floor":44.0},{"not_picked":["Twin Teeth+1","Light Attack+1","Afterwards+1","Break Into","Pod Fire+1"],"picked":"SKIP","floor":46.0},{"not_picked":["REME_WheelOfFate","Bandage Up","MostiFishMod:Kaleido","Good Instincts"],"picked":"REME_Flogging","floor":48.0}],"player_experience":777084,"relics_obtained":[{"floor":1.0,"key":"SynthV:TestCard"},{"floor":9.0,"key":"vexMod:BarristanHead"},{"floor":11.0,"key":"Molten Egg 2"},{"floor":26.0,"key":"Snack Pack"},{"floor":31.0,"key":"Replay:Rubber Ducky"},{"floor":36.0,"key":"AT_ArchangelStaff"},{"floor":43.0,"key":"AT_DeathDance"},{"floor":44.0,"key":"Dota2Spire:Butterfly"}],"event_choices":[{"damage_healed":0.0,"max_hp_gain":0.0,"max_hp_loss":0.0,"gold_gain":0.0,"event_name":"The Woman in Blue","player_choice":"Bought 0 Potions","floor":2.0,"gold_loss":0.0,"damage_taken":0.0},{"damage_healed":0.0,"max_hp_gain":0.0,"max_hp_loss":0.0,"gold_gain":50.0,"event_name":"Golden Shrine","player_choice":"Pray","floor":12.0,"gold_loss":0.0,"damage_taken":0.0},{"damage_healed":0.0,"max_hp_gain":0.0,"max_hp_loss":0.0,"gold_gain":0.0,"event_name":"Masked Bandits","player_choice":"Paid Fearfully","floor":30.0,"gold_loss":64.0,"damage_taken":0.0},{"damage_healed":0.0,"max_hp_gain":0.0,"max_hp_loss":0.0,"gold_gain":0.0,"event_name":"SensoryStone","player_choice":"Memory 1","floor":48.0,"gold_loss":0.0,"damage_taken":0.0}],"is_beta":false,"boss_relics":[{"not_picked":["Replay:Wanted Poster","Snecko Eye","Philosopher\u0027s Stone"]},{"not_picked":["Dota2Spire:Bloodstone","aspiration:PoetsPen_weak"],"picked":"AT_TrinityForce"}],"items_purged_floors":[13,19,41],"is_endless":false,"potions_floor_spawned":[4,7,11,16,20,24,28,31,33,35,38,46],"ascension_level":20}}