{"host":"uflv0e3ja7hvnij7","time":1609867711,"event":{"mods":["Aspiration","BaseMod","Better Altar","Better Match","Better Note","Better Sensory Stone","Better Skull","Better Third Choice","Conspire","Hubris","Minty Spire (QoL Compilation)","Permanent Neow","Replay The Spire","Shop Mod","StSLib"],"gold_per_floor":[111,131,141,156,12,12,12,0,0,0,32,32,51,51,51],"floor_reached":14,"playtime":516,"items_purged":[],"score":113,"play_id":"6326224b-9aa0-44b1-b7ed-2bce3be3c90d","local_time":"20210105122831","is_ascension_mode":true,"campfire_choices":[{"data":"Eruption","floor":6,"key":"SMITH"},{"data":"Enlightenment","floor":10,"key":"SMITH"},{"floor":12,"key":"REST"}],"circlet_count":0,"master_deck":["Strike_P","Strike_P","Strike_P","Strike_P","Defend_P","Defend_P","Defend_P","Defend_P","Eruption+1","Vigilance","FlurryOfBlows","MentalFortress","EmptyMind","EmptyBody","Enlightenment+1","Collect"],"relics":["PureWater","aspiration:Nostalgia","Burning Blood","Membership Card","The Courier","Iron Hammer"],"acts_visited":["Exordium"],"potions_floor_usage":[11],"damage_taken":[{"damage":0,"enemies":"Cultist","floor":1,"turns":2},{"damage":0,"enemies":"Small Slimes","floor":2,"turns":2},{"damage":1,"enemies":"2 Louse","floor":3,"turns":2},{"damage":22,"enemies":"Exordium Thugs","floor":4,"turns":3},{"damage":10,"enemies":"Lagavulin","floor":11,"turns":5},{"damage":0,"enemies":"Large Slime","floor":13,"turns":5},{"damage":37,"enemies":"Gremlin Nob","floor":14,"turns":5}],"seed_played":"-1476357738490531016","potions_obtained":[{"floor":1,"key":"Elixir"},{"floor":4,"key":"StancePotion"},{"floor":13,"key":"Explosive Potion"}],"is_trial":false,"path_per_floor":["M","M","M","M","$","R","?","?","T","R","E","R","M","E"],"character_chosen":"WATCHER","items_purchased":["Membership Card"],"campfire_rested":1,"item_purchase_floors":[5],"current_hp_per_floor":[72,72,72,56,56,56,56,62,62,62,58,78,78,41,41],"gold":51,"neow_bonus":"NOSTALGIA","is_daily":false,"chose_seed":false,"campfire_upgraded":2,"win_rate":0.0,"timestamp":1609867711,"path_taken":["M","M","M","M","$","R","?","?","T","R","E","R","M","E"],"items_purchased_type":["Relic"],"build_version":"2020-12-22","purchased_purges":0,"victory":false,"max_hp_per_floor":[72,72,72,72,72,72,72,78,78,78,78,78,78,78,78],"card_choices":[{"not_picked":["WreathOfFlame","CutThroughFate"],"picked":"FlurryOfBlows","floor":1},{"not_picked":["Pray","ClearTheMind"],"picked":"MentalFortress","floor":2},{"not_picked":["FlyingSleeves","Halt"],"picked":"EmptyMind","floor":3},{"not_picked":["Replay:BluntJabs","CutThroughFate"],"picked":"EmptyBody","floor":4},{"not_picked":["SignatureMove","CrushJoints","PathToVictory"],"picked":"SKIP","floor":11},{"not_picked":["Weave","Worship"],"picked":"Collect","floor":13}],"player_experience":492400,"relics_obtained":[{"floor":9,"key":"The Courier"},{"floor":11,"key":"Iron Hammer"}],"event_choices":[{"damage_healed":0,"gold_gain":0,"player_choice":"Leave","damage_taken":0,"max_hp_gain":0,"max_hp_loss":0,"event_name":"conspire:Investor","floor":7,"gold_loss":0},{"damage_healed":0,"gold_gain":0,"player_choice":"RENOUNCE","damage_taken":12,"max_hp_gain":0,"max_hp_loss":0,"event_name":"betterThird:BetterSerpent","floor":8,"gold_loss":12,"cards_obtained":["Enlightenment"]}],"is_beta":false,"boss_relics":[],"items_purged_floors":[],"is_endless":false,"potions_floor_spawned":[1,4,13],"killed_by":"Gremlin Nob","ascension_level":5}}