{"host":"csp9nt53rootlkah","time":1609830586,"event":{"mods":["Act Like it!","BaseMod","Colored Powertips","Downfall","Friendly Minions","Gensokyo","Highlight Path","Minty Spire (QoL Compilation)","Quick Restart","Replay The Spire","StSLib","TestMod","The Factory","The Jungle","UnlockEverythingMod","¡¾ÒÅÎï¿¨ÅÆ¡¿REMEMod"],"gold_per_floor":[99,399,415,433,446,376,458,345,373,373,408,408,424,450,506,653,653,653,669,698,548,548,578,578,590,628,628,672,622,472,123,147,343,343,343,343,400,414,220,220,220,22,22,69,98,98,98,38,53,78],"floor_reached":51,"playtime":3496,"items_purged":["Slimebound:Strike_Slimebound","Slimebound:Strike_Slimebound","Slimebound:CorrosiveSpit","Slimebound:Defend_Slimebound","Slimebound:Defend_Slimebound"],"score":876,"play_id":"8cc16c9b-8352-4589-bf6b-adc92dda1867","local_time":"20210105150946","is_ascension_mode":false,"campfire_choices":[{"data":"testmod-RepeatForm","floor":1.0,"key":"SMITH"},{"data":"Slimebound:Split","floor":10.0,"key":"SMITH"},{"data":"Slimebound:LevelUp","floor":12.0,"key":"SMITH"},{"floor":18.0,"key":"RECALL"},{"data":"Ghostly","floor":30.0,"key":"SMITH"},{"data":"Slimebound:SlimeBarrage","floor":35,"key":"SMITH"},{"data":"Slimebound:Teamwork","floor":40,"key":"SMITH"},{"data":"Slimebound:Defend_Slimebound","floor":43,"key":"SMITH"},{"data":"Slimebound:Defend_Slimebound","floor":46,"key":"SMITH"}],"circlet_count":0,"master_deck":["Slimebound:Strike_Slimebound+1","Slimebound:Tackle+1","Slimebound:Defend_Slimebound+1","Slimebound:Defend_Slimebound+1","Slimebound:Split+1","testmod-RepeatForm+1","Slimebound:MassRepurpose+1","Slimebound:LevelUp+1","Slimebound:OneTwoCombo+1","Slimebound:OneTwoCombo+1","Ghostly+1","Slimebound:Teamwork+1","testmod-RepeatForm+1"],"relics":["Slimebound:AbsorbEndCombat","testmod-TestBox","REME_ComplimentaryCards","testmod-CardMagician","NeowsBlessing","Onion Ring","Replay:Wax Seal","REME_ArchaeologicalTools","Painkiller Herb","Smiling Mask","Replay:Bottled Snecko","Oddly Smooth Stone","Lantern","downfall:HeartBlessingRed","downfall:HeartBlessingGreen","testmod-Charity","Bag of Preparation","testmod-DeterminationOfClimber","Red Mask","downfall:RedIOUUpgrade","DollysMirror","Replay:Ringing Soul","Replay:Bottled Eggs","Molten Egg 2"],"acts_visited":["Gensokyo:Gensokyo","TheCity","TheBeyond"],"potions_floor_usage":[37],"damage_taken":[{"damage":0.0,"enemies":"downfall:FleeingMerchant","floor":2.0,"turns":1.0},{"damage":0.0,"enemies":"Gensokyo:Python","floor":3.0,"turns":1.0},{"damage":0.0,"enemies":"Gensokyo:2_Kodama","floor":4.0,"turns":1.0},{"damage":10.0,"enemies":"Gensokyo:3_Fairies","floor":5.0,"turns":4.0},{"damage":24.0,"enemies":"Gensokyo:Aya","floor":9.0,"turns":6.0},{"damage":36.0,"enemies":"Gensokyo:Mamizou","floor":11.0,"turns":8.0},{"damage":30.0,"enemies":"Gensokyo:Python_and_Kodama","floor":13.0,"turns":4.0},{"damage":27.0,"enemies":"Gensokyo:Aya","floor":14.0,"turns":5.0},{"damage":25.0,"enemies":"Gensokyo:Gryphon_and_Rabbit","floor":15.0,"turns":4.0},{"damage":87.0,"enemies":"downfall:Defect","floor":16.0,"turns":5.0},{"damage":19.0,"enemies":"Spheric Guardian","floor":19.0,"turns":3.0},{"damage":31.0,"enemies":"Cultist and Chosen","floor":20.0,"turns":6.0},{"damage":47.0,"enemies":"Replay:Snechameleon","floor":23.0,"turns":4.0},{"damage":42.0,"enemies":"Centurion and Healer","floor":25.0,"turns":4.0},{"damage":66.0,"enemies":"REME_1_Revenger","floor":26.0,"turns":7.0},{"damage":45.0,"enemies":"Gremlin Leader","floor":28.0,"turns":5.0},{"damage":20.0,"enemies":"Snecko","floor":32.0,"turns":6.0},{"damage":108.0,"enemies":"downfall:Ironclad","floor":33.0,"turns":17.0},{"damage":16,"enemies":"Mind Bloom Boss Battle","floor":37,"turns":3},{"damage":16,"enemies":"3 Darklings","floor":38,"turns":3},{"damage":38,"enemies":"Giant Head","floor":44,"turns":5},{"damage":8,"enemies":"Orb Walker","floor":45,"turns":2},{"damage":24,"enemies":"Transient","floor":48,"turns":4},{"damage":8,"enemies":"3 Darklings","floor":49,"turns":2},{"damage":8,"enemies":"downfall:Watcher","floor":50,"turns":2}],"seed_played":"8220765483769088228","potions_obtained":[{"floor":4.0,"key":"FairyPotion"},{"floor":5.0,"key":"Regen Potion"},{"floor":13.0,"key":"Fire Potion"},{"floor":23.0,"key":"LiquidMemories"},{"floor":28.0,"key":"Energy Potion"},{"floor":38,"key":"Fire Potion"},{"floor":49,"key":"Weak Potion"}],"is_trial":false,"path_per_floor":["R","$","M","M","M","?","T","$","E","R","E","R","M","E","M","B",null,"T","?","?","?","?","E","T","?","E","?","E","T","T","T","?","B",null,"T","?","?","?","T","T","T","T","T","E","?","T","?","?","?","B",null],"character_chosen":"SLIMEBOUND","items_purchased":["Slimebound:LevelUp","testmod-Charity","Bag of Preparation","DollysMirror","Replay:Bottled Eggs"],"campfire_rested":0,"item_purchase_floors":[8,31,31,39,42],"current_hp_per_floor":[60,60,60,60,60,60,60,60,60,60,60,60,60,60,60,25,60,60,56,60,60,60,50,50,52,42,42,33,33,33,33,43,54,118,118,118,129,135,135,135,135,139,139,153,161,161,161,197,203,221],"gold":78,"neow_bonus":"THREE_ENEMY_KILL","is_daily":false,"chose_seed":false,"campfire_upgraded":8,"win_rate":0.0,"timestamp":1609830586,"path_taken":["R","$","M","M","?","?","T","?","E","R","E","R","M","E","M","BOSS","T","?","?","?","?","E","T","?","E","?","E","T","T","T","?","BOSS","T","?","?","?","T","T","T","T","T","E","?","T","?","?","?","BOSS"],"items_purchased_type":["Card","Relic","Relic","Relic","Relic"],"build_version":"2020-12-22","purchased_purges":5,"victory":true,"max_hp_per_floor":[60,60,60,60,60,60,60,60,60,60,60,60,60,60,60,60,60,60,60,60,60,60,60,60,60,60,60,60,60,60,60,66,118,118,118,118,129,135,135,135,135,139,139,153,161,161,161,197,203,221],"card_choices":[{"not_picked":["Slimebound:HauntingLick","Slimebound:RainOfGoop","Slimebound:GrowthPunch"],"picked":"SKIP","floor":2.0},{"not_picked":["Slimebound:ComboTackle","Slimebound:ItLooksTasty","Slimebound:Replication"],"picked":"SKIP","floor":3.0},{"not_picked":["Slimebound:PressTheAttack","Slimebound:Schlurp","Slimebound:GoopSpray"],"picked":"SKIP","floor":4.0},{"not_picked":["Slimebound:SplitLeeching","Slimebound:Grow"],"picked":"Slimebound:MassRepurpose","floor":5.0},{"not_picked":["Slimebound:ComboTackle","Slimebound:SplitAcid","Slimebound:GrowthPunch"],"picked":"SKIP","floor":9.0},{"not_picked":["Slimebound:ViciousTackle","Slimebound:GoopSpray","Slimebound:Replication"],"picked":"SKIP","floor":11.0},{"not_picked":["Slimebound:RainOfGoop","Slimebound:ComboTackle","Slimebound:ViciousTackle"],"picked":"SKIP","floor":13.0},{"not_picked":["Slimebound:SplitAcid","Slimebound:LeechingTouch","Slimebound:LeechEnergy"],"picked":"SKIP","floor":14.0},{"not_picked":["Slimebound:SplitMire","Slimebound:Nibble"],"picked":"Slimebound:OneTwoCombo","floor":15.0},{"not_picked":["Slimebound:SelfFormingGoo","Slimebound:MassRepurpose"],"picked":"Slimebound:OneTwoCombo","floor":16.0},{"not_picked":["Slimebound:SplitAcid","Slimebound:Grow+1","Slimebound:LeechEnergy+1"],"picked":"SKIP","floor":19.0},{"not_picked":["Slimebound:SplitMire+1","Slimebound:FinishingTackle","Slimebound:PressTheAttack"],"picked":"SKIP","floor":20.0},{"not_picked":["Slimebound:PressTheAttack","Slimebound:LivingWall","Slimebound:SamplingLick"],"picked":"SKIP","floor":23.0},{"not_picked":["Slimebound:BestDefense","Slimebound:SamplingLick+1","Slimebound:SplitMire"],"picked":"SKIP","floor":25.0},{"not_picked":["Slimebound:SplitBruiser","Slimebound:OozeBath"],"picked":"Slimebound:Teamwork","floor":26.0},{"not_picked":["Slimebound:SplitLeeching","Slimebound:SamplingLick","Slimebound:LeechingTouch+1"],"picked":"SKIP","floor":28.0},{"not_picked":["Slimebound:SlimeSpikes","Slimebound:GrowthPunch","Slimebound:Chomp"],"picked":"SKIP","floor":32.0},{"not_picked":["Slimebound:SamplingLick+1","Slimebound:SplitMire+1","Slimebound:FormOfPuddle+1"],"picked":"SKIP","floor":38},{"not_picked":["Slimebound:ComboTackle+1","Slimebound:FinishingTackle+1","Slimebound:GoopSpray"],"picked":"SKIP","floor":44},{"not_picked":["Slimebound:Gluttony+1","Slimebound:SamplingLick","Slimebound:Dissolve+1"],"picked":"SKIP","floor":45},{"not_picked":["Slimebound:SamplingLick","Slimebound:MegaLick","Slimebound:SplitMire+1"],"picked":"SKIP","floor":48},{"not_picked":["Slimebound:SlimeSpikes+1","Slimebound:Schlurp","Slimebound:HauntingLick"],"picked":"SKIP","floor":49}],"player_experience":116021,"relics_obtained":[{"floor":7.0,"key":"Onion Ring"},{"floor":9.0,"key":"Blood Vial"},{"floor":11.0,"key":"Replay:Wax Seal"},{"floor":14.0,"key":"REME_ArchaeologicalTools"},{"floor":23.0,"key":"Smiling Mask"},{"floor":24.0,"key":"Replay:Bottled Snecko"},{"floor":26.0,"key":"Oddly Smooth Stone"},{"floor":28.0,"key":"Lantern"},{"floor":41,"key":"Replay:Ringing Soul"},{"floor":44,"key":"Molten Egg 2"}],"event_choices":[{"damage_healed":0.0,"max_hp_gain":0.0,"max_hp_loss":0.0,"gold_gain":0.0,"event_name":"The Library","player_choice":"Read","floor":27.0,"gold_loss":0.0,"damage_taken":0.0,"cards_obtained":["Slimebound:SlimeBarrage"]},{"damage_healed":0,"gold_gain":0,"player_choice":"Upgraded","damage_taken":0,"max_hp_gain":0,"max_hp_loss":0,"event_name":"Upgrade Shrine","floor":47,"gold_loss":0,"cards_upgraded":["Slimebound:Tackle"]}],"is_beta":false,"boss_relics":[{"not_picked":["Honey Jar","Pandora\u0027s Box"],"picked":"Painkiller Herb"},{"not_picked":["Busted Crown","Calling Bell"],"picked":"testmod-DeterminationOfClimber"}],"items_purged_floors":[8,29,31,39,42],"is_endless":false,"potions_floor_spawned":[4,5,13,15,23,25,26,28,38,49],"ascension_level":0}}