{"host":"4jgezcw2enz0fhrk","time":1609817361,"event":{"mods":["BaseMod","Bestiary","Downfall","KinomotoSakuraMod(ƒæ÷Æ±æ”£)","Lobotomy","Marisa£®ÏF”Í°°ƒß¿Ì…≥£©","Minty Spire (QoL Compilation)","MostiFishMod","Quick Restart","Rare Cards Sparkle","Reimu£®≤©¿ˆ¡È√Œ£©","Relic Stats","Spicy Shops","StSLib","The Marked","TheWitcher","Waifu the Spire","Yakumo Yukari mod","vexMod","°æ“≈ŒÔø®≈∆°øREMEMod"],"gold_per_floor":[112,63,76,76,1,34,34,69,69,69,141,158,170,188,188,288,288,300,399,359,375,391,391,391],"floor_reached":23,"playtime":1224,"items_purged":["theMarked:Defend"],"score":301,"play_id":"2b4774dc-0b21-46c1-98a2-13465fd285fa","local_time":"20210105112921","is_ascension_mode":false,"campfire_choices":[{"floor":7.0,"key":"RECALL"},{"data":"SnafuTest:BlackSunReturn","floor":15,"key":"SMITH"}],"circlet_count":0,"master_deck":["theMarked:Strike+1","theMarked:Strike+1","theMarked:Strike","theMarked:Strike","theMarked:Strike","theMarked:Defend","theMarked:Defend","theMarked:Defend","theMarked:SoldierOfQuellstein","SnafuTest:BlackSunReturn+1","NothingThere","theMarked:Reabsorb","theMarked:HeightenedSenses","FairyFestival","theMarked:ElementalBlade","BigBadWolf","theMarked:ChainLightning","HeroicMonk","theMarked:SwordAndMagic","theMarked:Improvise","LaLuna","ShyLook","theMarked:Improvise","theMarked:ChannelForce","Scorched","PunishingBird","theMarked:Defy","ZunPunch:ReiMu","BlackArmy","theMarked:EmpowerWeapon+1","theMarked:TwofoldDefense+1","Murderer"],"relics":["theMarked:ArtifactOfAir","DaveBox","REME_ComplimentaryCards","PatriotShield","CogitoBucket","SynthV:TestCard","theMarked:SecretDocuments","Mango","Bottled Flame","SkinProphecy","Fusion Hammer","LuminousBracelet"],"acts_visited":["Exordium","TheCity"],"potions_floor_usage":[22],"damage_taken":[{"damage":0.0,"enemies":"Small Slimes","floor":1.0,"turns":2.0},{"damage":0.0,"enemies":"Jaw Worm","floor":3.0,"turns":1.0},{"damage":0.0,"enemies":"3 Sentries","floor":6.0,"turns":3.0},{"damage":0.0,"enemies":"Lagavulin","floor":8.0,"turns":3.0},{"damage":0.0,"enemies":"2 Louse","floor":12.0,"turns":2.0},{"damage":0,"enemies":"Looter","floor":13,"turns":3},{"damage":0,"enemies":"3 Louse","floor":14,"turns":2},{"damage":3,"enemies":"Hexaghost","floor":16,"turns":5},{"damage":12,"enemies":"2 Thieves","floor":18,"turns":2},{"damage":4,"enemies":"3 Byrds","floor":21,"turns":3},{"damage":80,"enemies":"Snake Plant","floor":22,"turns":4},{"damage":60,"enemies":"Slavers","floor":23,"turns":1}],"seed_played":"6364307003873230374","potions_obtained":[{"floor":12.0,"key":"Fire Potion"},{"floor":13,"key":"Explosive Potion"},{"floor":16,"key":"SteroidPotion"},{"floor":18,"key":"GrandPatriotsElixir:ReiMu"}],"is_trial":false,"path_per_floor":["M","$","M","?","$","E","R","E","T","?","?","M","M","M","R","B",null,"M","?","?","M","M","E"],"character_chosen":"THE_DEFAULT","items_purchased":["theMarked:HeightenedSenses"],"campfire_rested":0,"item_purchase_floors":[2],"current_hp_per_floor":[70,70,70,56,56,70,70,84,84,84,84,84,84,86,86,88,88,90,90,90,92,55,0,0],"gold":391,"neow_bonus":"","is_daily":false,"chose_seed":false,"campfire_upgraded":1,"win_rate":0.0,"timestamp":1609817361,"path_taken":["M","$","M","?","$","E","R","E","T","?","?","M","M","M","R","BOSS","M","?","?","M","M","E"],"items_purchased_type":["Card"],"build_version":"2020-12-22","purchased_purges":1,"victory":false,"max_hp_per_floor":[70,70,70,70,70,70,70,84,84,84,84,84,84,86,86,88,88,90,90,90,92,111,113,113],"relic_stats":{"counters":[14,33],"obtain_stats":[{"PatriotShield":0,"DaveBox":0,"ZunR:ReiMu":20,"LuminousBracelet":22,"Mango":8,"SkinProphecy":13,"theMarked:ArtifactOfAir":0,"CogitoBucket":0,"Bottled Flame":9,"SynthV:TestCard":1,"theMarked:SecretDocuments":6,"Fusion Hammer":17,"REME_ComplimentaryCards":0},{"PatriotShield":0,"DaveBox":0,"ZunR:ReiMu":10,"LuminousBracelet":13,"Mango":4,"SkinProphecy":7,"theMarked:ArtifactOfAir":0,"CogitoBucket":0,"Bottled Flame":4,"SynthV:TestCard":1,"theMarked:SecretDocuments":3,"Fusion Hammer":9,"REME_ComplimentaryCards":0},{"PatriotShield":0,"DaveBox":0,"ZunR:ReiMu":24,"LuminousBracelet":32,"Mango":9,"SkinProphecy":15,"theMarked:ArtifactOfAir":0,"CogitoBucket":0,"Bottled Flame":9,"SynthV:TestCard":2,"theMarked:SecretDocuments":6,"Fusion Hammer":22,"REME_ComplimentaryCards":0}]},"card_choices":[{"not_picked":["UniverseFragment","FairyFestival"],"picked":"NothingThere","floor":1.0},{"not_picked":["theMarked:WardOff","theMarked:ResourceFulStrike"],"picked":"theMarked:Reabsorb","floor":1.0},{"not_picked":["OSAHOGD","LittleHelper"],"picked":"FairyFestival","floor":3.0},{"not_picked":["theMarked:TakeCover","theMarked:WastefulDefense","theMarked:Improvise","theMarked:HeightenedSenses"],"picked":"theMarked:Electrocute","floor":3.0},{"not_picked":["theMarked:ResourceFulStrike","theMarked:Electrocute","theMarked:SwordAndMagic","theMarked:WastefulDefense"],"picked":"theMarked:ElementalBlade","floor":6.0},{"not_picked":["MHz","LittleHelper","CrumblingArmor"],"picked":"Singing Bowl","floor":6.0},{"not_picked":["BeautyBeast","Murderer"],"picked":"BigBadWolf","floor":6.0},{"not_picked":["theMarked:ComboAttacks","theMarked:RepellingDischarge","theMarked:Convert","theMarked:WastefulDefense"],"picked":"theMarked:ChainLightning","floor":8.0},{"not_picked":["Woodsman","QueenOfHatred"],"picked":"HeroicMonk","floor":8.0},{"not_picked":["theMarked:MagicAdept","theMarked:Frustration","theMarked:ChainLightning","theMarked:ReduceFriction"],"picked":"theMarked:SwordAndMagic","floor":12.0},{"not_picked":["theMarked:LightningStrikesTwice","theMarked:ElementalBlade","theMarked:Frustration","theMarked:BanishingWave"],"picked":"theMarked:Improvise","floor":13},{"not_picked":["Mercenary","BeautyBeast"],"picked":"LaLuna","floor":13},{"not_picked":["CherryBlossoms","Scorched"],"picked":"ShyLook","floor":14},{"not_picked":["theMarked:BanishingStrike","theMarked:Polarize","theMarked:GodGivenPower","theMarked:Frustration"],"picked":"theMarked:Improvise","floor":14},{"not_picked":["theMarked:DispelDoubt","theMarked:TakeOffHeels","theMarked:UnarmedFury","theMarked:Abjuration"],"picked":"theMarked:ChannelForce","floor":16},{"not_picked":["Freischutz","OldLady"],"picked":"Scorched","floor":16},{"not_picked":["SingingMachine","LittleHelper"],"picked":"PunishingBird","floor":18},{"not_picked":["theMarked:TwofoldDefense","theMarked:Aftermath+1","theMarked:ShockingTouch+1","theMarked:DeterminationOfTheMarked"],"picked":"theMarked:Defy","floor":18},{"not_picked":["WallGazer","BeautyBeast"],"picked":"BlackArmy","floor":21},{"not_picked":["theMarked:Static","theMarked:ElectricStrings","theMarked:ChainLightning","theMarked:HeightenedSenses"],"picked":"theMarked:EmpowerWeapon+1","floor":21},{"not_picked":["theMarked:WastefulAttack","theMarked:BanishingWave","theMarked:EmpowerWeapon","theMarked:ElectricStrings"],"picked":"theMarked:TwofoldDefense+1","floor":22},{"not_picked":["SnowQueen","Scarecrow","HappyTeddy"],"picked":"Singing Bowl","floor":22},{"not_picked":["Funeral","Woodsman"],"picked":"Murderer","floor":22}],"player_experience":513978,"relics_obtained":[{"floor":1.0,"key":"SynthV:TestCard"},{"floor":6.0,"key":"theMarked:SecretDocuments"},{"floor":8.0,"key":"Mango"},{"floor":9.0,"key":"Bottled Flame"}],"event_choices":[{"damage_healed":0.0,"max_hp_gain":0.0,"max_hp_loss":0.0,"gold_gain":0.0,"event_name":"Shining Light","player_choice":"Entered Light","floor":4.0,"gold_loss":0.0,"damage_taken":14.0,"cards_upgraded":["theMarked:Strike","theMarked:Strike"]},{"damage_healed":0.0,"max_hp_gain":0.0,"max_hp_loss":0.0,"gold_gain":0.0,"event_name":"The Cleric","player_choice":"Leave","floor":10.0,"gold_loss":0.0,"damage_taken":0.0},{"damage_healed":0.0,"max_hp_gain":0.0,"max_hp_loss":0.0,"gold_gain":72.0,"event_name":"Golden Wing","player_choice":"Gained Gold","floor":11.0,"gold_loss":0.0,"damage_taken":0.0},{"damage_healed":0,"gold_gain":99,"player_choice":"Stole From Cult","damage_taken":0,"max_hp_gain":0,"max_hp_loss":0,"event_name":"Nest","floor":19,"gold_loss":0},{"damage_healed":0,"gold_gain":0,"player_choice":"Ωª≥ˆ…Òæ∆","damage_taken":0,"max_hp_gain":0,"max_hp_loss":0,"event_name":"ZunEvent","floor":20,"relics_lost":["ZunR:ReiMu"],"gold_loss":0,"cards_obtained":["ZunPunch:ReiMu"]}],"is_beta":false,"boss_relics":[{"not_picked":["DiscerningMonocle","Sozu"],"picked":"Fusion Hammer"}],"items_purged_floors":[5],"is_endless":false,"potions_floor_spawned":[12,13,16,18],"killed_by":"Slavers","ascension_level":0}}