{"host":"sav7uxregyirlf69","time":1609876471,"event":{"mods":["AchievementEnabler","BaseMod","Colored Map","DeckTracker","Keyboard Shortcuts","Minty Spire (QoL Compilation)","READ ME - Guardian Mod","StSLib","SuperFastMode"],"gold_per_floor":[116,116,129,38,38,38,88,100,100,25,57,76,105,175,175,250,250,264,444,456,475,488,488,503,503,529,53,53,82,94,108,108,183,183,197,208,220,95,110,110,121,121,144,156,185,185,212,232,232,232,232],"floor_reached":50,"playtime":1922,"items_purged":["Defend_G","Strike_G","Sucker Punch+1"],"score":1272,"play_id":"c73298eb-4176-435a-82fe-727fccf57b3f","local_time":"20210106045431","is_ascension_mode":true,"campfire_choices":[{"data":"Flash of Steel","floor":6,"key":"SMITH"},{"data":"Neutralize","floor":15,"key":"SMITH"},{"data":"Acrobatics","floor":23,"key":"SMITH"},{"data":"Reflex","floor":25,"key":"SMITH"},{"data":"Accuracy","floor":32,"key":"SMITH"},{"data":"Blade Dance","floor":40,"key":"SMITH"},{"floor":49,"key":"RECALL"}],"circlet_count":0,"master_deck":["AscendersBane","Defend_G","Defend_G","Defend_G","Survivor","Neutralize+1","Dagger Throw","Blade Dance+1","Flash of Steel+1","Acrobatics+1","Adrenaline","Infinite Blades+1","Tactician+1","Choke+1","Reflex+1","Backflip+1","Acrobatics+1","Accuracy+1","Reflex","After Image","Blade Dance","Prepared","Blade Dance+1"],"relics":["Ring of the Snake","CaptainsWheel","Pantograph","Lizard Tail","Singing Bowl","Eternal Feather","Astrolabe","Potion Belt","DollysMirror","Toy Ornithopter","Anchor","Black Star","Smiling Mask","Pear","Shovel","Dream Catcher"],"acts_visited":["Exordium","TheCity","TheBeyond"],"potions_floor_usage":[13,16,22,33,33,33,36,48,50],"damage_taken":[{"damage":2,"enemies":"Jaw Worm","floor":1,"turns":7},{"damage":4,"enemies":"Cultist","floor":3,"turns":5},{"damage":0,"enemies":"2 Louse","floor":8,"turns":2},{"damage":17,"enemies":"3 Sentries","floor":11,"turns":10},{"damage":0,"enemies":"Red Slaver","floor":12,"turns":4},{"damage":0,"enemies":"Lagavulin","floor":13,"turns":4},{"damage":73,"enemies":"Slime Boss","floor":16,"turns":10},{"damage":0,"enemies":"Chosen","floor":18,"turns":4},{"damage":0,"enemies":"Spheric Guardian","floor":20,"turns":3},{"damage":9,"enemies":"3 Cultists","floor":21,"turns":6},{"damage":10,"enemies":"Snake Plant","floor":22,"turns":3},{"damage":1,"enemies":"Cultist and Chosen","floor":24,"turns":4},{"damage":10,"enemies":"Book of Stabbing","floor":29,"turns":5},{"damage":0,"enemies":"3 Cultists","floor":30,"turns":4},{"damage":0,"enemies":"Chosen and Byrds","floor":31,"turns":4},{"damage":39,"enemies":"Champ","floor":33,"turns":9},{"damage":1,"enemies":"Orb Walker","floor":35,"turns":4},{"damage":13,"enemies":"3 Darklings","floor":36,"turns":9},{"damage":18,"enemies":"Writhing Mass","floor":37,"turns":7},{"damage":15,"enemies":"Transient","floor":39,"turns":6},{"damage":14,"enemies":"Maw","floor":41,"turns":5},{"damage":0,"enemies":"4 Shapes","floor":44,"turns":4},{"damage":0,"enemies":"Giant Head","floor":45,"turns":6},{"damage":38,"enemies":"Nemesis","floor":47,"turns":7},{"damage":14,"enemies":"3 Darklings","floor":48,"turns":4},{"damage":107,"enemies":"Awakened One","floor":50,"turns":13}],"seed_played":"2170526557242868570","potions_obtained":[{"floor":8,"key":"SteroidPotion"},{"floor":11,"key":"PowerPotion"},{"floor":18,"key":"Block Potion"},{"floor":20,"key":"Block Potion"},{"floor":22,"key":"FearPotion"},{"floor":31,"key":"Block Potion"},{"floor":36,"key":"SkillPotion"},{"floor":39,"key":"Fire Potion"},{"floor":47,"key":"AttackPotion"}],"is_trial":false,"path_per_floor":["M","?","M","$","T","R","?","M","T","$","E","M","E","T","R","B",null,"M","?","M","M","M","R","M","R","T","$","?","E","M","M","R","B",null,"M","M","M","$","M","R","M","?","T","M","E","?","E","M","R","B"],"character_chosen":"THE_SILENT","items_purchased":["Flash of Steel","DollysMirror","Toy Ornithopter","SkillPotion"],"campfire_rested":0,"item_purchase_floors":[4,27,27,27],"current_hp_per_floor":[57,57,53,53,53,53,53,53,53,53,36,36,38,38,47,34,60,62,43,45,36,26,35,34,43,43,43,43,35,35,35,47,45,67,68,62,44,44,31,43,31,31,31,31,43,104,68,59,71,0,0],"gold":232,"neow_bonus":"REMOVE_CARD","is_daily":false,"chose_seed":false,"campfire_upgraded":6,"win_rate":0.0,"timestamp":1609876471,"path_taken":["M","?","?","?","?","R","?","M","T","$","E","?","E","?","R","BOSS","M","?","?","M","M","R","M","R","T","$","?","E","M","M","R","BOSS","M","M","M","$","M","R","M","?","T","M","E","?","E","M","R","BOSS"],"items_purchased_type":["Card","Relic","Relic","Potion"],"build_version":"2020-12-22","purchased_purges":3,"victory":false,"max_hp_per_floor":[66,66,66,66,66,66,66,66,66,66,66,66,68,68,68,68,68,70,70,72,72,72,72,72,72,72,72,72,74,74,74,74,74,74,76,78,78,78,80,80,82,82,82,82,94,104,106,106,106,106,106],"card_choices":[{"not_picked":["Outmaneuver","Bane"],"picked":"Dagger Throw","floor":1},{"not_picked":["Sucker Punch","Well Laid Plans"],"picked":"Blade Dance","floor":3},{"not_picked":["Catalyst","Dagger Spray","Underhanded Strike"],"picked":"SKIP","floor":8},{"not_picked":["Catalyst","Dagger Spray","Underhanded Strike"],"picked":"SKIP","floor":8},{"not_picked":["Poisoned Stab","Leg Sweep"],"picked":"Acrobatics","floor":11},{"not_picked":["Blur","Sucker Punch","Eviscerate"],"picked":"SKIP","floor":12},{"not_picked":["Slice","Acrobatics","Well Laid Plans"],"picked":"Singing Bowl","floor":13},{"not_picked":["Die Die Die","Venomology"],"picked":"Adrenaline","floor":16},{"not_picked":["Eviscerate","Cloak And Dagger","Outmaneuver"],"picked":"Singing Bowl","floor":18},{"not_picked":["Dash","Acrobatics","Footwork"],"picked":"Singing Bowl","floor":20},{"not_picked":["Deadly Poison","Deflect"],"picked":"Choke+1","floor":21},{"not_picked":["Cloak And Dagger","Dagger Spray"],"picked":"Reflex","floor":22},{"not_picked":["Underhanded Strike","Deflect"],"picked":"Backflip+1","floor":24},{"not_picked":["Sucker Punch","Riddle With Holes","Deadly Poison"],"picked":"Singing Bowl","floor":29},{"not_picked":["Reflex","Poisoned Stab+1"],"picked":"Accuracy","floor":30},{"not_picked":["Eviscerate","Flying Knee+1"],"picked":"Reflex","floor":31},{"not_picked":["Phantasmal Killer","Storm of Steel"],"picked":"After Image","floor":33},{"not_picked":["Quick Slash","Bouncing Flask","Blade Dance"],"picked":"Singing Bowl","floor":35},{"not_picked":["Cloak And Dagger+1","Sucker Punch","Masterful Stab"],"picked":"Singing Bowl","floor":36},{"not_picked":["Dagger Spray","Calculated Gamble"],"picked":"Blade Dance","floor":37},{"not_picked":["Flying Knee","Acrobatics","Venomology"],"picked":"Singing Bowl","floor":39},{"not_picked":["All Out Attack+1","Sucker Punch","Bouncing Flask"],"picked":"Singing Bowl","floor":41},{"not_picked":["Quick Slash","Blade Dance"],"picked":"Prepared","floor":44},{"not_picked":["Acrobatics","Deflect","Eviscerate"],"picked":"Singing Bowl","floor":45},{"not_picked":["Cloak And Dagger","Dash","Reflex"],"picked":"Singing Bowl","floor":47},{"not_picked":["Bane","Flying Knee+1"],"picked":"Blade Dance+1","floor":48}],"player_experience":1154890,"relics_obtained":[{"floor":5,"key":"CaptainsWheel"},{"floor":9,"key":"Pantograph"},{"floor":11,"key":"Lizard Tail"},{"floor":13,"key":"Singing Bowl"},{"floor":14,"key":"Eternal Feather"},{"floor":26,"key":"Potion Belt"},{"floor":29,"key":"Anchor"},{"floor":45,"key":"Smiling Mask"},{"floor":45,"key":"Pear"},{"floor":47,"key":"Shovel"},{"floor":47,"key":"Dream Catcher"}],"event_choices":[{"damage_healed":0,"gold_gain":0,"cards_transformed":["Strike_G"],"player_choice":"Transformed","damage_taken":0,"max_hp_gain":0,"max_hp_loss":0,"event_name":"Transmorgrifier","floor":2,"gold_loss":0,"cards_obtained":["Doppelganger"]},{"damage_healed":0,"gold_gain":50,"player_choice":"Pray","damage_taken":0,"max_hp_gain":0,"max_hp_loss":0,"event_name":"Golden Shrine","floor":7,"gold_loss":0},{"damage_healed":0,"gold_gain":180,"player_choice":"GOLD GOLD ","damage_taken":19,"max_hp_gain":0,"max_hp_loss":0,"event_name":"Knowing Skull","floor":19,"potions_obtained":[],"gold_loss":0,"cards_obtained":[]},{"damage_healed":0,"gold_gain":0,"player_choice":"Ignored","damage_taken":0,"max_hp_gain":0,"max_hp_loss":0,"event_name":"The Moai Head","floor":42,"gold_loss":0},{"cards_removed":["Doppelganger"],"damage_healed":51,"gold_gain":0,"player_choice":"Offered Rare","damage_taken":0,"max_hp_gain":10,"max_hp_loss":0,"event_name":"Bonfire Elementals","floor":46,"gold_loss":0}],"is_beta":false,"boss_relics":[{"not_picked":["Busted Crown","Tiny House"],"picked":"Astrolabe"},{"not_picked":["Snecko Eye","Ring of the Serpent"],"picked":"Black Star"}],"items_purged_floors":[10,27,38],"is_endless":false,"potions_floor_spawned":[8,11,12,18,20,22,31,36,39,47],"killed_by":"Awakened One","ascension_level":20}}