{"host":"za51qju8r56bcr85","time":1609836668,"event":{"mods":["Act Like it!","BaseMod","Block Reminder","Googly Eyes","Minty Spire (QoL Compilation)","Quick Restart","Relic Sorter","Relic Stats","Shop Mod","StSLib","SuperFastMode"],"gold_per_floor":[363,24,24,41,41,73,73,105,131,131,149,180,180,14,14,89,89,107,135,148,73,73,73,73,108,108,108,108,128,141,66,66,138,138,157,157,167,181,196,224,244,244,244,278,500,534,545,445,445,445,445,445,445,13,44,44],"floor_reached":57,"playtime":1509,"items_purged":["Strike_R","Bash"],"score":2977,"play_id":"4ea13bce-5132-4de0-9dd6-a1e5bc32fa47","local_time":"20210105165108","is_ascension_mode":true,"campfire_choices":[{"floor":7.0,"key":"REST"},{"data":"Fiend Fire","floor":13.0,"key":"SMITH"},{"data":"Shockwave","floor":15.0,"key":"SMITH"},{"data":"Burning Pact","floor":23.0,"key":"SMITH"},{"data":"Body Slam","floor":27.0,"key":"SMITH"},{"data":"Shrug It Off","floor":32.0,"key":"SMITH"},{"floor":42,"key":"RECALL"},{"data":"Impervious","floor":49,"key":"SMITH"},{"data":"Defend_R","floor":53,"key":"SMITH"}],"circlet_count":0,"master_deck":["AscendersBane","Defend_R","Defend_R","Defend_R","Defend_R+1","Rupture+1","Fiend Fire+1","Shockwave+1","Burning Pact+1","Impervious+1","Brutality","Shrug It Off+1","Body Slam+1","Second Wind+1","Power Through+1","Armaments+1","Clumsy","Burning Pact+1","Reaper"],"relics":["Burning Blood","Frozen Eye","MealTicket","InkBottle","Art of War","Centennial Puzzle","TheAbacus","Coffee Dripper","Red Mask","Pocketwatch","Letter Opener","Ancient Tea Set","Astrolabe","Frozen Egg 2","Lantern","Pen Nib","Gremlin Horn","HornCleat","Toolbox","Mercury Hourglass"],"acts_visited":["Exordium","TheCity","TheBeyond","TheEnding"],"potions_floor_usage":[56],"damage_taken":[{"damage":7.0,"enemies":"Small Slimes","floor":1.0,"turns":4.0},{"damage":4.0,"enemies":"Jaw Worm","floor":4.0,"turns":3.0},{"damage":22.0,"enemies":"3 Sentries","floor":6.0,"turns":5.0},{"damage":0.0,"enemies":"Lagavulin","floor":8.0,"turns":4.0},{"damage":2.0,"enemies":"2 Louse","floor":11.0,"turns":3.0},{"damage":35.0,"enemies":"3 Sentries","floor":12.0,"turns":10.0},{"damage":6.0,"enemies":"Hexaghost","floor":16.0,"turns":6.0},{"damage":28.0,"enemies":"Shell Parasite","floor":18.0,"turns":6.0},{"damage":7.0,"enemies":"Masked Bandits","floor":19.0,"turns":5.0},{"damage":3.0,"enemies":"3 Byrds","floor":20.0,"turns":5.0},{"damage":17.0,"enemies":"Gremlin Leader","floor":25.0,"turns":6.0},{"damage":13.0,"enemies":"Centurion and Healer","floor":29.0,"turns":5.0},{"damage":6.0,"enemies":"Snake Plant","floor":30.0,"turns":4.0},{"damage":19.0,"enemies":"Automaton","floor":33.0,"turns":7.0},{"damage":0,"enemies":"3 Darklings","floor":35,"turns":5},{"damage":5,"enemies":"Orb Walker","floor":37,"turns":3},{"damage":0,"enemies":"Jaw Worm Horde","floor":38,"turns":1},{"damage":0,"enemies":"Transient","floor":39,"turns":1},{"damage":0,"enemies":"Giant Head","floor":40,"turns":1},{"damage":0,"enemies":"4 Shapes","floor":41,"turns":1},{"damage":0,"enemies":"Nemesis","floor":44,"turns":1},{"damage":0,"enemies":"Reptomancer","floor":46,"turns":1},{"damage":0,"enemies":"Jaw Worm Horde","floor":47,"turns":1},{"damage":42,"enemies":"Time Eater","floor":50,"turns":10},{"damage":9,"enemies":"Donu and Deca","floor":51,"turns":8},{"damage":16,"enemies":"Shield and Spear","floor":55,"turns":5},{"damage":49,"enemies":"The Heart","floor":56,"turns":12}],"seed_played":"-5885729231682531177","potions_obtained":[{"floor":4.0,"key":"SkillPotion"},{"floor":11.0,"key":"Block Potion"},{"floor":12.0,"key":"CultistPotion"},{"floor":16.0,"key":"GamblersBrew"},{"floor":18.0,"key":"Block Potion"},{"floor":20.0,"key":"Weak Potion"},{"floor":29.0,"key":"BlessingOfTheForge"},{"floor":33.0,"key":"SmokeBomb"},{"floor":37,"key":"FearPotion"},{"floor":55,"key":"Swift Potion"}],"is_trial":false,"path_per_floor":["M","$","?","M","?","E","R","E","T","?","M","E","R","$","R","B",null,"M","?","M","?","T","R","?","E","T","R","?","M","M","$","R","B",null,"M","?","M","M","M","E","M","R","T","E","?","E","M","$","R","B","B",null,"R","$","E","B",null],"character_chosen":"IRONCLAD","items_purchased":["Rupture","Fiend Fire","Shockwave","TheAbacus","HornCleat","Toolbox"],"campfire_rested":1,"item_purchase_floors":[2,2,2,14,54,54],"current_hp_per_floor":[49,49,26,28,28,12,34,40,40,40,44,15,15,30,30,30,64,42,41,44,44,44,44,44,33,33,33,33,26,26,41,41,28,63,69,69,70,75,75,75,75,75,75,75,75,75,75,75,75,60,68,73,73,75,75,53],"gold":44,"neow_bonus":"TWO_FIFTY_GOLD","is_daily":false,"chose_seed":false,"campfire_upgraded":7,"win_rate":0.0,"timestamp":1609836668,"path_taken":["M","$","?","M","?","E","R","E","T","?","M","E","R","$","R","BOSS","M","?","M","?","?","R","?","E","T","R","?","?","M","$","R","BOSS","M","?","M","?","M","E","M","R","T","E","?","E","M","?","R","BOSS","BOSS","R","$","E","BOSS"],"items_purchased_type":["Card","Card","Card","Relic","Relic","Relic"],"build_version":"2020-12-22","purchased_purges":2,"victory":true,"max_hp_per_floor":[75,75,75,75,75,75,75,75,75,75,75,75,75,75,75,75,75,75,75,75,75,75,75,75,75,75,75,75,75,75,75,75,75,75,75,75,75,75,75,75,75,75,75,75,75,75,75,75,75,75,75,75,75,75,75,75],"relic_stats":{"Gremlin Horn":[2,2],"counters":[27,119],"Astrolabe":["Power Through","Armaments","Clumsy"],"Pen Nib":[3],"Letter Opener":[193],"Burning Blood":123,"Mercury Hourglass":[36],"Centennial Puzzle":[37],"TheAbacus":[714],"MealTicket":32,"Art of War":[20],"obtain_stats":[{"Lantern":43,"Gremlin Horn":46,"Astrolabe":34,"Pen Nib":44,"Letter Opener":26,"Frozen Egg 2":40,"Ancient Tea Set":28,"Burning Blood":0,"Mercury Hourglass":55,"Frozen Eye":1,"Centennial Puzzle":12,"TheAbacus":14,"HornCleat":54,"Toolbox":54,"MealTicket":6,"Art of War":9,"Coffee Dripper":17,"Red Mask":19,"InkBottle":8,"Pocketwatch":25},{"Lantern":20,"Gremlin Horn":22,"Astrolabe":14,"Pen Nib":21,"Letter Opener":11,"Frozen Egg 2":19,"Ancient Tea Set":11,"Burning Blood":0,"Mercury Hourglass":26,"Frozen Eye":1,"Centennial Puzzle":6,"TheAbacus":6,"HornCleat":25,"Toolbox":25,"MealTicket":3,"Art of War":4,"Coffee Dripper":7,"Red Mask":9,"InkBottle":4,"Pocketwatch":11},{"Lantern":84,"Gremlin Horn":84,"Astrolabe":72,"Pen Nib":84,"Letter Opener":56,"Frozen Egg 2":83,"Ancient Tea Set":56,"Burning Blood":0,"Mercury Hourglass":107,"Frozen Eye":2,"Centennial Puzzle":28,"TheAbacus":28,"HornCleat":102,"Toolbox":102,"MealTicket":12,"Art of War":15,"Coffee Dripper":34,"Red Mask":45,"InkBottle":15,"Pocketwatch":56}],"InkBottle":[24],"Pocketwatch":[40]},"card_choices":[{"not_picked":["Flex","Cleave","Headbutt"],"picked":"SKIP","floor":1.0},{"not_picked":["Perfected Strike","Thunderclap"],"picked":"Burning Pact","floor":4.0},{"not_picked":["Rupture","Sword Boomerang","Uppercut"],"picked":"SKIP","floor":6.0},{"not_picked":["Flex","Headbutt"],"picked":"Impervious","floor":8.0},{"not_picked":["Dual Wield","Wild Strike","Ghostly Armor"],"picked":"SKIP","floor":11.0},{"not_picked":["Dual Wield","Wild Strike","Ghostly Armor"],"picked":"SKIP","floor":11.0},{"not_picked":["Anger","Thunderclap","Clothesline"],"picked":"SKIP","floor":12.0},{"not_picked":["Whirlwind","Anger","Twin Strike"],"picked":"SKIP","floor":18.0},{"not_picked":["Exhume","Thunderclap"],"picked":"Shrug It Off","floor":20.0},{"not_picked":["Havoc","Uppercut+1"],"picked":"Body Slam","floor":25.0},{"not_picked":["Combust","Shrug It Off","Armaments"],"picked":"SKIP","floor":29.0},{"not_picked":["Combust","Shrug It Off","Armaments"],"picked":"SKIP","floor":29.0},{"not_picked":["Anger","Bloodletting"],"picked":"Second Wind+1","floor":30.0},{"not_picked":["Body Slam+1","Twin Strike","Cleave"],"picked":"SKIP","floor":35},{"not_picked":["Searing Blow","Anger","Twin Strike"],"picked":"SKIP","floor":37},{"not_picked":["Uppercut+1","Inflame","Shrug It Off"],"picked":"SKIP","floor":38},{"not_picked":["Shockwave","Infernal Blade","Fire Breathing+1"],"picked":"SKIP","floor":39},{"not_picked":["Heavy Blade+1","Rupture+1"],"picked":"Reaper","floor":40},{"not_picked":["Combust+1","Clothesline","Dual Wield"],"picked":"SKIP","floor":41},{"not_picked":["Combust+1","Clothesline","Dual Wield"],"picked":"SKIP","floor":41},{"not_picked":["Infernal Blade+1","Havoc+1","Pommel Strike+1"],"picked":"SKIP","floor":44},{"not_picked":["Anger","Clothesline","Headbutt"],"picked":"SKIP","floor":46},{"not_picked":["Heavy Blade+1","Seeing Red","True Grit+1"],"picked":"SKIP","floor":47},{"not_picked":["Uppercut","Body Slam","True Grit+1"],"picked":"SKIP","floor":55}],"player_experience":1335746,"relics_obtained":[{"floor":6.0,"key":"MealTicket"},{"floor":8.0,"key":"InkBottle"},{"floor":9.0,"key":"Art of War"},{"floor":12.0,"key":"Centennial Puzzle"},{"floor":19.0,"key":"Red Mask"},{"floor":25.0,"key":"Pocketwatch"},{"floor":26.0,"key":"Letter Opener"},{"floor":40,"key":"Frozen Egg 2"},{"floor":43,"key":"Lantern"},{"floor":44,"key":"Pen Nib"},{"floor":46,"key":"Gremlin Horn"},{"floor":55,"key":"Mercury Hourglass"}],"event_choices":[{"damage_healed":0.0,"max_hp_gain":0.0,"max_hp_loss":0.0,"gold_gain":0.0,"event_name":"Shining Light","player_choice":"Entered Light","floor":3.0,"gold_loss":0.0,"damage_taken":23.0,"cards_upgraded":["Strike_R","Rupture"]},{"damage_healed":0.0,"max_hp_gain":0.0,"max_hp_loss":0.0,"gold_gain":0.0,"event_name":"Liars Game","player_choice":"Ignored","floor":5.0,"gold_loss":0.0,"damage_taken":0.0},{"damage_healed":0.0,"max_hp_gain":0.0,"max_hp_loss":0.0,"gold_gain":0.0,"cards_transformed":["Strike_R"],"event_name":"Living Wall","player_choice":"Change","floor":10.0,"gold_loss":0.0,"damage_taken":0.0,"cards_obtained":["Brutality"]},{"damage_healed":0.0,"max_hp_gain":0.0,"max_hp_loss":0.0,"gold_gain":0.0,"event_name":"Masked Bandits","player_choice":"Fought Bandits","floor":19.0,"gold_loss":0.0,"damage_taken":0.0},{"cards_removed":["Strike_R"],"damage_healed":0.0,"max_hp_gain":0.0,"max_hp_loss":0.0,"gold_gain":0.0,"event_name":"Beggar","player_choice":"Gave Gold","floor":21.0,"gold_loss":75.0,"damage_taken":0.0},{"damage_healed":0.0,"max_hp_gain":0.0,"max_hp_loss":0.0,"gold_gain":0.0,"event_name":"Forgotten Altar","player_choice":"Smashed Altar","floor":24.0,"gold_loss":0.0,"damage_taken":0.0,"cards_obtained":["Decay"]},{"damage_healed":0.0,"max_hp_gain":0.0,"max_hp_loss":0.0,"gold_gain":0.0,"event_name":"WeMeetAgain","player_choice":"Gave Potion","floor":28.0,"gold_loss":0.0,"damage_taken":0.0,"relics_obtained":["Ancient Tea Set"]},{"damage_healed":0,"gold_gain":0,"player_choice":"Copied","damage_taken":0,"max_hp_gain":0,"max_hp_loss":0,"event_name":"Duplicator","floor":36,"gold_loss":0,"cards_obtained":["Burning Pact"]},{"damage_healed":0,"gold_gain":222,"player_choice":"Wore Mask","damage_taken":0,"max_hp_gain":0,"max_hp_loss":0,"event_name":"Tomb of Lord Red Mask","floor":45,"gold_loss":0}],"is_beta":false,"boss_relics":[{"not_picked":["Fusion Hammer","Tiny House"],"picked":"Coffee Dripper"},{"not_picked":["Sozu","Snecko Eye"],"picked":"Astrolabe"}],"items_purged_floors":[31,48],"is_endless":false,"potions_floor_spawned":[4,11,12,16,18,20,29,33,37,38,39,55],"ascension_level":20}}