{"host":"p4zclu0beiy6gkiq","time":1609857360,"event":{"mods":["AchievementEnabler","BaseMod","Bestiary","Colored Map","Colored Powertips","DeckTracker","Minty Spire (QoL Compilation)","Quick Restart","StSLib","SuperFastMode","The Cursed"],"gold_per_floor":[113,113,113,131,144,144,144],"floor_reached":6,"playtime":338,"items_purged":[],"score":43,"play_id":"2bd8943b-77ca-4450-9a8a-f15c30b00312","local_time":"20210105233600","is_ascension_mode":true,"campfire_choices":[],"circlet_count":0,"master_deck":["Strike_R","Strike_R","Strike_R","Strike_R+1","Strike_R","Defend_R+1","Defend_R","Defend_R","Bash","Normality","Feed","Spot Weakness","Brutality","Sword Boomerang","Shrug It Off"],"relics":["Burning Blood"],"acts_visited":[],"potions_floor_usage":[],"damage_taken":[{"damage":4.0,"enemies":"2 Louse","floor":1.0,"turns":3.0},{"damage":17,"enemies":"Jaw Worm","floor":4,"turns":4},{"damage":6,"enemies":"Cultist","floor":5,"turns":5},{"damage":61,"enemies":"Gremlin Nob","floor":6,"turns":4}],"seed_played":"-7555587128246515114","potions_obtained":[{"floor":1.0,"key":"PowerPotion"},{"floor":4,"key":"Block Potion"}],"is_trial":false,"path_per_floor":["M","?","?","M","M","E"],"character_chosen":"IRONCLAD","items_purchased":[],"campfire_rested":0,"item_purchase_floors":[],"current_hp_per_floor":[83,66,66,58,61,0,0],"gold":144,"neow_bonus":"THREE_RARE_CARDS","is_daily":false,"chose_seed":false,"campfire_upgraded":0,"win_rate":0.0,"timestamp":1609857360,"path_taken":["M","?","?","?","M","E"],"items_purchased_type":[],"build_version":"2020-12-22","purchased_purges":0,"victory":false,"max_hp_per_floor":[83,83,83,86,89,89,89],"card_choices":[{"not_picked":["Impervious","Bludgeon"],"picked":"Feed","floor":0.0},{"not_picked":["Rage","Thunderclap"],"picked":"Spot Weakness","floor":1.0},{"not_picked":["Heavy Blade","Havoc"],"picked":"Sword Boomerang","floor":4},{"not_picked":["True Grit","Perfected Strike"],"picked":"Shrug It Off","floor":5}],"player_experience":248436,"relics_obtained":[],"event_choices":[{"damage_healed":0.0,"max_hp_gain":0.0,"max_hp_loss":0.0,"gold_gain":0.0,"event_name":"Shining Light","player_choice":"Entered Light","floor":2.0,"gold_loss":0.0,"damage_taken":17.0,"cards_upgraded":["Defend_R","Strike_R"]},{"damage_healed":0,"gold_gain":0,"cards_transformed":["Defend_R"],"player_choice":"Transformed","damage_taken":0,"max_hp_gain":0,"max_hp_loss":0,"event_name":"Transmorgrifier","floor":3,"gold_loss":0,"cards_obtained":["Brutality"]}],"is_beta":false,"boss_relics":[],"items_purged_floors":[],"is_endless":false,"potions_floor_spawned":[1,4],"killed_by":"Gremlin Nob","ascension_level":4}}