{"host":"91blwi3hgehj6ch9","time":1609888908,"event":{"mods":["2.2 Compatiblity","AchievementEnabler","BaseMod","Colored Map","DeckTracker","Keyboard Shortcuts","Minty Spire (QoL Compilation)","Permanent Neow","Quick Restart","StSLib","SuperFastMode"],"gold_per_floor":[126,155,178,190,202,214,8,8,56,56,68,89,89,164,164,164,164],"floor_reached":16,"playtime":526,"items_purged":["Strike_G"],"score":140,"play_id":"8cb40515-ab90-4a29-bf9e-bdf0ec41af28","local_time":"20210106082148","is_ascension_mode":true,"campfire_choices":[{"data":"PiercingWail","floor":6.0,"key":"SMITH"},{"data":"Tactician","floor":8.0,"key":"SMITH"},{"data":"Reflex","floor":10.0,"key":"SMITH"},{"data":"Adrenaline","floor":13.0,"key":"SMITH"},{"floor":15.0,"key":"REST"}],"circlet_count":0,"master_deck":["AscendersBane","Strike_G","Strike_G","Strike_G+1","Strike_G","Defend_G","Defend_G","Defend_G","Defend_G","Defend_G","Survivor","Neutralize","Footwork+1","Flechettes+1","PiercingWail+1","Well Laid Plans","Reflex+1","Tactician+1","Adrenaline+1"],"relics":["Ring of the Snake","MawBank","Orrery","CeramicFish"],"acts_visited":["Exordium"],"potions_floor_usage":[16],"damage_taken":[{"damage":9.0,"enemies":"Jaw Worm","floor":1.0,"turns":7.0},{"damage":0.0,"enemies":"Cultist","floor":2.0,"turns":7.0},{"damage":6.0,"enemies":"Small Slimes","floor":3.0,"turns":5.0},{"damage":1.0,"enemies":"Exordium Wildlife","floor":11.0,"turns":6.0},{"damage":19.0,"enemies":"3 Louse","floor":12.0,"turns":6.0},{"damage":32,"enemies":"Slime Boss","floor":16,"turns":9}],"seed_played":"-8962806448445043423","potions_obtained":[{"floor":1.0,"key":"EssenceOfSteel"},{"floor":3.0,"key":"DuplicationPotion"}],"is_trial":false,"path_per_floor":["M","M","M","?","?","R","$","R","T","R","M","M","R","?","R","B"],"character_chosen":"THE_SILENT","items_purchased":["Orrery"],"campfire_rested":1,"item_purchase_floors":[7],"current_hp_per_floor":[54,54,48,34,34,34,34,34,34,34,33,14,14,3,24,0,0],"gold":164,"neow_bonus":"RANDOM_COMMON_RELIC","is_daily":false,"chose_seed":false,"campfire_upgraded":4,"win_rate":0.0,"timestamp":1609888908,"path_taken":["M","M","M","?","?","R","$","R","T","R","?","?","R","?","R","BOSS"],"items_purchased_type":["Relic"],"build_version":"2020-12-22","purchased_purges":1,"victory":false,"max_hp_per_floor":[70,70,70,70,70,70,70,70,70,70,70,70,70,70,70,70,70],"card_choices":[{"not_picked":["Deflect","Accuracy"],"picked":"Footwork","floor":1.0},{"not_picked":["Finisher","Quick Slash"],"picked":"Flechettes","floor":2.0},{"not_picked":["Concentrate","Skewer"],"picked":"PiercingWail","floor":3.0},{"not_picked":["Blade Dance","Bane"],"picked":"Well Laid Plans","floor":7.0},{"not_picked":["Bane","Caltrops"],"picked":"Reflex","floor":7.0},{"not_picked":["Footwork","Dagger Spray"],"picked":"Tactician","floor":7.0},{"not_picked":["Catalyst","Sucker Punch","Poisoned Stab"],"picked":"SKIP","floor":11.0},{"not_picked":["Dodge and Roll","Dagger Throw"],"picked":"Adrenaline","floor":12.0}],"player_experience":87908,"relics_obtained":[{"floor":9.0,"key":"CeramicFish"}],"event_choices":[{"damage_healed":0.0,"max_hp_gain":0.0,"max_hp_loss":0.0,"gold_gain":0.0,"event_name":"Shining Light","player_choice":"Entered Light","floor":4.0,"gold_loss":0.0,"damage_taken":14.0,"cards_upgraded":["Footwork","Strike_G"]},{"damage_healed":0.0,"max_hp_gain":0.0,"max_hp_loss":0.0,"gold_gain":0.0,"event_name":"Upgrade Shrine","player_choice":"Upgraded","floor":5.0,"gold_loss":0.0,"damage_taken":0.0,"cards_upgraded":["Flechettes"]},{"damage_healed":0.0,"max_hp_gain":0.0,"max_hp_loss":0.0,"gold_gain":75.0,"event_name":"World of Goop","player_choice":"Gather Gold","floor":14.0,"gold_loss":0.0,"damage_taken":11.0}],"is_beta":false,"boss_relics":[],"items_purged_floors":[7],"is_endless":false,"potions_floor_spawned":[1,3],"killed_by":"Slime Boss","ascension_level":11}}