{"host":"dnd25fcf5l5puhl9","time":1609889866,"event":{"mods":["AchievementEnabler","Act Like it!","BaseMod","BetterRewards","Colored Map","Colored Powertips","Downfall","Infinite Spire","Marisa????????","Minty Spire (QoL Compilation)","Replay The Spire","StSLib","SuperFastMode"],"gold_per_floor":[132,132,167,167,207,263,263,316,342,402,402,402,440,468,468,588,588,628,154,69,149,185,185,261,261,288,288,344,344,344,396,396,560,560,639,764,207,259,259,383,383,460,460,460,487,584,705,793,793,837,837],"floor_reached":50,"playtime":3826,"items_purged":["ManaRampage"],"score":716,"play_id":"92c74b54-0540-4c23-8175-489afcb5f276","local_time":"20210105213746","is_ascension_mode":false,"campfire_choices":[{"data":"1","floor":7.0,"key":"LIFT"},{"floor":11.0,"key":"REST"},{"data":"2","floor":15.0,"key":"LIFT"},{"data":"3","floor":25.0,"key":"LIFT"},{"floor":32.0,"key":"REST"},{"data":"Voices","floor":41,"key":"PURGE"},{"floor":44,"key":"REST"},{"data":"Massacre+1","floor":49,"key":"PURGE"}],"circlet_count":0,"master_deck":["Strike_MRS+1","Strike_MRS+1","Strike_MRS+1","Strike_MRS+1","Defend_MRS+1","Defend_MRS+1","Defend_MRS+1","Defend_MRS+1","MasterSpark","UpSweep","PropBag+1","WitchOfGreed+1","6A","SuperPerseids+1","GrandCross","MilkyWay","CollectingQuirk+1","infinitespire:NeuralNetwork","SprinkleStarSeal","Robbery","AsteroidBelt+1","DoubleSpark+1","AbeCurse","BootSequence+1","champ:ShieldWall+1","Replay:Undeath\u0027s Touch+1"],"relics":["MiniHakkero","Ice Cream","Girya","Regal Pillow","Tiny Chest","Orichalcum","Blue Doll","Replay:Bronze Core","infinitespire:Broken Mirror","Guide Book","Peace Pipe","War Paint","Vajra","PrismaticShard","Snack Pack","Prayer Wheel","infinitespire:EvilPickle","Black Star","PreservedInsect","Letter Opener","Sling","StrikeDummy","Ring of Chaos","Bronze Scales","Centennial Puzzle","Replay:Wax Seal","Happy Flower","Replay:Baseball","Thread and Needle","AmplifyWand"],"acts_visited":["Exordium","TheCity","TheBeyond"],"potions_floor_usage":[40,46,50,50],"damage_taken":[{"damage":7.0,"enemies":"2 Louse","floor":1.0,"turns":3.0},{"damage":1.0,"enemies":"Jaw Worm","floor":3.0,"turns":4.0},{"damage":2.0,"enemies":"Small Slimes","floor":5.0,"turns":4.0},{"damage":4.0,"enemies":"3 Sentries","floor":6.0,"turns":6.0},{"damage":6.0,"enemies":"Lagavulin","floor":8.0,"turns":6.0},{"damage":11.0,"enemies":"3 Sentries","floor":10.0,"turns":10.0},{"damage":10.0,"enemies":"Exordium Wildlife","floor":13.0,"turns":4.0},{"damage":5.0,"enemies":"Gremlin Nob","floor":14.0,"turns":3.0},{"damage":0.0,"enemies":"Slime Boss","floor":16.0,"turns":6.0},{"damage":5.0,"enemies":"Chosen","floor":18.0,"turns":6.0},{"damage":9.0,"enemies":"Shell Parasite","floor":21.0,"turns":6.0},{"damage":24.0,"enemies":"Snake Plant","floor":22.0,"turns":4.0},{"damage":10.0,"enemies":"Book of Stabbing","floor":24.0,"turns":5.0},{"damage":22.0,"enemies":"Slavers","floor":28.0,"turns":4.0},{"damage":10.0,"enemies":"Shelled Parasite and Fungi","floor":31.0,"turns":4.0},{"damage":25.0,"enemies":"Pondfish","floor":33.0,"turns":11.0},{"damage":0,"enemies":"Orb Walker","floor":35,"turns":2},{"damage":0,"enemies":"3 Shapes","floor":36,"turns":5},{"damage":22,"enemies":"Nemesis","floor":40,"turns":7},{"damage":0,"enemies":"Maw","floor":42,"turns":6},{"damage":4,"enemies":"3 Darklings","floor":46,"turns":3},{"damage":0,"enemies":"R_Hoarder","floor":47,"turns":4},{"damage":4,"enemies":"Spire Growth","floor":48,"turns":4}],"seed_played":"-2453875548660009492","potions_obtained":[{"floor":1.0,"key":"BottledSpark"},{"floor":3.0,"key":"BottledSpark"},{"floor":5.0,"key":"DuplicationPotion"},{"floor":6.0,"key":"ColorlessPotion"},{"floor":8.0,"key":"SpeedPotion"},{"floor":8.0,"key":"LifebloodPotion"},{"floor":10.0,"key":"FearPotion"},{"floor":14.0,"key":"Dexterity Potion"},{"floor":16.0,"key":"StarNLove"},{"floor":22.0,"key":"PowerPotion"},{"floor":28.0,"key":"AttackPotion"},{"floor":33.0,"key":"EssenceOfSteel"},{"floor":40,"key":"SteroidPotion"},{"floor":42,"key":"Energy Potion"},{"floor":46,"key":"sneckomod:MuddlingPotion"}],"is_trial":false,"path_per_floor":["M","?","M","?","M","E","R","E","T","E","R","?","M","E","R","B",null,"M","$","?","M","M","?","E","R","T","AVR","E","T","?","M","R","B",null,"M","M","$","?","?","E","R","M","T","R","T","M","E","M","R","B"],"character_chosen":"MARISA","items_purchased":["PropBag+1","WitchOfGreed","Girya","infinitespire:Broken Mirror","Guide Book","PreservedInsect","Letter Opener","Sling"],"campfire_rested":3,"item_purchase_floors":[0,0,0,19,19,37,37,37],"current_hp_per_floor":[52,52,51,51,49,45,45,39,39,28,65,46,36,43,43,43,75,70,70,70,61,37,62,52,52,52,52,30,30,30,20,57,42,75,75,75,75,57,57,39,39,45,45,75,75,73,75,73,73,0,0],"gold":837,"neow_bonus":"","is_daily":false,"chose_seed":false,"campfire_upgraded":0,"win_rate":0.0,"timestamp":1609889866,"path_taken":["M","?","M","?","M","E","R","E","T","E","R","?","M","E","R","BOSS","M","$","?","M","M","?","E","R","T","AVR","E","?","?","M","R","BOSS","M","M","$","?","?","E","R","M","T","R","?","?","E","M","R","BOSS"],"items_purchased_type":["Card","Card","Relic","Relic","Relic","Relic","Relic","Relic"],"build_version":"2020-12-22","purchased_purges":1,"victory":false,"max_hp_per_floor":[75,75,75,75,75,75,75,75,75,75,75,75,75,75,75,75,75,75,75,75,75,75,75,75,75,75,75,75,75,75,75,75,75,75,75,75,75,75,75,75,75,75,75,75,75,75,75,75,75,75,75],"card_choices":[{"not_picked":["AlicesGift","PowerUp"],"picked":"6A","floor":1.0},{"not_picked":["Acceleration","MysteriousBeam"],"picked":"SuperPerseids","floor":3.0},{"not_picked":["StarBarrage","GravityBeat"],"picked":"GrandCross","floor":5.0},{"not_picked":["MagicChant","PowerUp"],"picked":"MilkyWay","floor":6.0},{"not_picked":["BlazeAway","MaximisePower","WitchLeyline"],"picked":"SKIP","floor":8.0},{"not_picked":["PulseMagic","Orbital"],"picked":"CollectingQuirk","floor":10.0},{"not_picked":["infinitespire:Collect","infinitespire:SealOfDarkness+"],"picked":"infinitespire:NeuralNetwork","floor":12.0},{"not_picked":["ChargingUp","Occultation","6A"],"picked":"SKIP","floor":13.0},{"not_picked":["EnergyRecoil","ChargeUpSpray"],"picked":"SprinkleStarSeal","floor":14.0},{"not_picked":["StarDustReverie","BlazingStar"],"picked":"ManaRampage","floor":16.0},{"not_picked":["AlicesGift","6A"],"picked":"Robbery","floor":18.0},{"not_picked":["Acceleration","6A","WitchLeyline"],"picked":"SKIP","floor":21.0},{"not_picked":["NonDirectionalLaser","Singularity","ShootingEcho+1"],"picked":"SKIP","floor":22.0},{"not_picked":["ChargingUp","Occultation"],"picked":"AsteroidBelt+1","floor":24.0},{"not_picked":["FlurryOfBlows+1","Acrobatics","Singularity"],"picked":"SKIP","floor":28.0},{"not_picked":["champ:FlashCut","Slimebound:GoopSpray+1"],"picked":"DoubleSpark+1","floor":31.0},{"not_picked":["Slimebound:RollThrough","Tempest","Guardian:PrimingBeam+1"],"picked":"SKIP","floor":31.0},{"not_picked":["Flex","Guardian:GatlingBeam"],"picked":"BootSequence+1","floor":35},{"not_picked":["Heavy Blade+1","Havoc","hexamod:AdvancingGuard+1"],"picked":"SKIP","floor":35},{"not_picked":["champ:FlashCut","Compile Driver"],"picked":"Massacre+1","floor":36},{"not_picked":["Dramatic Entrance","BlazeAway+1","Slimebound:Equalize"],"picked":"SKIP","floor":36},{"not_picked":["champ:PerfectedStrike","PowerUp+1"],"picked":"champ:ShieldWall+1","floor":38},{"not_picked":["MagicAbsorber","champ:Devastate","MilkyWay+1"],"picked":"SKIP","floor":40},{"not_picked":["Slimebound:SplitMire+1","sneckomod:RainOfDice+1","Replay:AllIn"],"picked":"SKIP","floor":42},{"not_picked":["Guardian:VentSteam","hexamod:HauntingEcho","sneckomod:UnknownCommonAttack+1"],"picked":"SKIP","floor":42},{"not_picked":["IllusionStar","ReplayTheSpireMod:Exploit Weakness+1"],"picked":"Replay:Undeath\u0027s Touch+1","floor":46},{"not_picked":["champ:FocusedDefense","Entrench","hexamod:NightmareStrike"],"picked":"SKIP","floor":46},{"not_picked":["Slimebound:GrowthPunch+1","FIFO Queue","Outmaneuver+1"],"picked":"SKIP","floor":47},{"not_picked":["Slimebound:SlimeSpikes+1","Sword Boomerang+1","Bane+1"],"picked":"SKIP","floor":48},{"not_picked":["champ:BerserkersShout+1","hexamod:NightmareStrike+1","hexamod:BacktrackSmack"],"picked":"SKIP","floor":48}],"player_experience":504715,"relics_obtained":[{"floor":6.0,"key":"Regal Pillow"},{"floor":8.0,"key":"Tiny Chest"},{"floor":10.0,"key":"Orichalcum"},{"floor":14.0,"key":"Blue Doll"},{"floor":24.0,"key":"War Paint"},{"floor":26.0,"key":"Vajra"},{"floor":28.0,"key":"Snack Pack"},{"floor":29.0,"key":"Prayer Wheel"},{"floor":38,"key":"StrikeDummy"},{"floor":39,"key":"Ring of Chaos"},{"floor":40,"key":"Bronze Scales"},{"floor":40,"key":"Centennial Puzzle"},{"floor":43,"key":"Replay:Wax Seal"},{"floor":45,"key":"Happy Flower"},{"floor":47,"key":"Replay:Baseball"},{"floor":47,"key":"Thread and Needle"}],"event_choices":[{"damage_healed":0.0,"max_hp_gain":0.0,"max_hp_loss":0.0,"gold_gain":0.0,"event_name":"Liars Game","player_choice":"Ignored","floor":2.0,"gold_loss":0.0,"damage_taken":0.0},{"damage_healed":0.0,"max_hp_gain":0.0,"max_hp_loss":0.0,"gold_gain":0.0,"event_name":"Living Wall","player_choice":"Grow","floor":4.0,"gold_loss":0.0,"damage_taken":0.0,"cards_upgraded":["WitchOfGreed"]},{"damage_healed":0.0,"max_hp_gain":0.0,"max_hp_loss":0.0,"gold_gain":0.0,"event_name":"Addict","player_choice":"Obtained Relic","floor":20.0,"gold_loss":85.0,"damage_taken":0.0,"relics_obtained":["Peace Pipe"]},{"damage_healed":25.0,"max_hp_gain":0.0,"max_hp_loss":0.0,"gold_gain":0.0,"event_name":"The Library","player_choice":"Heal","floor":23.0,"gold_loss":0.0,"damage_taken":0.0},{"damage_healed":0.0,"max_hp_gain":0.0,"max_hp_loss":0.0,"gold_gain":0.0,"event_name":"Back to Basics","player_choice":"Simplicity","floor":30.0,"gold_loss":0.0,"damage_taken":0.0,"cards_upgraded":["Strike_MRS","Strike_MRS","Strike_MRS","Strike_MRS","Defend_MRS","Defend_MRS"]}],"is_beta":false,"boss_relics":[{"not_picked":["Painkiller Herb","Abe\u0027s Treasure"],"picked":"Replay:Bronze Core"},{"not_picked":["Tiny House","infinitespire:Cupcake"],"picked":"Black Star"}],"items_purged_floors":[19],"is_endless":false,"potions_floor_spawned":[6,8,14,28,31,36,42,48],"killed_by":"infinitespire:MassOfShapes","ascension_level":0}}