{"host":"8i4doyxqctgl5qb0","time":1609858175,"event":{"mods":["AchievementEnabler","BaseMod","Block Reminder","Colored Powertips","Downfall","Marisa£®ÏF”Í°°ƒß¿Ì…≥£©","Minty Spire (QoL Compilation)","Permanent Neow","Potion Indicator Mod","Rare Cards Sparkle","StSLib","SuperFastMode"],"gold_per_floor":[111,111,61,72,85,85,260,260,260,290,290,290,319,319,319,424,424,441,441,391,405,44,44,44],"floor_reached":23,"playtime":687,"items_purged":["Doubt","Defend_P"],"score":266,"play_id":"e312144b-89e1-4cc5-85c0-fc3735b8c317","local_time":"20210105224935","is_ascension_mode":true,"campfire_choices":[{"data":"LikeWater","floor":6.0,"key":"SMITH"},{"data":"Eruption","floor":8.0,"key":"SMITH"},{"floor":12.0,"key":"REST"},{"data":"Devotion","floor":15.0,"key":"SMITH"}],"circlet_count":0,"master_deck":["Strike_P","Strike_P","Strike_P","Defend_P","Defend_P","Eruption+1","Vigilance","Adaptation","LikeWater+1","Study","ReachHeaven","Devotion+1","DevaForm","Wallop","JustLucky","Apotheosis","expansioncontent:Flail"],"relics":["HolyWater","NeowsBlessing","Eternal Feather","InkBottle","Shuriken","Smiling Mask"],"acts_visited":["Exordium","TheCity"],"potions_floor_usage":[23],"damage_taken":[{"damage":0.0,"enemies":"Small Slimes","floor":1.0,"turns":1.0},{"damage":0.0,"enemies":"Jaw Worm","floor":4.0,"turns":1.0},{"damage":0.0,"enemies":"2 Louse","floor":5.0,"turns":1.0},{"damage":16.0,"enemies":"3 Sentries","floor":10.0,"turns":16.0},{"damage":0.0,"enemies":"Gremlin Nob","floor":13.0,"turns":2.0},{"damage":37.0,"enemies":"Hexaghost","floor":16.0,"turns":9.0},{"damage":18.0,"enemies":"Chosen","floor":18.0,"turns":5.0},{"damage":0.0,"enemies":"2 Thieves","floor":19.0,"turns":1.0},{"damage":27.0,"enemies":"3 Cultists","floor":21.0,"turns":7.0},{"damage":28,"enemies":"Book of Stabbing","floor":23,"turns":3}],"seed_played":"6602486233194965998","potions_obtained":[{"floor":1.0,"key":"BottledMiracle"},{"floor":4.0,"key":"Guardian:BlockOnCardUsePotion"},{"floor":10.0,"key":"Fire Potion"},{"floor":18.0,"key":"SmokeBomb"}],"is_trial":false,"path_per_floor":["M","?","?","M","M","R","?","R","T","E","?","R","E","?","R","B",null,"M","M","$","M","$","E"],"character_chosen":"WATCHER","items_purchased":["Apotheosis","PowerPotion","expansioncontent:Flail"],"campfire_rested":1,"item_purchase_floors":[22,22,22],"current_hp_per_floor":[72,65,65,65,65,65,65,65,65,49,24,51,51,72,72,35,72,54,54,54,27,27,0,0],"gold":44,"neow_bonus":"THREE_ENEMY_KILL","is_daily":false,"chose_seed":false,"campfire_upgraded":3,"win_rate":0.0,"timestamp":1609858175,"path_taken":["M","?","?","M","?","R","?","R","T","E","?","R","E","?","R","BOSS","M","M","?","?","$","E"],"items_purchased_type":["Card","Potion","Card"],"build_version":"2020-12-22","purchased_purges":2,"victory":false,"max_hp_per_floor":[72,72,72,72,72,72,72,72,72,72,72,72,72,72,72,72,72,72,72,72,72,72,72,72],"card_choices":[{"not_picked":["Consecrate","Evaluate"],"picked":"Adaptation","floor":1.0},{"not_picked":["FlyingSleeves","Indignation"],"picked":"LikeWater","floor":4.0},{"not_picked":["Consecrate","CutThroughFate"],"picked":"Study","floor":5.0},{"not_picked":["CarveReality","InnerPeace"],"picked":"ReachHeaven","floor":10.0},{"not_picked":["Prostrate","EmptyFist"],"picked":"Devotion","floor":13.0},{"not_picked":["Judgement","Establishment"],"picked":"DevaForm","floor":16.0},{"not_picked":["ClearTheMind","FlyingSleeves"],"picked":"Wallop","floor":18.0},{"not_picked":["PathToVictory","EmptyFist"],"picked":"JustLucky","floor":21.0}],"player_experience":87293,"relics_obtained":[{"floor":9.0,"key":"Eternal Feather"},{"floor":10.0,"key":"InkBottle"},{"floor":13.0,"key":"Smiling Mask"}],"event_choices":[{"cards_removed":["Defend_P"],"damage_healed":0.0,"max_hp_gain":0.0,"max_hp_loss":0.0,"gold_gain":0.0,"event_name":"Golden Wing","player_choice":"Card Removal","floor":2.0,"gold_loss":0.0,"damage_taken":7.0},{"cards_removed":["Strike_P"],"damage_healed":0.0,"max_hp_gain":0.0,"max_hp_loss":0.0,"gold_gain":0.0,"event_name":"The Cleric","player_choice":"Card Removal","floor":3.0,"gold_loss":50.0,"damage_taken":0.0},{"damage_healed":0.0,"max_hp_gain":0.0,"max_hp_loss":0.0,"gold_gain":175.0,"event_name":"Liars Game","player_choice":"AGREE","floor":7.0,"gold_loss":0.0,"damage_taken":0.0,"cards_obtained":["Doubt"]},{"damage_healed":0.0,"max_hp_gain":0.0,"max_hp_loss":0.0,"gold_gain":0.0,"event_name":"Scrap Ooze","player_choice":"Success","floor":11.0,"gold_loss":0.0,"damage_taken":25.0,"relics_obtained":["Shuriken"]},{"damage_healed":21.0,"max_hp_gain":0.0,"max_hp_loss":0.0,"gold_gain":0.0,"event_name":"Wheel of Change","player_choice":"Full Heal","floor":14.0,"gold_loss":0.0,"damage_taken":0.0}],"is_beta":false,"boss_relics":[{"not_picked":["Fusion Hammer","SlaversCollar"],"picked":"HolyWater"}],"items_purged_floors":[20,22],"is_endless":false,"potions_floor_spawned":[1,4,10,18,19],"killed_by":"Book of Stabbing","ascension_level":4}}