{"host":"2he95iptrbxkejc1","time":1609866074,"event":{"mods":["AchievementEnabler","BaseMod","Colored Powertips","Hermit","Infinite Spire","Marisa????????","Minty Spire (QoL Compilation)","Random Character Mod","Replay The Spire","StSLib","The Cursed","The Hierophant","The Marked","The Mystic","The Poker Player","The Runesmith","The Servant 0.9.4"],"gold_per_floor":[116,132,152,170,170,199,209,209,209,209,181,181,196,21,21,21,21],"floor_reached":16,"playtime":716,"items_purged":["Defend_P"],"score":112,"play_id":"18eaeabb-f328-4e8c-9002-01db9a19931c","local_time":"20210105170114","is_ascension_mode":false,"campfire_choices":[{"floor":8,"key":"REST"},{"floor":15,"key":"REST"}],"circlet_count":0,"master_deck":["Strike_P","Strike_P","Strike_P","Defend_P","Defend_P","Eruption","Vigilance","PathToVictory","ClearTheMind","CarveReality","Blasphemy","FlurryOfBlows","Crescendo","Prostrate"],"relics":["PureWater","Replay:WaspNest","Darkstone Periapt"],"acts_visited":["Exordium"],"potions_floor_usage":[10],"damage_taken":[{"damage":7,"enemies":"Cultist","floor":1,"turns":3},{"damage":2,"enemies":"Jaw Worm","floor":2,"turns":4},{"damage":0,"enemies":"2 Louse","floor":3,"turns":2},{"damage":3,"enemies":"Gremlin Gang","floor":4,"turns":3},{"damage":44,"enemies":"Gremlin Nob","floor":6,"turns":4},{"damage":8,"enemies":"Large Slime","floor":7,"turns":3},{"damage":22,"enemies":"3 Sentries","floor":10,"turns":3},{"damage":0,"enemies":"Blue Slaver","floor":13,"turns":2},{"damage":52,"enemies":"The Guardian","floor":16,"turns":3}],"seed_played":"6700051567641905779","potions_obtained":[{"floor":2,"key":"Ancient Potion"},{"floor":6,"key":"SmokeBomb"},{"floor":7,"key":"Energy Potion"}],"is_trial":false,"path_per_floor":["M","M","M","M","?","E","M","R","T","E","?","?","M","$","R","B"],"character_chosen":"WATCHER","items_purchased":["Crescendo","Prostrate"],"campfire_rested":2,"item_purchase_floors":[14,14],"current_hp_per_floor":[65,63,63,60,65,21,13,36,36,14,14,14,14,14,37,0,0],"gold":21,"neow_bonus":"REMOVE_CARD","is_daily":false,"chose_seed":false,"campfire_upgraded":0,"win_rate":0.0,"timestamp":1609866074,"path_taken":["M","M","M","M","?","E","M","R","T","E","?","?","M","$","R","BOSS"],"items_purchased_type":["Card","Card"],"build_version":"2020-12-22","purchased_purges":1,"victory":false,"max_hp_per_floor":[72,72,72,72,77,77,77,77,77,77,77,77,77,77,77,77,77],"card_choices":[{"not_picked":["BowlingBash","InnerPeace"],"picked":"PathToVictory","floor":1},{"not_picked":["ThirdEye","InnerPeace"],"picked":"ClearTheMind","floor":2},{"not_picked":["BowlingBash","LikeWater"],"picked":"CarveReality","floor":3},{"not_picked":["Replay:BluntJabs","Worship"],"picked":"Blasphemy","floor":4},{"not_picked":["CrushJoints","Nirvana","FollowUp"],"picked":"SKIP","floor":6},{"not_picked":["WreathOfFlame","Swivel","Replay:BluntJabs"],"picked":"SKIP","floor":7},{"not_picked":["Nirvana","Replay:AtTheReady"],"picked":"FlurryOfBlows","floor":13}],"player_experience":77531,"relics_obtained":[{"floor":6,"key":"Replay:WaspNest"},{"floor":9,"key":"Darkstone Periapt"}],"event_choices":[{"damage_healed":0,"gold_gain":0,"player_choice":"Donut","damage_taken":0,"max_hp_gain":5,"max_hp_loss":0,"event_name":"Big Fish","floor":5,"gold_loss":0},{"damage_healed":0,"gold_gain":0,"player_choice":"Left Gold","damage_taken":0,"max_hp_gain":0,"max_hp_loss":0,"event_name":"World of Goop","floor":11,"gold_loss":28},{"cards_removed":["Strike_P"],"damage_healed":0,"gold_gain":0,"player_choice":"Purged","damage_taken":0,"max_hp_gain":0,"max_hp_loss":0,"event_name":"Purifier","floor":12,"gold_loss":0}],"is_beta":false,"boss_relics":[],"items_purged_floors":[14],"is_endless":false,"potions_floor_spawned":[2,6,7,10],"killed_by":"The Guardian","ascension_level":0}}