{"host":"hw39lwcp0ma2fmrr","time":1609816293,"event":{"mods":["BaseMod","Minty Spire (QoL Compilation)"],"gold_per_floor":[111,121,134,134,151,177,242,242,265,265,285,301,301,334,334,435,435,447,68,78,97,112,112,112,146,146,170,182,182],"floor_reached":28,"playtime":1570,"items_purged":["Strike_G"],"score":350,"play_id":"e36246bd-89a0-4d45-81c8-bf1ba1cbc1f0","local_time":"20210104211133","is_ascension_mode":true,"campfire_choices":[{"floor":8,"key":"REST"},{"floor":13,"key":"REST"},{"floor":15,"key":"REST"},{"floor":23,"key":"REST"}],"circlet_count":0,"master_deck":["Strike_G","Strike_G","Strike_G","Defend_G","Defend_G","Defend_G","Defend_G","Defend_G","Survivor","Neutralize","Deep Breath","Caltrops","Deadly Poison","Dagger Spray","Finisher","Dash","Noxious Fumes","Cloak And Dagger","Bullet Time","Blade Dance","Envenom","Riddle With Holes","Sadistic Nature","Infinite Blades","Backflip","Prepared","Backflip","A Thousand Cuts","Choke+1","Crippling Poison"],"relics":["Ring of the Snake","Nunchaku","Lantern","Tiny Chest","Dream Catcher","Sozu","Pen Nib","MawBank"],"acts_visited":["Exordium","TheCity"],"potions_floor_usage":[6,7,16,16,22,22],"damage_taken":[{"damage":6,"enemies":"Jaw Worm","floor":1,"turns":6},{"damage":3,"enemies":"Small Slimes","floor":2,"turns":4},{"damage":0,"enemies":"Cultist","floor":3,"turns":4},{"damage":0,"enemies":"3 Louse","floor":5,"turns":3},{"damage":40,"enemies":"Lagavulin","floor":6,"turns":9},{"damage":1,"enemies":"Gremlin Nob","floor":7,"turns":4},{"damage":12,"enemies":"Lots of Slimes","floor":11,"turns":2},{"damage":13,"enemies":"Exordium Thugs","floor":12,"turns":6},{"damage":18,"enemies":"3 Sentries","floor":14,"turns":6},{"damage":25,"enemies":"The Guardian","floor":16,"turns":9},{"damage":5,"enemies":"Shell Parasite","floor":18,"turns":5},{"damage":25,"enemies":"Spheric Guardian","floor":20,"turns":4},{"damage":0,"enemies":"Snecko","floor":21,"turns":3},{"damage":12,"enemies":"Cultist and Chosen","floor":22,"turns":6},{"damage":26,"enemies":"Gremlin Leader","floor":25,"turns":5},{"damage":7,"enemies":"3 Cultists","floor":28,"turns":3}],"seed_played":"-7830747858847643916","potions_obtained":[{"floor":2,"key":"EssenceOfSteel"},{"floor":5,"key":"GhostInAJar"},{"floor":7,"key":"AttackPotion"},{"floor":10,"key":"Weak Potion"},{"floor":10,"key":"DistilledChaos"},{"floor":11,"key":"Energy Potion"},{"floor":16,"key":"Dexterity Potion"}],"is_trial":false,"path_per_floor":["M","M","M","?","M","E","?","R","T","?","M","M","R","E","R","B",null,"M","$","M","M","M","R","?","E","T","T","M"],"character_chosen":"THE_SILENT","items_purchased":["Sadistic Nature","Infinite Blades","Backflip","Prepared"],"campfire_rested":4,"item_purchase_floors":[19,19,19,19],"current_hp_per_floor":[57,54,54,47,47,7,6,27,27,27,15,2,23,5,26,1,53,48,48,23,23,11,32,32,6,6,6,0,0],"gold":182,"neow_bonus":"RANDOM_COLORLESS","is_daily":false,"chose_seed":false,"campfire_upgraded":0,"win_rate":0.0,"timestamp":1609816293,"path_taken":["M","M","M","?","M","E","?","R","T","?","M","M","R","E","R","BOSS","M","$","M","?","M","R","?","E","T","?","?"],"items_purchased_type":["Card","Card","Card","Card"],"build_version":"2020-12-22","purchased_purges":1,"victory":false,"max_hp_per_floor":[70,70,70,70,70,70,70,70,70,70,70,70,70,70,70,70,70,70,70,70,70,70,70,70,70,70,70,70,70],"card_choices":[{"not_picked":["Impatience","Dark Shackles"],"picked":"Deep Breath","floor":0},{"not_picked":["Prepared","Heel Hook"],"picked":"Caltrops","floor":1},{"not_picked":["Terror","Poisoned Stab"],"picked":"Deadly Poison","floor":2},{"not_picked":["Flying Knee","Dagger Throw"],"picked":"Dagger Spray","floor":3},{"not_picked":["Predator","Acrobatics"],"picked":"Finisher","floor":5},{"not_picked":["Bane","Flying Knee"],"picked":"Dash","floor":6},{"not_picked":["Prepared","Quick Slash"],"picked":"Noxious Fumes","floor":7},{"not_picked":["Blur","Slice"],"picked":"Cloak And Dagger","floor":11},{"not_picked":["Acrobatics","Calculated Gamble","Bane"],"picked":"SKIP","floor":12},{"not_picked":["Outmaneuver","PiercingWail"],"picked":"Bullet Time","floor":14},{"not_picked":["Concentrate","Predator"],"picked":"Blade Dance","floor":15},{"not_picked":["Grand Finale","Tools of the Trade"],"picked":"Envenom","floor":16},{"not_picked":["Slice","Deflect"],"picked":"Riddle With Holes","floor":18},{"not_picked":["Quick Slash+1","Sucker Punch"],"picked":"Backflip","floor":20},{"not_picked":["Sucker Punch","Skewer+1","Underhanded Strike"],"picked":"SKIP","floor":21},{"not_picked":["Sucker Punch","Quick Slash+1"],"picked":"A Thousand Cuts","floor":22},{"not_picked":["Dagger Throw","PiercingWail+1"],"picked":"Choke+1","floor":23},{"not_picked":["Malaise","Dagger Throw"],"picked":"Crippling Poison","floor":25}],"player_experience":308471,"relics_obtained":[{"floor":6,"key":"Nunchaku"},{"floor":7,"key":"Lantern"},{"floor":9,"key":"Tiny Chest"},{"floor":14,"key":"Dream Catcher"},{"floor":25,"key":"Pen Nib"},{"floor":27,"key":"MawBank"}],"event_choices":[{"cards_removed":["Strike_G"],"damage_healed":0,"gold_gain":0,"player_choice":"Card Removal","damage_taken":7,"max_hp_gain":0,"max_hp_loss":0,"event_name":"Golden Wing","floor":4,"gold_loss":0},{"damage_healed":0,"gold_gain":30,"player_choice":"Searched \u00272\u0027 times","damage_taken":0,"max_hp_gain":0,"max_hp_loss":0,"event_name":"Dead Adventurer","floor":7,"gold_loss":0},{"damage_healed":0,"gold_gain":0,"player_choice":"Got Potions","damage_taken":0,"max_hp_gain":0,"max_hp_loss":0,"event_name":"Lab","floor":10,"gold_loss":0},{"damage_healed":0,"gold_gain":0,"player_choice":"0 cards matched","damage_taken":0,"max_hp_gain":0,"max_hp_loss":0,"event_name":"Match and Keep!","floor":24,"gold_loss":0,"cards_obtained":[]}],"is_beta":false,"boss_relics":[{"not_picked":["Black Star","HoveringKite"],"picked":"Sozu"}],"items_purged_floors":[19],"is_endless":false,"potions_floor_spawned":[2,5,7,11,16,18,22],"killed_by":"3 Cultists","ascension_level":8}}