{"host":"6qo42zgaknezulyg","time":1609815446,"event":{"mods":["2.2 Compatiblity","BaseMod","Colored Map","Downfall","Keyboard Shortcuts","Minty Spire (QoL Compilation)","Permanent Neow","Quick Restart","StSLib","SuperFastMode"],"gold_per_floor":[349,364,384,401,119,136,162,162,162,195,215,231,245,262,281,281,281],"floor_reached":16,"playtime":791,"items_purged":["bronze:Strike"],"score":119,"play_id":"7c1abf61-48ae-4d3c-89dc-453c7e0653df","local_time":"20210105115726","is_ascension_mode":true,"campfire_choices":[{"data":"bronze:Goto","floor":1.0,"key":"SMITH"},{"data":"expansioncontent:StudyTheSpire","floor":8.0,"key":"SMITH"}],"circlet_count":0,"master_deck":["bronze:Strike","bronze:Strike","bronze:Strike","bronze:Defend","bronze:Defend","bronze:Defend","bronze:Defend","bronze:Replicate+1","bronze:Goto+1","Clumsy","bronze:ChosenStrike+1","bronze:Fortify+1","bronze:Repair","bronze:ClassDefault","expansioncontent:StudyTheSpire+1","bronze:DelayedGuard"],"relics":["bronze:BronzeCore","MealTicket","Strawberry"],"acts_visited":["Exordium"],"potions_floor_usage":[16],"damage_taken":[{"damage":1.0,"enemies":"Cultist","floor":2.0,"turns":4.0},{"damage":2.0,"enemies":"2 Louse","floor":3.0,"turns":3.0},{"damage":0.0,"enemies":"Small Slimes","floor":4.0,"turns":2.0},{"damage":1.0,"enemies":"downfall:FleeingMerchant","floor":5.0,"turns":4.0},{"damage":18.0,"enemies":"3 Louse","floor":6.0,"turns":3.0},{"damage":21.0,"enemies":"Lagavulin","floor":10.0,"turns":7.0},{"damage":11.0,"enemies":"Blue Slaver","floor":11.0,"turns":5.0},{"damage":0.0,"enemies":"Large Slime","floor":12.0,"turns":5.0},{"damage":5.0,"enemies":"2 Fungi Beasts","floor":13.0,"turns":4.0},{"damage":6.0,"enemies":"Large Slime","floor":14.0,"turns":6.0},{"damage":3.0,"enemies":"Blue Slaver","floor":15.0,"turns":3.0},{"damage":74,"enemies":"downfall:Defect","floor":16,"turns":11}],"seed_played":"-8130376020562018623","potions_obtained":[{"floor":3.0,"key":"Swift Potion"},{"floor":4.0,"key":"ColorlessPotion"},{"floor":10.0,"key":"bronze:CleanCodePotion"},{"floor":12.0,"key":"SteroidPotion"},{"floor":13.0,"key":"hexamod:SoulburnPotion"}],"is_trial":false,"path_per_floor":["R","M","M","M","$","M","T","R","?","E","M","M","M","M","M","B"],"character_chosen":"THE_AUTOMATON","items_purchased":["expansioncontent:StudyTheSpire"],"campfire_rested":0,"item_purchase_floors":[5],"current_hp_per_floor":[70,69,67,67,69,58,58,58,58,54,50,57,59,60,64,0,0],"gold":281,"neow_bonus":"TWO_FIFTY_GOLD","is_daily":false,"chose_seed":false,"campfire_upgraded":2,"win_rate":0.0,"timestamp":1609815446,"path_taken":["R","M","M","?","$","M","T","R","?","E","M","M","M","?","M","BOSS"],"items_purchased_type":["Card"],"build_version":"2020-12-22","purchased_purges":1,"victory":false,"max_hp_per_floor":[70,70,70,70,70,70,70,70,70,77,77,77,77,77,77,77,77],"card_choices":[{"not_picked":["bronze:Iterate","bronze:ForceShield"],"picked":"bronze:ChosenStrike","floor":2.0},{"not_picked":["bronze:WhirlingStrike","bronze:ItsAFeature"],"picked":"bronze:Fortify","floor":3.0},{"not_picked":["bronze:Fortify","bronze:FineTuning"],"picked":"bronze:Repair","floor":4.0},{"not_picked":["bronze:DarkDash","bronze:CutThrough"],"picked":"bronze:ClassDefault","floor":5.0},{"not_picked":["bronze:DelayedSlice","bronze:DelayedGuard","bronze:BugBarrage"],"picked":"SKIP","floor":6.0},{"not_picked":["bronze:Backtrace","bronze:Fortify","bronze:OilSpill"],"picked":"SKIP","floor":10.0},{"not_picked":["bronze:Shell","bronze:Philosophize"],"picked":"bronze:DelayedGuard","floor":11.0},{"not_picked":["bronze:Frontload","bronze:Refactor","bronze:DelayedGuard"],"picked":"SKIP","floor":12.0},{"not_picked":["bronze:Break","bronze:Invalidate","bronze:ChosenStrike"],"picked":"SKIP","floor":13.0},{"not_picked":["bronze:Backtrace","bronze:Overheat","bronze:Philosophize"],"picked":"SKIP","floor":14.0},{"not_picked":["bronze:Shield","bronze:Turbo","bronze:Shell"],"picked":"SKIP","floor":15.0}],"player_experience":1094381,"relics_obtained":[{"floor":7.0,"key":"MealTicket"},{"floor":10.0,"key":"Strawberry"}],"event_choices":[],"is_beta":false,"boss_relics":[],"items_purged_floors":[5],"is_endless":false,"potions_floor_spawned":[3,4,10,12,13,14],"killed_by":"downfall:Defect","ascension_level":2}}