{"host":"ig7tc0uedzltt2sr","time":1609825552,"event":{"mods":["BaseMod","Better Twitch Integration","Block Reminder","Colored Map","Colored Powertips","Communication Mod","Current Relic Mod","GifTheSpireLib","HexUI Lib","Minty Spire (QoL Compilation)","Quick Restart","Random Character Button","Rare Cards Sparkle","Relic Sorter","Relic Stats","Slay the Relics Exporter","StSLib","SuperFastMode","Synergy Search","Twitch Decklist","Twitch Utils","everything is the same but u backflip on backflip","slay the spire mod where everything is the same but ironclad has a cowboy hat"],"gold_per_floor":[118,136,154,154,154,154,154,154],"floor_reached":7,"playtime":43,"items_purged":[],"score":41,"play_id":"38f193c8-0f65-461c-9536-279eea90af8b","local_time":"20210104214552","is_ascension_mode":false,"campfire_choices":[{"data":"Defend_R","floor":6,"key":"SMITH"}],"circlet_count":0,"master_deck":["Strike_R","Strike_R","Strike_R","Strike_R","Defend_R+1","Defend_R","Defend_R","Defend_R","Bash","Fire Breathing","Flame Barrier","Flex","Defend_R"],"relics":["Coffee Dripper"],"acts_visited":["Exordium"],"potions_floor_usage":[],"damage_taken":[{"damage":11,"enemies":"Jaw Worm","floor":1,"turns":6},{"damage":0,"enemies":"Cultist","floor":2,"turns":4},{"damage":2,"enemies":"Small Slimes","floor":3,"turns":5},{"damage":72,"enemies":"Gremlin Nob","floor":7,"turns":6}],"seed_played":"-6224138702139171827","potions_obtained":[{"floor":1,"key":"LiquidBronze"}],"is_trial":false,"path_per_floor":["M","M","M","?","$","R","E"],"character_chosen":"IRONCLAD","items_purchased":[],"campfire_rested":0,"item_purchase_floors":[],"current_hp_per_floor":[69,69,67,67,67,67,0,0],"gold":154,"neow_bonus":"BOSS_RELIC","is_daily":false,"chose_seed":false,"campfire_upgraded":1,"win_rate":0.0,"timestamp":1609825552,"path_taken":["M","M","M","?","$","R","E"],"items_purchased_type":[],"build_version":"2020-12-22","purchased_purges":0,"victory":false,"max_hp_per_floor":[80,80,80,80,80,80,80,80],"relic_stats":{"counters":[4,21],"obtain_stats":[{"Coffee Dripper":0,"Burning Blood":0},{"Coffee Dripper":0,"Burning Blood":0},{"Coffee Dripper":0,"Burning Blood":0}]},"card_choices":[{"not_picked":["Shrug It Off","Iron Wave"],"picked":"Fire Breathing","floor":1},{"not_picked":["Bloodletting","Pommel Strike"],"picked":"Flame Barrier","floor":2},{"not_picked":["Armaments","Disarm"],"picked":"Flex","floor":3}],"player_experience":1426145,"relics_obtained":[],"event_choices":[{"cards_removed":["Strike_R"],"damage_healed":0,"gold_gain":0,"player_choice":"Took Card","damage_taken":0,"max_hp_gain":0,"max_hp_loss":0,"event_name":"NoteForYourself","floor":4,"gold_loss":0,"cards_obtained":["Defend_R"]}],"is_beta":false,"boss_relics":[],"items_purged_floors":[],"is_endless":false,"potions_floor_spawned":[1],"killed_by":"Gremlin Nob","ascension_level":0}}