{"host":"5wznv0010959mrmz","time":1609820093,"event":{"mods":["BaseMod","Highlight Path","Minty Spire (QoL Compilation)","Relic Stats"],"gold_per_floor":[119,44,44,44,60,95,115,115,169,169,169],"floor_reached":10,"playtime":232,"items_purged":[],"score":182,"play_id":"b2ba904a-dc81-4617-a11c-29dc3505fb58","local_time":"20210104221453","is_ascension_mode":true,"campfire_choices":[{"data":"Underhanded Strike","floor":8,"key":"SMITH"}],"circlet_count":0,"master_deck":["AscendersBane","Strike_G","Strike_G","Strike_G","Strike_G","Defend_G","Defend_G","Defend_G","Defend_G","Defend_G","Survivor","Neutralize","Eviscerate","Regret","Poisoned Stab","Underhanded Strike+1","Underhanded Strike"],"relics":["Ring of the Snake","NeowsBlessing","Juzu Bracelet","CaptainsWheel","Regal Pillow"],"acts_visited":["Exordium"],"potions_floor_usage":[10],"damage_taken":[{"damage":0,"enemies":"Small Slimes","floor":1,"turns":1},{"damage":0,"enemies":"2 Louse","floor":5,"turns":1},{"damage":0,"enemies":"Gremlin Nob","floor":6,"turns":1},{"damage":16,"enemies":"Jaw Worm","floor":7,"turns":3},{"damage":45,"enemies":"3 Sentries","floor":10,"turns":14}],"seed_played":"2779868702714962547","potions_obtained":[{"floor":5,"key":"SpeedPotion"}],"is_trial":false,"path_per_floor":["M","?","?","$","M","E","M","R","T","E"],"character_chosen":"THE_SILENT","items_purchased":[],"campfire_rested":0,"item_purchase_floors":[],"current_hp_per_floor":[59,59,59,59,59,59,43,43,43,0,0],"gold":169,"neow_bonus":"THREE_ENEMY_KILL","is_daily":false,"chose_seed":false,"campfire_upgraded":1,"win_rate":0.0,"timestamp":1609820093,"path_taken":["M","?","?","$","M","E","M","R","T","E"],"items_purchased_type":[],"build_version":"2020-12-22","purchased_purges":0,"victory":false,"max_hp_per_floor":[66,66,66,66,66,66,66,66,66,66,66],"relic_stats":{"Regal Pillow":0,"counters":[5,20],"Juzu Bracelet":0,"obtain_stats":[{"CaptainsWheel":6,"Regal Pillow":9,"NeowsBlessing":0,"Juzu Bracelet":3,"Ring of the Snake":0},{"CaptainsWheel":3,"Regal Pillow":4,"NeowsBlessing":0,"Juzu Bracelet":1,"Ring of the Snake":0},{"CaptainsWheel":3,"Regal Pillow":6,"NeowsBlessing":0,"Juzu Bracelet":1,"Ring of the Snake":0}],"Ring of the Snake":[10]},"card_choices":[{"not_picked":["Sucker Punch","Deadly Poison"],"picked":"Eviscerate","floor":1},{"not_picked":["Escape Plan","Catalyst"],"picked":"Poisoned Stab","floor":5},{"not_picked":["Quick Slash","Blur"],"picked":"Underhanded Strike","floor":6},{"not_picked":["Backflip","Blur"],"picked":"Underhanded Strike","floor":7}],"player_experience":407874,"relics_obtained":[{"floor":6,"key":"CaptainsWheel"},{"floor":9,"key":"Regal Pillow"}],"event_choices":[{"cards_removed":["Strike_G"],"damage_healed":0,"gold_gain":0,"player_choice":"Card Removal","damage_taken":0,"max_hp_gain":0,"max_hp_loss":0,"event_name":"The Cleric","floor":2,"gold_loss":75},{"damage_healed":0,"gold_gain":0,"player_choice":"Box","damage_taken":0,"relics_obtained":["Juzu Bracelet"],"max_hp_gain":0,"max_hp_loss":0,"event_name":"Big Fish","floor":3,"gold_loss":0,"cards_obtained":["Regret"]}],"is_beta":false,"boss_relics":[],"items_purged_floors":[],"is_endless":false,"potions_floor_spawned":[5],"killed_by":"3 Sentries","ascension_level":20}}