{"host":"zdcz0a6aak4rnx0s","time":1609831365,"event":{"mods":["AchievementEnabler","BaseMod","Colored Map","Colored Powertips","Minty Spire (QoL Compilation)","StSLib"],"gold_per_floor":[115,115,38,38,53,79,94,94,145,164,176,189,161,2,2,81,81,96,21,21,99,14,14,26,26,103,115,115,15,31,44,44,44,44],"floor_reached":33,"playtime":1757,"items_purged":["Strike_R","Decay"],"score":546,"play_id":"de978d5f-b644-4baa-aceb-e9ee444b10d2","local_time":"20210105012245","is_ascension_mode":true,"campfire_choices":[{"data":"Ghostly Armor","floor":8.0,"key":"SMITH"},{"data":"Armaments","floor":15.0,"key":"SMITH"},{"data":"True Grit","floor":23.0,"key":"SMITH"},{"floor":28.0,"key":"REST"},{"floor":32,"key":"REST"}],"circlet_count":0,"master_deck":["AscendersBane","Strike_R+1","Strike_R+1","Defend_R","Defend_R","Defend_R","Bash","True Grit+1","Shockwave","Ghostly Armor+1","Dropkick","Feed","Armaments+1","Disarm","Rampage","Demon Form+1","Cleave"],"relics":["Burning Blood","NeowsBlessing","PreservedInsect","Frozen Egg 2","Tiny Chest","Empty Cage","Self Forming Clay","InkBottle","Kunai"],"acts_visited":["Exordium","TheCity"],"potions_floor_usage":[31],"damage_taken":[{"damage":0.0,"enemies":"2 Louse","floor":1.0,"turns":1.0},{"damage":0.0,"enemies":"Jaw Worm","floor":5.0,"turns":1.0},{"damage":0.0,"enemies":"3 Sentries","floor":6.0,"turns":2.0},{"damage":1.0,"enemies":"Cultist","floor":7.0,"turns":4.0},{"damage":4.0,"enemies":"Exordium Wildlife","floor":10.0,"turns":4.0},{"damage":1.0,"enemies":"Looter","floor":11.0,"turns":3.0},{"damage":7.0,"enemies":"Large Slime","floor":12.0,"turns":6.0},{"damage":5.0,"enemies":"Exordium Thugs","floor":13.0,"turns":4.0},{"damage":33.0,"enemies":"Hexaghost","floor":16.0,"turns":16.0},{"damage":14.0,"enemies":"Chosen","floor":18.0,"turns":9.0},{"damage":25.0,"enemies":"Shell Parasite","floor":24.0,"turns":12.0},{"damage":45.0,"enemies":"Centurion and Healer","floor":27.0,"turns":8.0},{"damage":19.0,"enemies":"Cultist and Chosen","floor":30.0,"turns":7.0},{"damage":11,"enemies":"Snecko","floor":31,"turns":10},{"damage":90,"enemies":"Collector","floor":33,"turns":7}],"seed_played":"-6975130310921696793","potions_obtained":[{"floor":6.0,"key":"Explosive Potion"},{"floor":10.0,"key":"Explosive Potion"},{"floor":13.0,"key":"Strength Potion"},{"floor":16.0,"key":"Block Potion"},{"floor":18.0,"key":"Explosive Potion"},{"floor":24.0,"key":"SteroidPotion"},{"floor":30.0,"key":"Ancient Potion"}],"is_trial":false,"path_per_floor":["M","?","$","?","M","E","M","R","T","M","M","M","M","$","R","B",null,"M","?","?","T","?","R","M","$","T","M","R","$","M","M","R","B"],"character_chosen":"IRONCLAD","items_purchased":["Shockwave","Rampage"],"campfire_rested":2,"item_purchase_floors":[3,14],"current_hp_per_floor":[74,51,51,25,31,37,42,42,42,44,49,51,52,52,52,25,65,61,61,61,61,61,61,46,46,46,11,38,38,29,28,57,0,0],"gold":44,"neow_bonus":"THREE_ENEMY_KILL","is_daily":false,"chose_seed":false,"campfire_upgraded":3,"win_rate":0.0,"timestamp":1609831365,"path_taken":["M","?","$","?","M","E","M","R","T","M","M","M","M","?","R","BOSS","M","?","?","?","?","R","M","?","T","M","R","$","M","M","R","BOSS"],"items_purchased_type":["Card","Card"],"build_version":"2020-12-22","purchased_purges":2,"victory":false,"max_hp_per_floor":[75,75,75,75,75,75,75,75,75,75,75,78,78,78,78,78,78,82,82,82,82,82,82,86,86,86,90,90,90,94,98,98,98,98],"card_choices":[{"not_picked":["Heavy Blade","Shrug It Off"],"picked":"True Grit","floor":1.0},{"not_picked":["Perfected Strike","Sentinel"],"picked":"Ghostly Armor","floor":5.0},{"not_picked":["Pommel Strike","Flex","True Grit"],"picked":"SKIP","floor":6.0},{"not_picked":["Clothesline","Headbutt"],"picked":"Dropkick","floor":7.0},{"not_picked":["Warcry","Burning Pact","Carnage"],"picked":"SKIP","floor":10.0},{"not_picked":["Clothesline","Dual Wield"],"picked":"Feed","floor":11.0},{"not_picked":["Blood for Blood","Clash"],"picked":"Armaments","floor":12.0},{"not_picked":["Twin Strike","Shrug It Off"],"picked":"Disarm","floor":13.0},{"not_picked":["Fiend Fire","Berserk+1"],"picked":"Demon Form+1","floor":16.0},{"not_picked":["Flex","Pommel Strike+1","Anger"],"picked":"SKIP","floor":18.0},{"not_picked":["Shrug It Off","Body Slam"],"picked":"Cleave","floor":24.0},{"not_picked":["Cleave","Combust+1","Headbutt+1"],"picked":"SKIP","floor":27.0},{"not_picked":["Anger+1","Headbutt","Cleave"],"picked":"SKIP","floor":30.0},{"not_picked":["Rupture+1","Shrug It Off","Havoc"],"picked":"SKIP","floor":31}],"player_experience":996974,"relics_obtained":[{"floor":6.0,"key":"Frozen Egg 2"},{"floor":9.0,"key":"Tiny Chest"},{"floor":21.0,"key":"Self Forming Clay"},{"floor":26.0,"key":"Kunai"}],"event_choices":[{"damage_healed":0.0,"max_hp_gain":0.0,"max_hp_loss":0.0,"gold_gain":0.0,"event_name":"Shining Light","player_choice":"Entered Light","floor":2.0,"gold_loss":0.0,"damage_taken":23.0,"cards_upgraded":["Strike_R","Strike_R"]},{"damage_healed":0.0,"max_hp_gain":0.0,"max_hp_loss":0.0,"gold_gain":0.0,"event_name":"Scrap Ooze","player_choice":"Success","floor":4.0,"gold_loss":0.0,"damage_taken":26.0,"relics_obtained":["PreservedInsect"]},{"cards_removed":["Strike_R"],"damage_healed":0.0,"max_hp_gain":0.0,"max_hp_loss":0.0,"gold_gain":0.0,"event_name":"Beggar","player_choice":"Gave Gold","floor":19.0,"gold_loss":75.0,"damage_taken":0.0},{"damage_healed":0.0,"max_hp_gain":0.0,"max_hp_loss":0.0,"gold_gain":0.0,"event_name":"Forgotten Altar","player_choice":"Smashed Altar","floor":20.0,"gold_loss":0.0,"damage_taken":0.0,"cards_obtained":["Decay"]},{"damage_healed":0.0,"max_hp_gain":0.0,"max_hp_loss":0.0,"gold_gain":0.0,"event_name":"Addict","player_choice":"Obtained Relic","floor":22.0,"gold_loss":85.0,"damage_taken":0.0,"relics_obtained":["InkBottle"]}],"is_beta":false,"boss_relics":[{"not_picked":["Snecko Eye","Ectoplasm"],"picked":"Empty Cage"}],"items_purged_floors":[14,29],"is_endless":false,"potions_floor_spawned":[6,10,13,16,18,24,30],"killed_by":"Collector","ascension_level":18}}