{"host":"8m3txu8mcyu46pv6","time":1609849231,"event":{"mods":["ATMod(阿瑾Mod)","BaseMod","Minty Spire (QoL Compilation)","StSLib","【功能Mod】Neow奖励","没有小屋子和绿帽子啦"],"gold_per_floor":[113,113,129,15,30,57,57,69,93,103,103,114,126,145,145,145,145],"floor_reached":16,"playtime":454,"items_purged":["Defend_R"],"score":201,"play_id":"cf5cccba-c0c9-4406-b06e-d8de3296b1c0","local_time":"20210105202031","is_ascension_mode":true,"campfire_choices":[{"floor":7.0,"key":"REST"},{"floor":11.0,"key":"REST"},{"data":"AT_BodySlamDance","floor":15.0,"key":"SMITH"}],"circlet_count":0,"master_deck":["AscendersBane","Strike_R","Strike_R","Strike_R","Strike_R","Defend_R","Defend_R","Defend_R","Bash","CurseOfTheBell","AT_EssenceShift","Metallicize","AT_BodySlamDance+1","Bludgeon"],"relics":["AT_ATBox","Calling Bell","AT_ArcaneBoots","Darkstone Periapt","Thread and Needle","Bag of Preparation","Bronze Scales"],"acts_visited":["Exordium"],"potions_floor_usage":[16,16],"damage_taken":[{"damage":7.0,"enemies":"Jaw Worm","floor":1.0,"turns":4.0},{"damage":2.0,"enemies":"Cultist","floor":3.0,"turns":4.0},{"damage":14.0,"enemies":"Small Slimes","floor":5.0,"turns":4.0},{"damage":35.0,"enemies":"Gremlin Nob","floor":6.0,"turns":6.0},{"damage":9.0,"enemies":"2 Fungi Beasts","floor":8.0,"turns":4.0},{"damage":20.0,"enemies":"Exordium Thugs","floor":10.0,"turns":5.0},{"damage":3.0,"enemies":"Blue Slaver","floor":12.0,"turns":4.0},{"damage":0.0,"enemies":"Exordium Wildlife","floor":13.0,"turns":4.0},{"damage":6.0,"enemies":"3 Louse","floor":14.0,"turns":3.0},{"damage":16,"enemies":"The Guardian","floor":16,"turns":7}],"seed_played":"-1189438531491752168","potions_obtained":[{"floor":5.0,"key":"SkillPotion"},{"floor":10.0,"key":"Dexterity Potion"},{"floor":14.0,"key":"SteroidPotion"}],"is_trial":false,"path_per_floor":["M","?","M","$","M","E","R","M","T","M","R","M","M","M","R","B"],"character_chosen":"IRONCLAD","items_purchased":["Metallicize"],"campfire_rested":2,"item_purchase_floors":[4],"current_hp_per_floor":[61,61,59,59,45,10,32,23,23,3,25,22,22,16,16,0,0],"gold":145,"neow_bonus":"BOSS_RELIC","is_daily":false,"chose_seed":false,"campfire_upgraded":1,"win_rate":0.0,"timestamp":1609849231,"path_taken":["M","?","M","$","M","E","R","?","T","M","R","M","M","M","R","BOSS"],"items_purchased_type":["Card"],"build_version":"2020-12-22","purchased_purges":1,"victory":false,"max_hp_per_floor":[75,75,75,75,75,75,75,75,75,75,75,75,75,75,75,75,75],"card_choices":[{"not_picked":["Feel No Pain","Clothesline","Sentinel"],"picked":"SKIP","floor":1.0},{"not_picked":["Clothesline","Flex","Intimidate"],"picked":"SKIP","floor":3.0},{"not_picked":["Pummel","AT_CaressingTears"],"picked":"AT_BodySlamDance","floor":5.0},{"not_picked":["Bloodletting","AT_IchimonjiDouble","Cleave"],"picked":"SKIP","floor":6.0},{"not_picked":["Clash","AT_IchimonjiDouble","Wild Strike"],"picked":"SKIP","floor":8.0},{"not_picked":["Dual Wield","Blood for Blood","Perfected Strike"],"picked":"SKIP","floor":10.0},{"not_picked":["Whirlwind","True Grit","Evolve"],"picked":"SKIP","floor":12.0},{"not_picked":["Havoc","Carnage"],"picked":"Bludgeon","floor":13.0},{"not_picked":["Anger","Heavy Blade","Body Slam"],"picked":"SKIP","floor":14.0}],"player_experience":71339,"relics_obtained":[{"floor":0.0,"key":"AT_SpeedBoots"},{"floor":0.0,"key":"Darkstone Periapt"},{"floor":0.0,"key":"Thread and Needle"},{"floor":6.0,"key":"Bag of Preparation"},{"floor":9.0,"key":"Bronze Scales"}],"event_choices":[{"cards_removed":["Strike_R"],"damage_healed":0.0,"max_hp_gain":0.0,"max_hp_loss":0.0,"gold_gain":0.0,"event_name":"Wheel of Change","player_choice":"Card Removal","floor":2.0,"gold_loss":0.0,"damage_taken":0.0}],"is_beta":false,"boss_relics":[],"items_purged_floors":[4],"is_endless":false,"potions_floor_spawned":[5,10,14],"killed_by":"The Guardian","ascension_level":18}}