{"host":"bf9sa99gaumonoeu","time":1609851257,"event":{"mods":["AchievementEnabler","Act Like it!","BaseMod","Better Sensory Stone","Colored Map","Colored Powertips","Downfall","Duelist Mod","Friendly Minions","Gensokyo","GifTheSpireLib","Hallownest","Hermit","Hubris","Jorbs\u0027s Wanderer Trilogy","KinomotoSakuraMod(????)","Koishi","Lobotomy","Marisa????????","Minty Spire (QoL Compilation)","Rare Cards Sparkle","Reimu??????","Remilia??????","Replay The Spire","Shop Mod","StSLib","The Administrix","The Animator","The Blue Laboratory","The Bug Knight","The Construct","The Cursed","The Disciple","The Hierophant","The Mystic","The Necromancer","The Poker Player","The Runesmith","The Senshi","The Servant 0.9.4"],"gold_per_floor":[115,128,140,155,171,205,205,240,293,293,322,334,346,379,379,484,484,501,516,529,99,99,132,132,151,151,183,199,234,34,54,54,156,156,166,177,189,154,174,174,203,203,283,36,48,48,48,65,65,65,65,65,15,49,49],"floor_reached":56,"playtime":8914,"items_purged":["AdministrixMod:Defend_Administrix","AdministrixMod:Strike_Administrix"],"score":1504,"play_id":"22d10dcc-b7be-428e-aefc-bb9180298995","local_time":"20210105105417","is_ascension_mode":true,"campfire_choices":[{"data":"AdministrixMod:ImmortalPurity","floor":7.0,"key":"SMITH"},{"data":"AdministrixMod:RebukeDesires","floor":10.0,"key":"SMITH"},{"data":"AdministrixMod:TouchOfCinnabar","floor":15.0,"key":"SMITH"},{"data":"AdministrixMod:TouchOfCinnabar","floor":24.0,"key":"SMITH"},{"data":"AdministrixMod:CastOffRegrets","floor":32.0,"key":"SMITH"},{"data":"AdministrixMod:Katabasis","floor":40.0,"key":"SMITH"},{"data":"AdministrixMod:GuanyinBlessing","floor":47,"key":"SMITH"},{"floor":49,"key":"RECALL"},{"data":"AdministrixMod:CastOffRegrets","floor":52,"key":"SMITH"}],"circlet_count":0,"master_deck":["AdministrixMod:Strike_Administrix","AdministrixMod:RedCloak+1","AdministrixMod:Defend_Administrix","AdministrixMod:Defend_Administrix","AdministrixMod:BlueCloak","AdministrixMod:RegentEdict","AdministrixMod:Transition+1","AdministrixMod:ChooseYourEnd","AdministrixMod:RebukeDesires+1","AdministrixMod:ImmortalGrace","AdministrixMod:ImmortalPurity+1","AdministrixMod:Untouchable","AdministrixMod:TouchOfCinnabar+1","AdministrixMod:TouchOfCinnabar+1","AdministrixMod:ImmortalClarity","AdministrixMod:SealAway+1","AdministrixMod:Katabasis+1","AdministrixMod:UnstableVigor+1","AdministrixMod:TouchOfCinnabar+1","Metamorphosis","AdministrixMod:HarmonicReverence+1","hubris:Compulsion","AdministrixMod:CastOffRegrets+1","AdministrixMod:CenturiesAscent","AdministrixMod:LightOfYourLife","AdministrixMod:TouchOfCinnabar+1","AdministrixMod:CastOffRegrets+1","AdministrixMod:HarmonicReverence+1","Pain","AdministrixMod:HiddenPower","AdministrixMod:GuanyinBlessing+1","AdministrixMod:FalseDeath"],"relics":["AdministrixMod:ConductorRitualBaton","Oddly Smooth Stone","construct:FoamFinger","War Paint","Centennial Puzzle","Durian","Cursed Key","OrangePellets","Replay:Accelerometer","Runesmith:AutoHammer","Bronze Scales","Replay:Mystery Machine","Lee\u0027s Waffle","Busted Crown","AdministrixMod:PrescriptionBottle","ReplayTheSpireMod:Ninjato"],"acts_visited":["Exordium","TheCity","TheBeyond","TheEnding"],"potions_floor_usage":[48,55,55],"damage_taken":[{"damage":0.0,"enemies":"Small Slimes","floor":1.0,"turns":2.0},{"damage":1.0,"enemies":"Cultist","floor":2.0,"turns":4.0},{"damage":0.0,"enemies":"2 Louse","floor":3.0,"turns":2.0},{"damage":0.0,"enemies":"Gremlin Gang","floor":4.0,"turns":4.0},{"damage":0.0,"enemies":"Lots of Slimes","floor":5.0,"turns":3.0},{"damage":1.0,"enemies":"Lagavulin","floor":6.0,"turns":3.0},{"damage":15.0,"enemies":"3 Sentries","floor":8.0,"turns":6.0},{"damage":8.0,"enemies":"Lagavulin","floor":11.0,"turns":5.0},{"damage":0.0,"enemies":"Exordium Thugs","floor":12.0,"turns":3.0},{"damage":0.0,"enemies":"Red Slaver","floor":13.0,"turns":2.0},{"damage":12.0,"enemies":"Gremlin Nob","floor":14.0,"turns":3.0},{"damage":0.0,"enemies":"Hexaghost","floor":16.0,"turns":12.0},{"damage":0.0,"enemies":"Spheric Guardian","floor":18.0,"turns":5.0},{"damage":0.0,"enemies":"2 Thieves","floor":19.0,"turns":5.0},{"damage":10.0,"enemies":"Centurion and Healer","floor":20.0,"turns":6.0},{"damage":7.0,"enemies":"Slavers","floor":23.0,"turns":6.0},{"damage":0.0,"enemies":"Shelled Parasite and Fungi","floor":25.0,"turns":6.0},{"damage":0.0,"enemies":"theDuelist:KaibaA2","floor":27.0,"turns":3.0},{"damage":5.0,"enemies":"Snake Plant","floor":28.0,"turns":6.0},{"damage":0.0,"enemies":"Replay:Snechameleon","floor":29.0,"turns":5.0},{"damage":15.0,"enemies":"Centurion and Healer","floor":31.0,"turns":3.0},{"damage":0.0,"enemies":"Champ","floor":33.0,"turns":7.0},{"damage":0.0,"enemies":"3 Darklings","floor":35.0,"turns":6.0},{"damage":0.0,"enemies":"Orb Walker","floor":36.0,"turns":5.0},{"damage":2.0,"enemies":"3 Darklings","floor":37.0,"turns":3.0},{"damage":6.0,"enemies":"4 Shapes","floor":39.0,"turns":13.0},{"damage":0.0,"enemies":"Giant Head","floor":41.0,"turns":8.0},{"damage":5,"enemies":"Transient","floor":45,"turns":5},{"damage":1,"enemies":"Jaw Worm Horde","floor":48,"turns":6},{"damage":23,"enemies":"Awakened One","floor":50,"turns":6},{"damage":26,"enemies":"Shield and Spear","floor":54,"turns":5},{"damage":2,"enemies":"The Heart","floor":55,"turns":8}],"seed_played":"2652570825064896012","potions_obtained":[{"floor":3.0,"key":"blueLaboratory:BottleOfRum"},{"floor":5.0,"key":"blueLaboratory:NullPotion"},{"floor":8.0,"key":"blueLaboratory:FruitPunch"},{"floor":11.0,"key":"SteroidPotion"},{"floor":14.0,"key":"Fruit Juice"},{"floor":18.0,"key":"Swift Potion"},{"floor":25.0,"key":"SpeedPotion"},{"floor":28.0,"key":"ZuzhouPotion:ReiMu"},{"floor":33.0,"key":"SteroidPotion"},{"floor":45,"key":"blueLaboratory:StoneskinPotion"}],"is_trial":false,"path_per_floor":["M","M","M","M","M","E","R","E","T","R","E","M","M","E","R","B",null,"M","M","M","$","?","E","R","M","T","E","M","E","$","M","R","B",null,"M","M","M","$","M","R","E","?","T","$","M","?","R","M","R","B",null,"R","$","E","B",null],"character_chosen":"TheAdministrix","items_purchased":["AdministrixMod:TouchOfCinnabar+1","OrangePellets","Metamorphosis","Lee\u0027s Waffle","AdministrixMod:LightOfYourLife","AdministrixMod:CastOffRegrets","AdministrixMod:HiddenPower","AdministrixMod:GuanyinBlessing","blueLaboratory:Moonshine"],"campfire_rested":0,"item_purchase_floors":[21,21,21,30,30,38,44,44,53],"current_hp_per_floor":[65,64,64,64,64,63,63,48,48,48,40,40,40,38,38,38,75,75,75,65,65,65,60,60,60,60,60,55,55,84,69,69,69,84,84,84,82,82,76,76,76,76,76,76,71,71,71,70,70,47,84,84,84,58,56],"gold":49,"neow_bonus":"REMOVE_CARD","is_daily":false,"chose_seed":false,"campfire_upgraded":8,"win_rate":0.0,"timestamp":1609851257,"path_taken":["M","M","M","M","M","E","R","E","T","R","E","M","M","E","R","BOSS","M","M","M","$","?","E","R","M","T","E","M","E","?","?","R","BOSS","M","M","M","$","?","R","E","?","T","$","?","?","R","M","R","BOSS","R","$","E","BOSS"],"items_purchased_type":["Card","Relic","Card","Relic","Card","Card","Card","Card","Potion"],"build_version":"2020-12-22","purchased_purges":2,"victory":true,"max_hp_per_floor":[65,65,65,65,65,65,65,65,65,65,65,65,65,75,75,75,75,75,75,75,75,75,77,77,77,77,77,77,77,84,84,84,84,84,84,84,84,84,84,84,84,84,84,84,84,84,84,84,84,84,84,84,84,84,84],"card_choices":[{"not_picked":["AdministrixMod:PlateOfAntiquity","AdministrixMod:Untouchable"],"picked":"AdministrixMod:RegentEdict","floor":1.0},{"not_picked":["AdministrixMod:Overdrive","AdministrixMod:LightOfYourLife"],"picked":"AdministrixMod:Transition","floor":2.0},{"not_picked":["AdministrixMod:ReachToHeaven","AdministrixMod:BegetEternity"],"picked":"AdministrixMod:ChooseYourEnd","floor":3.0},{"not_picked":["AdministrixMod:ChooseYourEnd","AdministrixMod:CrackingPangu"],"picked":"AdministrixMod:RebukeDesires","floor":4.0},{"not_picked":["AdministrixMod:QuietConspiracy","AdministrixMod:XianArts"],"picked":"AdministrixMod:ImmortalGrace","floor":5.0},{"not_picked":["AdministrixMod:Transition","AdministrixMod:DiversionaryTactic"],"picked":"AdministrixMod:ImmortalPurity","floor":6.0},{"not_picked":["AdministrixMod:XianArts","AdministrixMod:GirlsDoItBetter"],"picked":"AdministrixMod:Untouchable","floor":8.0},{"not_picked":["AdministrixMod:Metempsychosis","AdministrixMod:FalseDeath","AdministrixMod:ImmortalGrace"],"picked":"SKIP","floor":11.0},{"not_picked":["AdministrixMod:CrackingPangu","AdministrixMod:MixOfMercury","AdministrixMod:SealAway"],"picked":"SKIP","floor":12.0},{"not_picked":["AdministrixMod:SealAway","AdministrixMod:RebukeDesires"],"picked":"AdministrixMod:TouchOfCinnabar","floor":13.0},{"not_picked":["AdministrixMod:Overdrive","AdministrixMod:FuneraryRites"],"picked":"AdministrixMod:TouchOfCinnabar","floor":14.0},{"not_picked":["AdministrixMod:NewbornDivinity","AdministrixMod:WifeLightning"],"picked":"AdministrixMod:ImmortalClarity","floor":16.0},{"not_picked":["AdministrixMod:LightOfYourLife+1","AdministrixMod:HiddenPower+1"],"picked":"AdministrixMod:SealAway+1","floor":18.0},{"not_picked":["AdministrixMod:Metempsychosis","AdministrixMod:Transition"],"picked":"AdministrixMod:Katabasis","floor":19.0},{"not_picked":["AdministrixMod:Transcension","AdministrixMod:FuneraryRites"],"picked":"AdministrixMod:UnstableVigor+1","floor":20.0},{"not_picked":["AdministrixMod:XianArts","AdministrixMod:SeventeenArticleLaser"],"picked":"AdministrixMod:HarmonicReverence+1","floor":23.0},{"not_picked":["AdministrixMod:ReachToHeaven","AdministrixMod:FeastOfDew","AdministrixMod:SealAway"],"picked":"SKIP","floor":25.0},{"not_picked":["AdministrixMod:FalseDeath","AdministrixMod:Metempsychosis","AdministrixMod:SyncreticSurge+1"],"picked":"SKIP","floor":27.0},{"not_picked":["AdministrixMod:TrickOfTheLight+1","AdministrixMod:BegetEternity"],"picked":"AdministrixMod:CastOffRegrets","floor":28.0},{"not_picked":["AdministrixMod:HarmonicReverence","AdministrixMod:Mastermind"],"picked":"AdministrixMod:CenturiesAscent","floor":29.0},{"not_picked":["AdministrixMod:Transcension","AdministrixMod:PlateOfAntiquity","AdministrixMod:QuietConspiracy"],"picked":"SKIP","floor":31.0},{"not_picked":[],"picked":"AdministrixMod:TouchOfCinnabar+1","floor":35.0},{"not_picked":["AdministrixMod:Metempsychosis"],"picked":"SKIP","floor":36.0},{"not_picked":["AdministrixMod:MixOfMercury+1"],"picked":"SKIP","floor":37.0},{"not_picked":["AdministrixMod:LightOfYourLife+1"],"picked":"SKIP","floor":39.0},{"not_picked":["AdministrixMod:RisingSunPrince"],"picked":"SKIP","floor":41.0},{"not_picked":["AdministrixMod:DiversionaryTactic"],"picked":"SKIP","floor":45},{"not_picked":["AdministrixMod:DiversionaryTactic+1"],"picked":"SKIP","floor":48},{"not_picked":[],"picked":"AdministrixMod:FalseDeath","floor":54}],"player_experience":772400,"relics_obtained":[{"floor":6.0,"key":"Oddly Smooth Stone"},{"floor":8.0,"key":"construct:FoamFinger"},{"floor":9.0,"key":"War Paint"},{"floor":11.0,"key":"Centennial Puzzle"},{"floor":14.0,"key":"Durian"},{"floor":23.0,"key":"Replay:Accelerometer"},{"floor":26.0,"key":"Runesmith:AutoHammer"},{"floor":27.0,"key":"Bronze Scales"},{"floor":29.0,"key":"Replay:Mystery Machine"},{"floor":41.0,"key":"AdministrixMod:PrescriptionBottle"},{"floor":54,"key":"ReplayTheSpireMod:Ninjato"}],"event_choices":[{"cards_removed":["AdministrixMod:Strike_Administrix"],"damage_healed":0.0,"max_hp_gain":0.0,"max_hp_loss":0.0,"gold_gain":0.0,"event_name":"Bonfire Elementals","player_choice":"Offered Basic","floor":22.0,"gold_loss":0.0,"damage_taken":0.0},{"damage_healed":0.0,"max_hp_gain":0.0,"max_hp_loss":0.0,"gold_gain":0.0,"event_name":"Duplicator","player_choice":"Copied","floor":42.0,"gold_loss":0.0,"damage_taken":0.0,"cards_obtained":["AdministrixMod:HarmonicReverence"]},{"cards_removed":["AdministrixMod:Strike_Administrix"],"damage_healed":0,"gold_gain":0,"player_choice":"Purged","damage_taken":0,"max_hp_gain":0,"max_hp_loss":0,"event_name":"Purifier","floor":46,"gold_loss":0}],"is_beta":false,"boss_relics":[{"not_picked":["Astrolabe","Runesmith:UraniumAnvil"],"picked":"Cursed Key"},{"not_picked":["hubris:HollowSoul","ChewingGum"],"picked":"Busted Crown"}],"items_purged_floors":[21,44],"is_endless":false,"potions_floor_spawned":[3,5,8,11,12,14,18,25,28,33,35,41,45],"ascension_level":1}}