{"host":"y6h8h5dnjuludn40","time":1609817967,"event":{"mods":["BaseMod","Colored Map","Colored Powertips","Googly Eyes","Hermit","Minty Spire (QoL Compilation)","Replay The Spire","StSLib","The Construct","The Hierophant"],"gold_per_floor":[110,285,296,316,316,343,343,343,369,369,369,369,319,294,294,391,391,403,172,187,14,14,14],"floor_reached":22,"playtime":1153,"items_purged":["Replay:AllIn"],"score":180,"play_id":"fef47f62-3cc5-4895-b37d-bbc2f4476c5c","local_time":"20210104213927","is_ascension_mode":false,"campfire_choices":[{"data":"Eruption","floor":8,"key":"SMITH"},{"floor":11,"key":"REST"},{"data":"Defend_P","floor":15,"key":"PURGE"}],"circlet_count":0,"master_deck":["Defend_P","Defend_P","Eruption+1","Vigilance","Worship","Meditate","Indignation","FearNoEvil","CrushJoints","CrushJoints","EmptyMind","Alpha","Replay:AtTheReady","Replay:ManipulateFuture","PathToVictory"],"relics":["HolyWater","Akabeko","Juzu Bracelet","Shuriken","Pet Ghost","Melange"],"acts_visited":["Exordium","TheCity"],"potions_floor_usage":[16,16],"damage_taken":[{"damage":0,"enemies":"2 Louse","floor":1,"turns":2},{"damage":2,"enemies":"Cultist","floor":3,"turns":3},{"damage":13,"enemies":"Jaw Worm","floor":4,"turns":3},{"damage":23,"enemies":"Lagavulin","floor":6,"turns":5},{"damage":37,"enemies":"Fading Forest","floor":16,"turns":11},{"damage":0,"enemies":"Chosen","floor":18,"turns":4},{"damage":47,"enemies":"3 Byrds","floor":20,"turns":6},{"damage":39,"enemies":"Cultist and Chosen","floor":22,"turns":4}],"seed_played":"340430822114051988","potions_obtained":[{"floor":1,"key":"SpeedPotion"},{"floor":4,"key":"Explosive Potion"},{"floor":16,"key":"Strength Potion"},{"floor":20,"key":"LiquidMemories"}],"is_trial":false,"path_per_floor":["M","?","M","M","?","E","?","R","T","?","R","T","?","?","R_BF","B",null,"M","$","M","$","M"],"character_chosen":"WATCHER","items_purchased":["Pet Ghost","PathToVictory","Melange"],"campfire_rested":1,"item_purchase_floors":[19,21,21],"current_hp_per_floor":[51,51,49,36,29,6,6,6,6,6,27,27,27,27,27,12,72,72,72,25,25,0,0],"gold":14,"neow_bonus":"TRANSFORM_TWO_CARDS","is_daily":false,"chose_seed":false,"campfire_upgraded":1,"win_rate":0.0,"timestamp":1609817967,"path_taken":["M","?","M","M","?","E","?","R","T","?","R","?","?","?","R_BF","BOSS","M","$","M","$","M"],"items_purchased_type":["Relic","Card","Relic"],"build_version":"2020-12-22","purchased_purges":1,"victory":false,"max_hp_per_floor":[72,72,72,72,72,72,72,72,72,72,72,72,72,72,72,72,72,72,72,72,72,72,72],"card_choices":[{"not_picked":["Perseverance","Collect"],"picked":"Indignation","floor":1},{"not_picked":["EmptyBody","SashWhip"],"picked":"FearNoEvil","floor":3},{"not_picked":["Evaluate","SashWhip"],"picked":"CrushJoints","floor":4},{"not_picked":["Crescendo","Weave"],"picked":"CrushJoints","floor":6},{"not_picked":["DevaForm","ConjureBlade"],"picked":"Alpha","floor":16},{"not_picked":["FlyingSleeves","Weave"],"picked":"Replay:AtTheReady","floor":18},{"not_picked":["EmptyMind+1","Conclude+1"],"picked":"Replay:ManipulateFuture","floor":20}],"player_experience":242992,"relics_obtained":[{"floor":6,"key":"Akabeko"},{"floor":9,"key":"Juzu Bracelet"},{"floor":12,"key":"Shuriken"}],"event_choices":[{"damage_healed":0,"gold_gain":175,"player_choice":"AGREE","damage_taken":0,"max_hp_gain":0,"max_hp_loss":0,"event_name":"Liars Game","floor":2,"gold_loss":0,"cards_obtained":["Doubt"]},{"cards_removed":["Doubt"],"damage_healed":0,"gold_gain":0,"player_choice":"Card Removal","damage_taken":7,"max_hp_gain":0,"max_hp_loss":0,"event_name":"Golden Wing","floor":5,"gold_loss":0},{"damage_healed":0,"gold_gain":0,"cards_transformed":["Strike_P"],"player_choice":"Transformed","damage_taken":0,"max_hp_gain":0,"max_hp_loss":0,"event_name":"Transmorgrifier","floor":7,"gold_loss":0,"cards_obtained":["EmptyMind"]},{"damage_healed":0,"gold_gain":0,"cards_transformed":["Strike_P"],"player_choice":"Change","damage_taken":0,"max_hp_gain":0,"max_hp_loss":0,"event_name":"Living Wall","floor":10,"gold_loss":0,"cards_obtained":["Replay:AllIn"]},{"cards_removed":["Strike_P"],"damage_healed":0,"gold_gain":0,"player_choice":"Card Removal","damage_taken":0,"max_hp_gain":0,"max_hp_loss":0,"event_name":"The Cleric","floor":13,"gold_loss":50},{"damage_healed":0,"gold_gain":0,"player_choice":"Left Gold","damage_taken":0,"max_hp_gain":0,"max_hp_loss":0,"event_name":"World of Goop","floor":14,"gold_loss":25}],"is_beta":false,"boss_relics":[{"not_picked":["Astrolabe","Cursed Key"],"picked":"HolyWater"}],"items_purged_floors":[19],"is_endless":false,"potions_floor_spawned":[1,4,16,20],"killed_by":"Cultist and Chosen","ascension_level":0}}