{"host":"l84l8xigz5v5foa2","time":1609875898,"event":{"mods":["2.2 Compatiblity","AchievementEnabler","BaseMod","Better Note","Better Vampires","Card Filter","Colored Map","DeckTracker","Downfall","Gremlin Skip","Highlight Path","Keyboard Shortcuts","Minty Spire (QoL Compilation)","Permanent Neow","Quick Restart","Relic Filter","Relic Stats","StSLib","SuperFastMode","Transform Curses","Unknown Chances"],"gold_per_floor":[99,117,130,180,197,208,259,288,301,301,301,333,333,358,368,445,445,445,445,445,445,465,475,475,475,488,505,525,268,268,278,296,367,367,367,383,383,103,120,410,410,421,346,259,109,138,152,182,194,194,194,227,102,102,102],"floor_reached":56,"playtime":3636,"items_purged":["Guardian:Strike_Guardian","Guardian:Defend_Guardian","Guardian:SentryBeam+1"],"score":2287,"play_id":"d920b719-89f8-40b7-88ff-259179e59d31","local_time":"20210106044458","is_ascension_mode":true,"campfire_choices":[{"data":"expansioncontent:QuickStudy","floor":1.0,"key":"SMITH"},{"data":"Guardian:PolyBeam","floor":10.0,"key":"SMITH"},{"data":"Guardian:CurlUp","floor":18.0,"key":"SMITH"},{"data":"Guardian:SentryBeam","floor":25.0,"key":"SMITH"},{"data":"Guardian:MultiBeam","floor":30.0,"key":"SMITH"},{"data":"Guardian:StasisEngine","floor":35.0,"key":"SMITH"},{"floor":43,"key":"RECALL"},{"data":"Guardian:Suspension","floor":45,"key":"SMITH"},{"data":"Guardian:CompilePackage","floor":54,"key":"SMITH"}],"circlet_count":0,"master_deck":["AscendersBane","Guardian:Defend_Guardian","Guardian:Defend_Guardian","Guardian:Defend_Guardian","Guardian:CurlUp+1","Guardian:TwinSlam","expansioncontent:QuickStudy+1","Guardian:PrimingBeam","Guardian:PrimingBeam","Guardian:PolyBeam+1","Guardian:Recover","Guardian:Recover","Guardian:MultiBeam+1","Guardian:PiercingHide","Guardian:VentSteam+1","Guardian:Suspension+1","Guardian:StasisEngine+1","Guardian:FuturePlans","Guardian:TimeCapacitor","Guardian:Incinerate+1","Guardian:Orbwalk","Guardian:CompilePackage+1"],"relics":["Guardian:ModeShifter","Pen Nib","Happy Flower","Question Card","Guardian:PickAxe","Omamori","Philosopher\u0027s Stone","Boot","Torii","Coffee Dripper","Vajra","downfall:HeartBlessingGreen","downfall:HeartBlessingRed","downfall:HeartBlessingBlue","Thread and Needle","Bird Faced Urn","Guardian:PocketSentry"],"acts_visited":["Exordium","TheCity","TheBeyond","TheEnding"],"potions_floor_usage":[42,48,55],"damage_taken":[{"damage":0.0,"enemies":"2 Louse","floor":2.0,"turns":2.0},{"damage":0.0,"enemies":"Cultist","floor":3.0,"turns":3.0},{"damage":0.0,"enemies":"Small Slimes","floor":5.0,"turns":2.0},{"damage":0.0,"enemies":"Blue Slaver","floor":6.0,"turns":3.0},{"damage":1.0,"enemies":"3 Sentries","floor":8.0,"turns":5.0},{"damage":0.0,"enemies":"2 Fungi Beasts","floor":9.0,"turns":1.0},{"damage":0.0,"enemies":"Gremlin Nob","floor":12.0,"turns":2.0},{"damage":0.0,"enemies":"Gremlin Nob","floor":13.0,"turns":4.0},{"damage":0.0,"enemies":"3 Sentries","floor":14.0,"turns":4.0},{"damage":0.0,"enemies":"Exordium Wildlife","floor":15.0,"turns":3.0},{"damage":25.0,"enemies":"downfall:Defect","floor":16.0,"turns":7.0},{"damage":16.0,"enemies":"Shell Parasite","floor":22.0,"turns":4.0},{"damage":0.0,"enemies":"Cultist and Chosen","floor":23.0,"turns":5.0},{"damage":11.0,"enemies":"Centurion and Healer","floor":26.0,"turns":6.0},{"damage":0.0,"enemies":"Snake Plant","floor":27.0,"turns":3.0},{"damage":18.0,"enemies":"3 Cultists","floor":28.0,"turns":4.0},{"damage":4.0,"enemies":"downfall:FleeingMerchant","floor":29.0,"turns":4.0},{"damage":14.0,"enemies":"Centurion and Healer","floor":31.0,"turns":4.0},{"damage":1.0,"enemies":"Snake Plant","floor":32.0,"turns":3.0},{"damage":23.0,"enemies":"downfall:Silent","floor":33.0,"turns":6.0},{"damage":0.0,"enemies":"3 Shapes","floor":36.0,"turns":8.0},{"damage":1,"enemies":"downfall:FleeingMerchant","floor":38,"turns":4},{"damage":12,"enemies":"Orb Walker","floor":39,"turns":3},{"damage":0,"enemies":"downfall:FleeingMerchant","floor":40,"turns":3},{"damage":0,"enemies":"Sphere and 2 Shapes","floor":42,"turns":8},{"damage":1,"enemies":"Giant Head","floor":46,"turns":5},{"damage":35,"enemies":"Jaw Worm Horde","floor":47,"turns":3},{"damage":0,"enemies":"Reptomancer","floor":48,"turns":4},{"damage":8,"enemies":"Writhing Mass","floor":49,"turns":5},{"damage":13,"enemies":"downfall:Ironclad","floor":50,"turns":6},{"damage":0,"enemies":"downfall:CharBossMerchant","floor":52,"turns":5},{"damage":18,"enemies":"downfall:NeowBoss","floor":55,"turns":13}],"seed_played":"8902361731213392093","potions_obtained":[{"floor":3.0,"key":"Strength Potion"},{"floor":5.0,"key":"Swift Potion"},{"floor":8.0,"key":"DistilledChaos"},{"floor":9.0,"key":"Slimebound:ThreeZeroPotion"},{"floor":12.0,"key":"BlessingOfTheForge"},{"floor":22.0,"key":"SmokeBomb"},{"floor":26.0,"key":"Swift Potion"},{"floor":27.0,"key":"FearPotion"},{"floor":32.0,"key":"FairyPotion"},{"floor":39,"key":"GamblersBrew"},{"floor":42,"key":"Explosive Potion"},{"floor":48,"key":"AttackPotion"},{"floor":52,"key":"Block Potion"}],"is_trial":false,"path_per_floor":["R","M","M","?","M","M","T","E","M","R","?","E","?","E","M","B",null,"R","?","?","?","M","M","T","R","M","M","M","$","R","M","M","B",null,"R","M","?","$","M","$","T","M","R","$","R","E","M","E","M","B",null,"E","$","R","B",null],"character_chosen":"GUARDIAN","items_purchased":["Guardian:PiercingHide","FairyPotion","Vajra","Guardian:TimeCapacitor","Guardian:Orbwalk"],"campfire_rested":0,"item_purchase_floors":[29,29,38,40,44],"current_hp_per_floor":[47,47,47,47,47,47,47,46,46,46,46,46,46,46,46,21,59,59,59,59,59,43,43,43,43,32,32,14,10,10,21,20,20,59,59,59,59,58,46,46,46,46,46,46,56,55,20,20,24,19,66,72,72,72,66],"gold":102,"neow_bonus":"RANDOM_COLORLESS_2","is_daily":false,"chose_seed":false,"campfire_upgraded":8,"win_rate":0.0,"timestamp":1609875898,"path_taken":["R","M","M","?","M","?","T","E","M","R","?","E","?","E","M","BOSS","R","?","?","?","?","M","T","R","M","M","M","$","R","M","M","BOSS","R","M","?","$","M","?","T","?","R","$","R","E","?","E","M","BOSS","E","$","R","BOSS"],"items_purchased_type":["Card","Potion","Relic","Card","Card"],"build_version":"2020-12-22","purchased_purges":3,"victory":true,"max_hp_per_floor":[72,72,72,72,72,72,72,72,72,72,72,72,72,72,72,72,72,72,72,72,72,72,72,72,72,72,72,72,72,72,72,72,72,72,72,72,72,72,72,72,72,72,72,72,82,82,82,82,82,82,82,82,82,82,82],"relic_stats":{"Happy Flower":[43],"Torii":24,"counters":[32,142],"Bird Faced Urn":[38],"Pen Nib":[30],"Question Card":22,"Boot":[131],"obtain_stats":[{"Happy Flower":8,"Torii":24,"downfall:HeartBlessingRed":45,"Guardian:ModeShifter":0,"Vajra":38,"downfall:HeartBlessingGreen":43,"Thread and Needle":46,"Pen Nib":7,"Omamori":14,"Guardian:PocketSentry":52,"Question Card":12,"Boot":21,"Guardian:PickAxe":13,"downfall:HeartBlessingBlue":45,"Bird Faced Urn":48,"Philosopher\u0027s Stone":17,"Coffee Dripper":34},{"Happy Flower":5,"Torii":13,"downfall:HeartBlessingRed":25,"Guardian:ModeShifter":0,"Vajra":22,"downfall:HeartBlessingGreen":25,"Thread and Needle":26,"Pen Nib":4,"Omamori":9,"Guardian:PocketSentry":31,"Question Card":7,"Boot":11,"Guardian:PickAxe":8,"downfall:HeartBlessingBlue":25,"Bird Faced Urn":28,"Philosopher\u0027s Stone":11,"Coffee Dripper":20},{"Happy Flower":15,"Torii":45,"downfall:HeartBlessingRed":101,"Guardian:ModeShifter":0,"Vajra":87,"downfall:HeartBlessingGreen":101,"Thread and Needle":106,"Pen Nib":10,"Omamori":26,"Guardian:PocketSentry":129,"Question Card":18,"Boot":36,"Guardian:PickAxe":22,"downfall:HeartBlessingBlue":101,"Bird Faced Urn":113,"Philosopher\u0027s Stone":36,"Coffee Dripper":75}]},"card_choices":[{"not_picked":["Transmutation","Chrysalis"],"picked":"expansioncontent:QuickStudy","floor":0.0},{"not_picked":["Guardian:TimeBomb","Guardian:PrismaticBarrier"],"picked":"Guardian:PrimingBeam","floor":2.0},{"not_picked":["Guardian:WalkerClaw","Guardian:ShieldCharger"],"picked":"Guardian:PrimingBeam","floor":3.0},{"not_picked":["Guardian:Gem_Red","Guardian:PiercingHide"],"picked":"Guardian:PolyBeam","floor":5.0},{"not_picked":["Guardian:ChargeUp","Guardian:GuardianWhirl","Guardian:Emergency"],"picked":"SKIP","floor":6.0},{"not_picked":["Guardian:ChargeCore","Guardian:ChargeUp"],"picked":"Guardian:SentryBeam","floor":8.0},{"not_picked":["Guardian:ShieldCharger","Guardian:GemFinder"],"picked":"Guardian:Recover","floor":9.0},{"not_picked":["Guardian:Incinerate","Guardian:ChargeCore","Guardian:CrystalBeam"],"picked":"SKIP","floor":12.0},{"not_picked":["Guardian:ChargeCore","Guardian:TimeCapacitor","Guardian:DonusPower","Guardian:ShieldCharger"],"picked":"SKIP","floor":14.0},{"not_picked":["Guardian:Gem_Red","Guardian:Repulse","Guardian:RefractedBeam"],"picked":"Guardian:Recover","floor":15.0},{"not_picked":["Guardian:StasisStrike","Guardian:ConstructionForm","Guardian:GemFire"],"picked":"Guardian:Gem_Orange","floor":16.0},{"not_picked":["Guardian:RollAttack","Guardian:ChargeCore","Guardian:DecasProtection","Guardian:GuardianWhirl+1"],"picked":"SKIP","floor":22.0},{"not_picked":["Guardian:RollAttack+1","Guardian:Planning","Guardian:FloatingOrbs","Guardian:PolyBeam+1"],"picked":"SKIP","floor":23.0},{"not_picked":["Guardian:RollAttack+1","Guardian:Planning","Guardian:FloatingOrbs","Guardian:PolyBeam+1"],"picked":"SKIP","floor":23.0},{"not_picked":["Guardian:WalkerClaw","Guardian:Gem_Green","Guardian:Planning","Guardian:TimeCapacitor"],"picked":"SKIP","floor":26.0},{"not_picked":["Guardian:Recover","Guardian:ChargeUp+1","Guardian:ShieldCharger"],"picked":"Guardian:Gem_Cyan","floor":27.0},{"not_picked":["Guardian:CrystalBeam","Guardian:Gem_Crimson","Guardian:VentSteam"],"picked":"Guardian:MultiBeam","floor":28.0},{"not_picked":["Guardian:SentryBeam","Guardian:Gem_Yellow","Guardian:ChargeCore","Guardian:Harden"],"picked":"SKIP","floor":29.0},{"not_picked":["Guardian:TemporalShield","Guardian:SpikerProtocol","Guardian:Gem_Red"],"picked":"Guardian:VentSteam+1","floor":31.0},{"not_picked":["Guardian:GemFinder","Guardian:ShieldCharger+1","Guardian:BronzeArmor"],"picked":"Guardian:Suspension","floor":32.0},{"not_picked":["Guardian:BaubleBeam","Guardian:SphericShield","Guardian:CompilePackage"],"picked":"Guardian:StasisEngine","floor":33.0},{"not_picked":["Guardian:PrismaticBarrier+1","Guardian:Suspension+1","Guardian:Incinerate"],"picked":"Guardian:FuturePlans","floor":36.0},{"not_picked":["Guardian:PrismaticBeam","Guardian:VentSteam","Guardian:PiercingHide","Guardian:ShieldCharger"],"picked":"SKIP","floor":38},{"not_picked":["Guardian:PrismaticBarrier","Guardian:ShieldSpikes","Guardian:RefractedBeam","Guardian:WalkerClaw"],"picked":"SKIP","floor":39},{"not_picked":["Guardian:FuturePlans","Guardian:Incinerate+1","Guardian:Planning"],"picked":"Guardian:Gem_White","floor":40},{"not_picked":["Guardian:Reroute","Guardian:TemporalStrike+1","Guardian:Orbwalk"],"picked":"Guardian:Incinerate+1","floor":42},{"not_picked":["Guardian:PrimingBeam","Guardian:TemporalStrike","Guardian:ChargeCore+1","Guardian:GuardianWhirl"],"picked":"SKIP","floor":46},{"not_picked":["Guardian:ChargeCore+1","Guardian:Gem_Green","Guardian:SpikerProtocol","Guardian:CrystalBeam"],"picked":"SKIP","floor":47},{"not_picked":["Guardian:Repulse","Guardian:Incinerate","Guardian:Recover","Guardian:FuturePlans+1"],"picked":"SKIP","floor":48},{"not_picked":["Guardian:GemFire","Guardian:GuardianWhirl+1","Guardian:PrimingBeam","Guardian:ChargeUp+1"],"picked":"SKIP","floor":49},{"not_picked":["Guardian:Preprogram","Guardian:Clone","Guardian:Suspension"],"picked":"Guardian:CompilePackage","floor":52}],"player_experience":2895401,"relics_obtained":[{"floor":7.0,"key":"Pen Nib"},{"floor":8.0,"key":"Happy Flower"},{"floor":12.0,"key":"Question Card"},{"floor":14.0,"key":"Omamori"},{"floor":24.0,"key":"Torii"},{"floor":46,"key":"Thread and Needle"},{"floor":48,"key":"Bird Faced Urn"},{"floor":52,"key":"Guardian:PocketSentry"}],"event_choices":[{"cards_removed":["Guardian:Strike_Guardian"],"damage_healed":0.0,"max_hp_gain":0.0,"max_hp_loss":0.0,"gold_gain":0.0,"event_name":"Back to Basics","player_choice":"Elegance","floor":19.0,"gold_loss":0.0,"damage_taken":0.0},{"damage_healed":0.0,"max_hp_gain":0.0,"max_hp_loss":0.0,"gold_gain":0.0,"event_name":"Vampires","player_choice":"Ignored","floor":20.0,"gold_loss":0.0,"damage_taken":0.0},{"damage_healed":0.0,"max_hp_gain":0.0,"max_hp_loss":0.0,"gold_gain":0.0,"event_name":"Addict","player_choice":"Stole Relic","floor":21.0,"gold_loss":0.0,"damage_taken":0.0,"relics_obtained":["Boot"],"cards_obtained":["Shame"]},{"damage_healed":0.0,"max_hp_gain":0.0,"max_hp_loss":0.0,"gold_gain":0.0,"cards_transformed":["Guardian:Strike_Guardian"],"event_name":"Transmorgrifier","player_choice":"Transformed","floor":37.0,"gold_loss":0.0,"damage_taken":0.0,"cards_obtained":["Guardian:Gem_Orange"]}],"is_beta":false,"boss_relics":[{"not_picked":["Pandora\u0027s Box","downfall:Hecktoplasm"],"picked":"Philosopher\u0027s Stone"},{"not_picked":["expansioncontent:StudyCardRelic","Empty Cage"],"picked":"Coffee Dripper"}],"items_purged_floors":[29,38,53],"is_endless":false,"potions_floor_spawned":[3,5,8,9,12,22,26,27,32,39,42,48,52],"ascension_level":20}}