{"host":"8hy8aczuekhxmmq8","time":1609838944,"event":{"mods":["Act Like it!","BaseMod","Colored Map","Colored Powertips","DeckTracker","Gensokyo","Koishi","Minty Spire (QoL Compilation)","Quick Restart","StSLib","SuperFastMode"],"gold_per_floor":[118,18,18,18,30,30,45,79,106,106,106,106,106,121,121,193,193,206,206,456,475,66,66,94,94,94,114,114,127,159,159,159,233,233,253,263,203,203,203],"floor_reached":38,"playtime":910,"items_purged":["Koishi:BasicStrike"],"score":820,"play_id":"5b167631-cc4a-4612-b6dd-fa9096e3b385","local_time":"20210105182904","is_ascension_mode":true,"campfire_choices":[{"data":"Koishi:EmbryosDream","floor":6.0,"key":"SMITH"},{"data":"Koishi:SprinkleStarAndHeart","floor":10.0,"key":"SMITH"},{"data":"Koishi:SubconsciousSweep","floor":13.0,"key":"SMITH"},{"floor":15.0,"key":"REST"},{"floor":23.0,"key":"REST"},{"floor":28.0,"key":"REST"},{"data":"Koishi:GeneticsOfTheUnconscious","floor":32.0,"key":"SMITH"}],"circlet_count":0,"master_deck":["AscendersBane","Koishi:BasicStrike","Koishi:BasicDefend","Koishi:BasicDefend+1","Koishi:BasicDefend+1","Koishi:BasicDefend","Koishi:Provoke","Koishi:HauntingSlash","Koishi:SubconsciousSweep+1","Koishi:YoukaiPolygraph","Koishi:SprinkleStarAndHeart+1","Koishi:FormlessExistence","Koishi:ApparitionsStalkTheNight","Koishi:SpiritedAway","Koishi:ConfinedInnocent","Koishi:IdleWhim","Koishi:RorschachInDanmaku","Koishi:GeneticsOfTheUnconscious+1","Koishi:FidgetySnatcher","Koishi:RorschachInDanmaku","Koishi:BramblyRoseGarden","Gensokyo:CustomPotion"],"relics":["Koishi:ImaginaryFriend","NeowsBlessing","Mercury Hourglass","Bronze Scales","Boot","Gensokyo:Justice","Snecko Eye","Gensokyo:MosesMiracle","War Paint","MealTicket","Kunai","Ornamental Fan","Empty Cage"],"acts_visited":["Exordium","Gensokyo:Gensokyo","Gensokyo:Gensokyoer"],"potions_floor_usage":[],"damage_taken":[{"damage":2.0,"enemies":"Gensokyo:3_Fairies","floor":1.0,"turns":2.0},{"damage":0.0,"enemies":"Gensokyo:2_Kodama","floor":5.0,"turns":1.0},{"damage":0.0,"enemies":"Gensokyo:Gryphon","floor":7.0,"turns":1.0},{"damage":27.0,"enemies":"Gensokyo:Mamizou","floor":8.0,"turns":8.0},{"damage":8.0,"enemies":"Gensokyo:3_Kodama","floor":14.0,"turns":2.0},{"damage":25.0,"enemies":"Gensokyo:Kokoro","floor":16.0,"turns":9.0},{"damage":27.0,"enemies":"Gensokyo:CosmicMonolith","floor":18.0,"turns":4.0},{"damage":6.0,"enemies":"Gensokyo:AngelMirror","floor":21.0,"turns":2.0},{"damage":17.0,"enemies":"Gensokyo:Koishi","floor":24.0,"turns":7.0},{"damage":6.0,"enemies":"Gensokyo:3_Gloops","floor":27.0,"turns":3.0},{"damage":5.0,"enemies":"Gensokyo:Chomper_and_Gloop","floor":29.0,"turns":4.0},{"damage":6.0,"enemies":"Gensokyo:Reisen","floor":30.0,"turns":6.0},{"damage":20.0,"enemies":"Gensokyo:Kaguya","floor":33.0,"turns":10.0},{"damage":0.0,"enemies":"Gensokyo:3_Boulders","floor":35.0,"turns":3.0},{"damage":8.0,"enemies":"Gensokyo:3_Bats","floor":36.0,"turns":3.0},{"damage":34,"enemies":"Gensokyo:Rafflesia","floor":38,"turns":5}],"seed_played":"3588922347624496701","potions_obtained":[{"floor":7.0,"key":"LiquidMemories"},{"floor":8.0,"key":"Strength Potion"},{"floor":14.0,"key":"Strength Potion"},{"floor":16.0,"key":"LiquidMemories"},{"floor":18.0,"key":"Explosive Potion"},{"floor":24.0,"key":"Fire Potion"},{"floor":29.0,"key":"FearPotion"}],"is_trial":false,"path_per_floor":["M","?","COS","?","M","R","M","E","T","R","?","?","R","M","R","B",null,"M","?","?","M","$","R","E","$","T","M","R","M","E","?","R","B",null,"M","M","?","M"],"character_chosen":"KOISHI","items_purchased":["Koishi:ConfinedInnocent","War Paint"],"campfire_rested":3,"item_purchase_floors":[22,22],"current_hp_per_floor":[49,49,49,49,49,49,49,23,23,23,23,23,23,15,32,9,45,18,18,18,12,12,27,10,25,25,19,34,29,23,23,23,3,41,42,34,34,0,0],"gold":203,"neow_bonus":"THREE_ENEMY_KILL","is_daily":false,"chose_seed":false,"campfire_upgraded":4,"win_rate":0.0,"timestamp":1609838944,"path_taken":["M","?","COS","?","?","R","?","E","T","R","?","?","R","M","R","BOSS","M","?","?","M","$","R","E","?","T","M","R","?","E","?","R","BOSS","M","M","?","M"],"items_purchased_type":["Card","Relic"],"build_version":"2020-12-22","purchased_purges":1,"victory":false,"max_hp_per_floor":[57,57,57,57,57,57,57,57,57,57,57,57,57,57,57,57,57,57,57,53,53,53,53,53,53,53,53,53,53,53,53,53,53,53,53,53,53,53,53],"card_choices":[{"not_picked":["Koishi:RacingHeart","Koishi:LastRemote"],"picked":"Koishi:SubconsciousSweep","floor":1.0},{"not_picked":["Koishi:ApparitionsStalkTheNight","Koishi:SubterraneanRose"],"picked":"Koishi:EmbryosDream","floor":5.0},{"not_picked":["Koishi:DNAsFlaw","Koishi:UnansweredLove"],"picked":"Koishi:YoukaiPolygraph","floor":7.0},{"not_picked":["Koishi:UnansweredLove","Koishi:FleetingPhantom"],"picked":"Koishi:SprinkleStarAndHeart","floor":8.0},{"not_picked":["Koishi:Catatonia","Koishi:PredatoryInstincts","Koishi:Possession"],"picked":"SKIP","floor":14.0},{"not_picked":["Koishi:HeartStoppingHorror","Koishi:MentalBreakdown"],"picked":"Koishi:FormlessExistence","floor":16.0},{"not_picked":["Koishi:Catatonia","Koishi:StingingMind"],"picked":"Koishi:ApparitionsStalkTheNight","floor":18.0},{"not_picked":["Koishi:PhantomStrike","Koishi:Catatonia"],"picked":"Koishi:SpiritedAway","floor":21.0},{"not_picked":["Koishi:DreadfulBlow","Koishi:PhilosophyOfTheDespised"],"picked":"Koishi:IdleWhim","floor":24.0},{"not_picked":["Koishi:UnansweredLove","Koishi:DreadfulBlow","Koishi:PhantomStrike+1"],"picked":"SKIP","floor":27.0},{"not_picked":["Koishi:PredatoryInstincts","Koishi:TerrifyingSpectre"],"picked":"Koishi:RorschachInDanmaku","floor":29.0},{"not_picked":["Koishi:DNAsFlaw","Koishi:EmbersOfLove"],"picked":"Koishi:GeneticsOfTheUnconscious","floor":30.0},{"not_picked":["Koishi:Prune","Koishi:EmbersOfLove"],"picked":"Koishi:RorschachInDanmaku","floor":35.0},{"not_picked":["Koishi:UnconsciousUrges","Koishi:DreadfulBlow"],"picked":"Koishi:BramblyRoseGarden","floor":36.0}],"player_experience":90416,"relics_obtained":[{"floor":8.0,"key":"Bronze Scales"},{"floor":9.0,"key":"Boot"},{"floor":24.0,"key":"MealTicket"},{"floor":26.0,"key":"Kunai"},{"floor":27.0,"key":"Gensokyo:MosesMiracle"},{"floor":30.0,"key":"Ornamental Fan"}],"event_choices":[],"is_beta":false,"boss_relics":[{"not_picked":["Pandora\u0027s Box","Astrolabe"],"picked":"Snecko Eye"},{"not_picked":["Coffee Dripper","Busted Crown"],"picked":"Empty Cage"}],"items_purged_floors":[22],"is_endless":false,"potions_floor_spawned":[7,8,14,16,18,24,29,30],"killed_by":"Gensokyo:Rafflesia","ascension_level":20}}