{"host":"o6rpelx2jpc8yies","time":1609834763,"event":{"mods":["BaseMod","Downfall","Minty Spire (QoL Compilation)","StSLib"],"gold_per_floor":[99,109,109,126,43,53,53,73,73,95,123,141,41,69,87,186,186,186,201,201,201,216,216,216,233,260,72,118,115,127,89,105,206,206,206,219,219,129,142,172,196,224,224,224,224,184,195,223,234,234,234,234,234],"floor_reached":52,"playtime":4863,"items_purged":["bronze:Shield","bronze:Defend"],"score":825,"play_id":"5e7d0e19-9137-4f0d-9f1b-c3853a31feb1","local_time":"20210105011923","is_ascension_mode":true,"campfire_choices":[{"floor":1.0,"key":"RECALL"},{"data":"bronze:MaxOutput","floor":9.0,"key":"SMITH"},{"floor":13.0,"key":"REST"},{"data":"bronze:Break","floor":18.0,"key":"SMITH"},{"data":"bronze:Format","floor":27.0,"key":"SMITH"},{"data":"bronze:Verify","floor":30.0,"key":"SMITH"},{"data":"bronze:AlphaBuild","floor":35.0,"key":"SMITH"},{"floor":44,"key":"REST"}],"circlet_count":0,"master_deck":["bronze:Strike","bronze:Strike","bronze:Defend","bronze:Defend","bronze:Defend","bronze:Replicate","bronze:Goto","bronze:Terminator","bronze:Constructor","bronze:Break+1","bronze:Repair","bronze:MaxOutput+1","bronze:Constructor","bronze:Shell","bronze:Fortify","bronze:FollowUp","bronze:Separator","bronze:Optimize","bronze:Format+1","bronze:DelayedSlice","bronze:FineTuning","bronze:Verify+1","bronze:Backtrace+1","bronze:Allocate+1","bronze:Boost","bronze:ItsAFeature+1","bronze:Separator","bronze:AlphaBuild+1","bronze:Terminator+1","bronze:SpaghettiCode","expansioncontent:DecasProtection","bronze:Allocate","bronze:Shield","bronze:ThunderWave"],"relics":["bronze:BronzeCore","Odd Mushroom","Bottled Tornado","downfall:HeartBlessingRed","Ornamental Fan","Runic Pyramid","downfall:RedIOU","MawBank","downfall:HeartBlessingGreen","downfall:HeartBlessingBlue","bronze:SilverBullet","Sozu","HornCleat","Oddly Smooth Stone","Bag of Preparation","Mango","Torii"],"acts_visited":["Exordium","TheCity","TheBeyond","TheEnding"],"potions_floor_usage":[42],"damage_taken":[{"damage":9.0,"enemies":"2 Louse","floor":2.0,"turns":2.0},{"damage":1.0,"enemies":"Jaw Worm","floor":4.0,"turns":2.0},{"damage":0.0,"enemies":"downfall:FleeingMerchant","floor":5.0,"turns":4.0},{"damage":0.0,"enemies":"Small Slimes","floor":6.0,"turns":2.0},{"damage":9.0,"enemies":"Exordium Wildlife","floor":8.0,"turns":6.0},{"damage":4.0,"enemies":"The Mushroom Lair","floor":10.0,"turns":5.0},{"damage":46.0,"enemies":"Gremlin Nob","floor":11.0,"turns":7.0},{"damage":6.0,"enemies":"3 Louse","floor":12.0,"turns":3.0},{"damage":15.0,"enemies":"Lagavulin","floor":14.0,"turns":8.0},{"damage":5.0,"enemies":"Exordium Thugs","floor":15.0,"turns":6.0},{"damage":28.0,"enemies":"ArchetypeAct1Statuses","floor":16.0,"turns":13.0},{"damage":4.0,"enemies":"3 Byrds","floor":19.0,"turns":6.0},{"damage":0.0,"enemies":"Chosen","floor":22.0,"turns":3.0},{"damage":6.0,"enemies":"Shelled Parasite and Fungi","floor":25.0,"turns":8.0},{"damage":5.0,"enemies":"Gremlin Leader","floor":26.0,"turns":12.0},{"damage":10.0,"enemies":"Slavers","floor":28.0,"turns":9.0},{"damage":0.0,"enemies":"downfall:FleeingMerchant","floor":29.0,"turns":4.0},{"damage":0.0,"enemies":"downfall:FleeingMerchant","floor":31.0,"turns":4.0},{"damage":0.0,"enemies":"Snecko","floor":32.0,"turns":4.0},{"damage":51.0,"enemies":"downfall:Defect","floor":33.0,"turns":14.0},{"damage":6.0,"enemies":"Orb Walker","floor":36.0,"turns":2.0},{"damage":0.0,"enemies":"downfall:FleeingMerchant","floor":38.0,"turns":4.0},{"damage":10.0,"enemies":"3 Darklings","floor":39.0,"turns":10.0},{"damage":64.0,"enemies":"Reptomancer","floor":40.0,"turns":10.0},{"damage":2,"enemies":"Giant Head","floor":42,"turns":9},{"damage":0,"enemies":"downfall:FleeingMerchant","floor":46,"turns":1},{"damage":33,"enemies":"Spire Growth","floor":47,"turns":5},{"damage":34,"enemies":"Nemesis","floor":48,"turns":7},{"damage":0,"enemies":"Sphere and 2 Shapes","floor":49,"turns":5},{"damage":1,"enemies":"downfall:Watcher","floor":50,"turns":13},{"damage":122,"enemies":"downfall:CharBossMerchant","floor":52,"turns":10}],"seed_played":"-8486659991007596595","potions_obtained":[{"floor":6.0,"key":"bronze:FreeFunctionsPotion"},{"floor":8.0,"key":"PowerPotion"},{"floor":11.0,"key":"Dexterity Potion"},{"floor":28.0,"key":"PowerPotion"},{"floor":33.0,"key":"SkillPotion"}],"is_trial":false,"path_per_floor":["R","M","?","M","$","M","T","M","R","?","E","M","R","E","M","B",null,"R","M","?","?","M","?","T","M","E","R","E","$","R","$","M","B",null,"R","M","?","$","M","E","T","E","?","R","?","$","M","E","M","B",null,"E"],"character_chosen":"THE_AUTOMATON","items_purchased":["bronze:MaxOutput","bronze:ItsAFeature","Mango"],"campfire_rested":2,"item_purchase_floors":[5,31,46],"current_hp_per_floor":[70,61,61,60,60,67,67,61,61,57,18,19,40,25,27,6,70,70,66,66,66,66,53,53,57,59,69,67,74,74,81,85,41,85,85,79,79,85,82,25,25,30,30,55,55,69,46,12,12,18,99,0,0],"gold":234,"neow_bonus":"THREE_CARDS","is_daily":false,"chose_seed":false,"campfire_upgraded":5,"win_rate":0.0,"timestamp":1609834763,"path_taken":["R","M","?","M","$","M","T","M","R","?","E","M","R","E","M","BOSS","R","M","?","?","M","?","T","M","E","R","E","$","R","$","M","BOSS","R","M","?","?","M","E","T","E","?","R","?","$","M","E","M","BOSS","E"],"items_purchased_type":["Card","Card","Relic"],"build_version":"2020-12-22","purchased_purges":2,"victory":false,"max_hp_per_floor":[70,70,70,70,70,70,70,70,70,70,70,70,70,70,70,70,70,70,70,70,70,70,75,75,75,75,85,85,85,85,85,85,85,85,85,85,85,85,85,85,85,85,85,85,85,99,99,99,99,99,99,99,99],"card_choices":[{"not_picked":["bronze:WildBeam","bronze:Branch"],"picked":"bronze:Terminator","floor":0.0},{"not_picked":["bronze:Deprecate","bronze:CutThrough"],"picked":"bronze:Constructor","floor":2.0},{"not_picked":["bronze:Branch","bronze:CutThrough"],"picked":"bronze:Shield","floor":4.0},{"not_picked":["bronze:HyperBeam","bronze:Overheat"],"picked":"bronze:Repair","floor":5.0},{"not_picked":["bronze:BugBarrage","bronze:WildBeam"],"picked":"bronze:Constructor","floor":6.0},{"not_picked":["bronze:Constructor","bronze:Shield","bronze:NullPointer"],"picked":"SKIP","floor":8.0},{"not_picked":["bronze:Constructor","bronze:SearingBeam"],"picked":"bronze:Shell","floor":10.0},{"not_picked":["bronze:Deprecate","bronze:MaxOutput"],"picked":"bronze:Fortify","floor":11.0},{"not_picked":["bronze:Branch","bronze:CutThrough"],"picked":"bronze:FollowUp","floor":12.0},{"not_picked":["bronze:Shell","bronze:CleanCode"],"picked":"bronze:Separator","floor":14.0},{"not_picked":["bronze:SearingBeam","bronze:Branch"],"picked":"bronze:Optimize","floor":15.0},{"not_picked":["bronze:Assembly","bronze:HyperBeam"],"picked":"bronze:Format","floor":16.0},{"not_picked":["bronze:DarkDash","bronze:BugBarrage"],"picked":"bronze:DelayedSlice","floor":19.0},{"not_picked":["bronze:DelayedSlice+1","bronze:Shield"],"picked":"bronze:FineTuning","floor":22.0},{"not_picked":["bronze:DigitalCarnage","bronze:Terminator","bronze:FineTuning"],"picked":"SKIP","floor":25.0},{"not_picked":["bronze:ChildClass","bronze:NullPointer"],"picked":"bronze:Verify","floor":26.0},{"not_picked":["bronze:WhirlingStrike","bronze:Constructor+1"],"picked":"bronze:Backtrace+1","floor":28.0},{"not_picked":["bronze:DelayedGuard","bronze:FindAndReplace"],"picked":"bronze:Allocate+1","floor":29.0},{"not_picked":["bronze:WildBeam","bronze:Optimize"],"picked":"bronze:Boost","floor":31.0},{"not_picked":["bronze:BronzeArmor","bronze:Overheat"],"picked":"bronze:Separator","floor":32.0},{"not_picked":["bronze:Break","bronze:ShipIt"],"picked":"bronze:AlphaBuild","floor":33.0},{"not_picked":["bronze:BugBarrage+1","bronze:DelayedGuard","bronze:Backtrace"],"picked":"SKIP","floor":36.0},{"not_picked":["bronze:Branch","bronze:DelayedSlice","bronze:ForLoop+1"],"picked":"SKIP","floor":38.0},{"not_picked":["bronze:Repair+1","bronze:BronzeArmor+1"],"picked":"bronze:Terminator+1","floor":39.0},{"not_picked":["bronze:AlphaBuild","bronze:Fortify+1"],"picked":"bronze:SpaghettiCode","floor":40.0},{"not_picked":["bronze:Overheat+1","bronze:BugBarrage+1","bronze:SearingBeam"],"picked":"SKIP","floor":42},{"not_picked":["expansioncontent:Chronoboost","expansioncontent:YouAreMine"],"picked":"expansioncontent:DecasProtection","floor":45},{"not_picked":["bronze:Frontload","bronze:Return+1"],"picked":"bronze:Allocate","floor":46},{"not_picked":["bronze:SearingBeam","bronze:DelayedGuard","bronze:NullPointer+1"],"picked":"SKIP","floor":47},{"not_picked":["bronze:Return+1","bronze:Turbo"],"picked":"bronze:Shield","floor":48},{"not_picked":["bronze:OilSpill+1","bronze:DelayedGuard+1"],"picked":"bronze:ThunderWave","floor":49}],"player_experience":1734047,"relics_obtained":[{"floor":7.0,"key":"Mummified Hand"},{"floor":10.0,"key":"Odd Mushroom"},{"floor":11.0,"key":"Bottled Tornado"},{"floor":14.0,"key":"Ornamental Fan"},{"floor":26.0,"key":"MawBank"},{"floor":28.0,"key":"bronze:SilverBullet"},{"floor":40.0,"key":"HornCleat"},{"floor":41.0,"key":"Oddly Smooth Stone"},{"floor":42,"key":"Bag of Preparation"},{"floor":48,"key":"Torii"}],"event_choices":[{"damage_healed":0.0,"max_hp_gain":0.0,"max_hp_loss":0.0,"gold_gain":0.0,"event_name":"Mushrooms","player_choice":"Fought Mushrooms","floor":10.0,"gold_loss":0.0,"damage_taken":0.0},{"cards_removed":["bronze:Strike"],"damage_healed":0,"gold_gain":0,"player_choice":"Removed Attack","damage_taken":0,"max_hp_gain":0,"max_hp_loss":0,"event_name":"Falling","floor":43,"gold_loss":0}],"is_beta":false,"boss_relics":[{"not_picked":["expansioncontent:StudyCardRelic","sneckomod:SneckoTalon"],"picked":"Runic Pyramid"},{"not_picked":["bronze:MakeshiftBattery","SlaversCollar"],"picked":"Sozu"}],"items_purged_floors":[38,46],"is_endless":false,"potions_floor_spawned":[6,8,11,12,14,25,28,33,39,48,49],"killed_by":"downfall:CharBossMerchant","ascension_level":1}}