{"host":"pcbz64t4k17ey4z1","time":1609806015,"event":{"mods":["2.2 Compatiblity","AchievementEnabler","Act Like it!","Aspiration","BaseMod","Beaked The Cultist","Better Match","Better Third Choice","BetterRewards","Card Forge","Colored Map","Colored Powertips","Conspire","Disable Question Mark Monsters","Fireblade Mod","Friendly Minions","Gensokyo","GifTheSpireLib","Glutton Mod","Googly Eyes","Gremlin Mod","Hermit","Hubris","Infinite Spire","Koishi","Marisa????????","Minty Spire (QoL Compilation)","Permanent Neow","Potionbrewer","Quick Restart","Random Character Button","Rare Cards Sparkle","Relic Filter","Replay The Spire","Robot Space Explorer","Shade Mod","Shop Mod","Small Relic Pack","Spicy Shops","StSLib","Stuff the Spire","SuperFastMode","The Animator","The Cursed","The Druid","The Gatherer","The Hierophant","The IronCluck","The Jungle","The Marked","The Runesmith","Virulent Crown","Waifu the Spire","Wandering Minibosses","vexMod"],"gold_per_floor":[109,55,69,84,84,115,134,159,233,246,260,295,2,13,13,113,113,128,145,345,356,356,391,391,411,411,421,437,472,488,488,488,583,583,633,633,685,748,793,793,874,874,874,874,961,1033,1131,1188,1188,1188],"floor_reached":51,"playtime":2239,"items_purged":[],"score":1326,"play_id":"e98caf21-76a8-4963-840b-0e6380c9acba","local_time":"20210105002015","is_ascension_mode":false,"campfire_choices":[{"floor":15,"key":"REST"},{"data":"infinitespire:Starlight","floor":24,"key":"SMITH"},{"data":"RobotSpaceExplorer:SelfCleaning","floor":32,"key":"SMITH"},{"data":"RobotSpaceExplorer:Multitool","floor":40,"key":"SMITH"},{"data":"RobotSpaceExplorer:FreezeRay","floor":42,"key":"SMITH"},{"floor":49,"key":"REST"}],"circlet_count":0,"master_deck":["RobotSpaceExplorer:Defend+1","RobotSpaceExplorer:Defend+1","RobotSpaceExplorer:Scan","RobotSpaceExplorer:MiniLasers","RobotSpaceExplorer:ScrapMissile+1","RobotSpaceExplorer:FreezeRay+1","Impatience","RobotSpaceExplorer:Discharger+1","RobotSpaceExplorer:Discharger+1","RobotSpaceExplorer:ShockKick","RobotSpaceExplorer:SlimeMissile+1","RobotSpaceExplorer:TrailblazerForm","RobotSpaceExplorer:ExhaustFan+1","RobotSpaceExplorer:SlimeMissile","RobotSpaceExplorer:Smokescreen","RobotSpaceExplorer:ExhaustFan+1","RobotSpaceExplorer:PowerGlove+1","RobotSpaceExplorer:RigExplosive","RobotSpaceExplorer:HighVoltage","RobotSpaceExplorer:SlimeMissile+1","RobotSpaceExplorer:SelfCleaning+1","RobotSpaceExplorer:StunGrenade","infinitespire:Starlight+1","Replay:Fractal Strike","RobotSpaceExplorer:Multitool+1","RobotSpaceExplorer:RigExplosive","RobotSpaceExplorer:HighVoltage","RobotSpaceExplorer:PowerCollector+1","RobotSpaceExplorer:Ammunition+1","RobotSpaceExplorer:Electropulse","RobotSpaceExplorer:PowerCollector+1","RobotSpaceExplorer:StunGrenade+1","RobotSpaceExplorer:Ammunition+1"],"relics":["RobotSpaceExplorer:RoboCore","Hammer of Thor","Seething Fire","Anvil of the Gods","relicPack:InfinityGauntlet","vexMod:GhostlyGear","Bronze Scales","Omamori","Ginger","Akabeko","conspire:BottledYoYo","Orichalcum","Bird Faced Urn","Velvet Choker","potionbrewer:WarMedal","infinitespire:Cupcake","Gambling Chip","RobotSpaceExplorer:PlasmaHourglass","wanderingMiniBosses:AbyssPearl","Letter Opener","aspiration:FutureDiary","infinitespire:EvilPickle","CatCart","Torii","relicPack:OneForAll","Smiling Mask","StuffTheSpire:Gunfinga","Juzu Bracelet"],"acts_visited":["Exordium","TheCity","TheBeyond"],"potions_floor_usage":[6,8,16,16,18,21,21,21,25,25,25,30,30,33,33,33,37,37,39,39,41,47,47,47,50,50,50,50,50],"damage_taken":[{"damage":0,"enemies":"Cultist","floor":1,"turns":3},{"damage":1,"enemies":"Small Slimes","floor":3,"turns":2},{"damage":6,"enemies":"Jaw Worm","floor":4,"turns":4},{"damage":2,"enemies":"Lagavulin","floor":6,"turns":5},{"damage":2,"enemies":"Looter","floor":7,"turns":2},{"damage":3,"enemies":"3 Sentries","floor":8,"turns":4},{"damage":14,"enemies":"Large Slime","floor":10,"turns":6},{"damage":5,"enemies":"3 Louse","floor":11,"turns":3},{"damage":3,"enemies":"Replay:BlueRogue","floor":12,"turns":5},{"damage":6,"enemies":"Blue Slaver","floor":14,"turns":3},{"damage":18,"enemies":"Hexaghost","floor":16,"turns":7},{"damage":10,"enemies":"2 Thieves","floor":18,"turns":2},{"damage":4,"enemies":"Chosen","floor":19,"turns":2},{"damage":42,"enemies":"Shelled Parasite and Fungi","floor":21,"turns":6},{"damage":35,"enemies":"Nightmare","floor":23,"turns":8},{"damage":7,"enemies":"Snecko","floor":25,"turns":5},{"damage":9,"enemies":"Snake Plant","floor":27,"turns":3},{"damage":0,"enemies":"Cultist and Chosen","floor":28,"turns":4},{"damage":7,"enemies":"Book of Stabbing","floor":29,"turns":4},{"damage":0,"enemies":"Centurion and Healer","floor":30,"turns":1},{"damage":10,"enemies":"Pondfish","floor":33,"turns":7},{"damage":0,"enemies":"Orb Walker","floor":35,"turns":2},{"damage":3,"enemies":"3 Darklings","floor":37,"turns":3},{"damage":16,"enemies":"Sphere and 2 Shapes","floor":38,"turns":4},{"damage":9,"enemies":"Orin","floor":39,"turns":6},{"damage":9,"enemies":"Nemesis","floor":41,"turns":3},{"damage":11,"enemies":"Reptomancer","floor":45,"turns":4},{"damage":13,"enemies":"Maw","floor":46,"turns":4},{"damage":34,"enemies":"Nightmare","floor":47,"turns":6},{"damage":54,"enemies":"Awakened One","floor":50,"turns":7}],"seed_played":"1972048343177310688","potions_obtained":[{"floor":1,"key":"Block Potion"},{"floor":3,"key":"Fire Potion"},{"floor":14,"key":"Block Potion"},{"floor":16,"key":"ColorlessPotion"},{"floor":18,"key":"potionbrewer:AcidPotion"},{"floor":21,"key":"Explosive Potion"},{"floor":25,"key":"potionbrewer:ToxicPotion"},{"floor":29,"key":"Weak Potion"},{"floor":37,"key":"Cursed Concoction"},{"floor":39,"key":"AttackPotion"},{"floor":48,"key":"LifebloodPotion"}],"is_trial":false,"path_per_floor":["M","$","M","M","?","E","M","E","T","M","M","E","$","M","R","B",null,"M","M","?","M","AVR","NM","R","M","T","M","M","E","M","?","R","B",null,"M","?","M","M","?","R","E","R","T","?","E","M","NM","?","R","B",null],"character_chosen":"RobotSpaceExplorer","items_purchased":["relicPack:InfinityGauntlet","vexMod:GhostlyGear","Bronze Scales","Omamori","RobotSpaceExplorer:ScrapMissile","RobotSpaceExplorer:FreezeRay","Impatience","RobotSpaceExplorer:Discharger+1","RobotSpaceExplorer:ShockKick","Bird Faced Urn"],"campfire_rested":2,"item_purchase_floors":[0,0,0,0,0,0,0,0,2,13],"current_hp_per_floor":[75,75,74,68,53,51,49,46,46,32,27,24,24,26,48,44,75,65,67,67,39,39,30,30,50,50,68,75,70,75,75,75,73,75,75,75,75,60,67,67,70,70,70,70,75,75,55,55,75,46],"gold":1188,"neow_bonus":"","is_daily":false,"chose_seed":false,"campfire_upgraded":4,"win_rate":0.0,"timestamp":1609806015,"path_taken":["M","$","M","M","?","E","M","E","T","M","M","E","$","M","R","BOSS","M","M","?","M","AVR","NM","R","M","T","M","M","E","?","?","R","BOSS","M","?","M","M","?","R","E","R","T","?","E","M","NM","?","R","BOSS"],"items_purchased_type":["Relic","Relic","Relic","Relic","Card","Card","Card","Card","Card","Relic"],"build_version":"2020-12-22","purchased_purges":0,"victory":true,"max_hp_per_floor":[75,75,75,75,75,75,75,75,75,75,75,75,75,75,75,75,75,75,75,75,75,75,75,75,75,75,75,75,75,75,75,75,75,75,75,75,75,75,75,75,75,75,75,75,75,75,75,75,75,75],"card_choices":[{"not_picked":["RobotSpaceExplorer:Pulsar","RobotSpaceExplorer:MetalStrike"],"picked":"RobotSpaceExplorer:Discharger","floor":1},{"not_picked":["RobotSpaceExplorer:ShockKick","RobotSpaceExplorer:ImprovisedAttack"],"picked":"RobotSpaceExplorer:DualCore","floor":3},{"not_picked":["RobotSpaceExplorer:Counterblock","RobotSpaceExplorer:LaserBurst"],"picked":"RobotSpaceExplorer:SlimeMissile","floor":4},{"not_picked":["RobotSpaceExplorer:Counterblock","RobotSpaceExplorer:SwiftStep"],"picked":"RobotSpaceExplorer:TrailblazerForm","floor":6},{"not_picked":["RobotSpaceExplorer:MiniDrones","RobotSpaceExplorer:PowerCollector"],"picked":"RobotSpaceExplorer:ExhaustFan","floor":7},{"not_picked":["RobotSpaceExplorer:DoubleFind","RobotSpaceExplorer:GlueSpray"],"picked":"RobotSpaceExplorer:SlimeMissile","floor":8},{"not_picked":["RobotSpaceExplorer:ImprovisedAttack","RobotSpaceExplorer:LuckyStrike"],"picked":"RobotSpaceExplorer:Smokescreen","floor":10},{"not_picked":["RobotSpaceExplorer:StunGrenade","RobotSpaceExplorer:ShovelStrike"],"picked":"RobotSpaceExplorer:ExhaustFan","floor":11},{"not_picked":["RobotSpaceExplorer:Pulsar","RobotSpaceExplorer:IronShell"],"picked":"RobotSpaceExplorer:PowerGlove","floor":12},{"not_picked":["RobotSpaceExplorer:MetalStrike","RobotSpaceExplorer:ToxicBomb"],"picked":"RobotSpaceExplorer:RigExplosive","floor":14},{"not_picked":["RobotSpaceExplorer:Exploration","RobotSpaceExplorer:ChargingLaser"],"picked":"RobotSpaceExplorer:HighVoltage","floor":16},{"not_picked":["RobotSpaceExplorer:LuckyStrike+1","RobotSpaceExplorer:SwiftStep"],"picked":"RobotSpaceExplorer:SlimeMissile+1","floor":18},{"not_picked":["RobotSpaceExplorer:SlimeMissile","RobotSpaceExplorer:ShockKick"],"picked":"RobotSpaceExplorer:SelfCleaning","floor":19},{"not_picked":["RobotSpaceExplorer:LuckyStrike","RobotSpaceExplorer:SurgingShield"],"picked":"RobotSpaceExplorer:StunGrenade","floor":21},{"not_picked":["infinitespire:FinalStrike","infinitespire:Fortify"],"picked":"Replay:Fractal Strike","floor":23},{"not_picked":["RobotSpaceExplorer:StarLightning","RobotSpaceExplorer:IronShell","RobotSpaceExplorer:SwiftStep+1"],"picked":"SKIP","floor":23},{"not_picked":["RobotSpaceExplorer:MiniDrones","RobotSpaceExplorer:ShockKick","RobotSpaceExplorer:IronShell"],"picked":"SKIP","floor":25},{"not_picked":["RobotSpaceExplorer:SurgingStrike","RobotSpaceExplorer:SurgingShield+1","RobotSpaceExplorer:FrostMissile"],"picked":"SKIP","floor":27},{"not_picked":["RobotSpaceExplorer:SwiftStep","RobotSpaceExplorer:GlueShot","RobotSpaceExplorer:SurgingStrike"],"picked":"SKIP","floor":28},{"not_picked":["RobotSpaceExplorer:MetalStrike","RobotSpaceExplorer:Calculate"],"picked":"RobotSpaceExplorer:Multitool","floor":29},{"not_picked":["RobotSpaceExplorer:SwiftStep","RobotSpaceExplorer:DualCore"],"picked":"RobotSpaceExplorer:RigExplosive","floor":30},{"not_picked":["RobotSpaceExplorer:Scanner","RobotSpaceExplorer:Wormhole"],"picked":"RobotSpaceExplorer:HighVoltage","floor":33},{"not_picked":["RobotSpaceExplorer:FrostMissile","RobotSpaceExplorer:Calculate"],"picked":"RobotSpaceExplorer:PowerCollector+1","floor":35},{"not_picked":["RobotSpaceExplorer:ScrapMissile","RobotSpaceExplorer:BigMissile+1"],"picked":"RobotSpaceExplorer:Ammunition+1","floor":37},{"not_picked":["RobotSpaceExplorer:LaserBurst","RobotSpaceExplorer:MetalStrike+1"],"picked":"RobotSpaceExplorer:Electropulse","floor":38},{"not_picked":["RobotSpaceExplorer:ScrapToss+1","RobotSpaceExplorer:Ammunition"],"picked":"RobotSpaceExplorer:PowerCollector+1","floor":39},{"not_picked":["RobotSpaceExplorer:Ammunition+1","RobotSpaceExplorer:FrostMissile","RobotSpaceExplorer:GlueShot"],"picked":"SKIP","floor":41},{"not_picked":["RobotSpaceExplorer:ScrapMissile","RobotSpaceExplorer:SurgingShield+1"],"picked":"RobotSpaceExplorer:StunGrenade+1","floor":45},{"not_picked":["RobotSpaceExplorer:FrostMissile","RobotSpaceExplorer:Probe","RobotSpaceExplorer:IronShell+1"],"picked":"SKIP","floor":46},{"not_picked":["RobotSpaceExplorer:MetalStrike+1","RobotSpaceExplorer:SlimeMissile+1","RobotSpaceExplorer:TurboDodge"],"picked":"SKIP","floor":47},{"not_picked":["RobotSpaceExplorer:Blaster","RobotSpaceExplorer:ShockKick"],"picked":"RobotSpaceExplorer:Ammunition+1","floor":48}],"player_experience":3862463,"relics_obtained":[{"floor":6,"key":"Ginger"},{"floor":8,"key":"Akabeko"},{"floor":9,"key":"conspire:BottledYoYo"},{"floor":12,"key":"Orichalcum"},{"floor":23,"key":"Gambling Chip"},{"floor":26,"key":"RobotSpaceExplorer:PlasmaHourglass"},{"floor":28,"key":"wanderingMiniBosses:AbyssPearl"},{"floor":29,"key":"Letter Opener"},{"floor":39,"key":"CatCart"},{"floor":41,"key":"Torii"},{"floor":45,"key":"Smiling Mask"},{"floor":47,"key":"StuffTheSpire:Gunfinga"},{"floor":48,"key":"Juzu Bracelet"}],"event_choices":[{"damage_healed":68,"gold_gain":0,"player_choice":"Upgrade","damage_taken":15,"max_hp_gain":0,"max_hp_loss":75,"event_name":"betterThird:BetterShining","floor":5,"gold_loss":0,"cards_upgraded":["RobotSpaceExplorer:ScrapMissile","RobotSpaceExplorer:SlimeMissile"]},{"damage_healed":0,"gold_gain":200,"player_choice":"Gold","damage_taken":0,"max_hp_gain":0,"max_hp_loss":0,"event_name":"Wheel of Change","floor":20,"gold_loss":0},{"cards_removed":["RobotSpaceExplorer:Defend"],"damage_healed":0,"gold_gain":0,"player_choice":"Elegance","damage_taken":0,"max_hp_gain":0,"max_hp_loss":0,"event_name":"betterThird:BetterWriting","floor":31,"gold_loss":0},{"cards_removed":["RobotSpaceExplorer:DualCore"],"damage_healed":0,"gold_gain":0,"player_choice":"Removed Power","damage_taken":0,"max_hp_gain":0,"max_hp_loss":0,"event_name":"Falling","floor":36,"gold_loss":0},{"damage_healed":0,"gold_gain":0,"player_choice":"Fight","damage_taken":0,"max_hp_gain":0,"max_hp_loss":0,"event_name":"OrinTheCat","floor":39,"gold_loss":0}],"is_beta":false,"boss_relics":[{"not_picked":["hubris:Stopwatch","StuffTheSpire:RunicConfusion"],"picked":"Velvet Choker"},{"not_picked":["conspire:SpecialSausage","RobotSpaceExplorer:Reprocessor"],"picked":"aspiration:FutureDiary"}],"items_purged_floors":[],"is_endless":false,"potions_floor_spawned":[1,3,8,14,16,18,21,25,29,37,39,46],"ascension_level":0}}