{"host":"msmkw03x1o7nq45i","time":1609882277,"event":{"mods":["BaseMod","Bestiary","Colored Powertips","GifTheSpireLib","Highlight Path","Minty Spire (QoL Compilation)","Random Character Button","StSLib","The Servant 0.9.4","everything is the same but u backflip on backflip"],"gold_per_floor":[110,126,140,215,225,225,400,425,425,425,425,13,27,45,45,148,148,166,166,186,35,54,54,86,103,128,128,154,168,168,181,181,284,284,296,96,96,113,128,128,158,174,174,207,253,253,38,48,48,48],"floor_reached":51,"playtime":9242,"items_purged":["Strike_S","Strike_S","Defend_S"],"score":774,"play_id":"1b797e2e-7e4d-42b2-b993-64956cadaf23","local_time":"20210105233117","is_ascension_mode":false,"campfire_choices":[{"data":"Defy","floor":6,"key":"SMITH"},{"floor":11,"key":"REST"},{"data":"LightFlow","floor":15,"key":"SMITH"},{"data":"FlawlessForm","floor":23,"key":"SMITH"},{"data":"ReturningBlade","floor":27,"key":"SMITH"},{"data":"Hightail","floor":32,"key":"SMITH"},{"data":"BottledTime","floor":40,"key":"SMITH"},{"floor":49,"key":"REST"}],"circlet_count":0,"master_deck":["Defend_S","KidneyShot","Exchange","DoubleEdge","ReturningBlade+1","Defy+1","Starlight","LightFlow+1","Defy","Moonlight+1","Sunlight+1","FlawlessForm+1","Defy+1","Solidify+1","Barrier+1","Hightail+1","Necronomicurse","DoubleEdge+1","ShiftingGears+1","KillingDoll+1","Spin+1","RitualDagger+1","Hightail+1","Solidify","Secret Weapon","BottledTime+1","Dramatic Entrance+1","Barrier+1","Revamp","Collapse+1","Contraction+1","Riddle With Holes+1"],"relics":["Uniform","Incense Burner","Molten Egg 2","MealTicket","Chemical X","Astrolabe","Necronomicon","Membership Card","Bottled Lightning","Strawberry","Bag of Marbles","Velvet Choker","Mummified Hand","Kunai","Pen Nib","Thread and Needle","Toy Ornithopter","PrismaticShard"],"acts_visited":["Exordium","TheCity","TheBeyond"],"potions_floor_usage":[8,22,50,50],"damage_taken":[{"damage":0,"enemies":"Cultist","floor":1,"turns":4},{"damage":0,"enemies":"2 Louse","floor":2,"turns":2},{"damage":0,"enemies":"Jaw Worm","floor":3,"turns":5},{"damage":17,"enemies":"Exordium Thugs","floor":5,"turns":7},{"damage":15,"enemies":"3 Sentries","floor":8,"turns":5},{"damage":0,"enemies":"2 Fungi Beasts","floor":13,"turns":3},{"damage":0,"enemies":"Gremlin Gang","floor":14,"turns":5},{"damage":18,"enemies":"Hexaghost","floor":16,"turns":6},{"damage":3,"enemies":"2 Thieves","floor":18,"turns":4},{"damage":0,"enemies":"3 Byrds","floor":20,"turns":4},{"damage":0,"enemies":"Cultist and Chosen","floor":22,"turns":2},{"damage":0,"enemies":"Slavers","floor":24,"turns":2},{"damage":0,"enemies":"Shelled Parasite and Fungi","floor":25,"turns":2},{"damage":28,"enemies":"Gremlin Leader","floor":28,"turns":3},{"damage":0,"enemies":"Snecko","floor":29,"turns":2},{"damage":0,"enemies":"Centurion and Healer","floor":31,"turns":4},{"damage":6,"enemies":"Champ","floor":33,"turns":10},{"damage":0,"enemies":"Orb Walker","floor":35,"turns":4},{"damage":0,"enemies":"3 Shapes","floor":38,"turns":1},{"damage":6,"enemies":"Transient","floor":39,"turns":5},{"damage":17,"enemies":"Giant Head","floor":41,"turns":8},{"damage":0,"enemies":"Sphere and 2 Shapes","floor":42,"turns":3},{"damage":0,"enemies":"Nemesis","floor":44,"turns":11},{"damage":17,"enemies":"2 Orb Walkers","floor":45,"turns":3},{"damage":17,"enemies":"Jaw Worm Horde","floor":48,"turns":2},{"damage":16,"enemies":"Awakened One","floor":50,"turns":9}],"seed_played":"3224739469103472871","potions_obtained":[{"floor":2,"key":"BlessingOfTheForge"},{"floor":5,"key":"SpeedPotion"},{"floor":8,"key":"FearPotion"},{"floor":16,"key":"Fruit Juice"},{"floor":22,"key":"LiquidMemories"},{"floor":25,"key":"AttackPotion"},{"floor":41,"key":"AttackPotion"},{"floor":48,"key":"DuplicationPotion"}],"is_trial":false,"path_per_floor":["M","M","M","?","M","R","?","E","T","?","R","$","M","M","R","B",null,"M","?","M","$","M","R","E","M","T","R","E","M","?","M","R","B",null,"M","$","?","M","M","R","E","M","T","E","?","?","$","M","R","B",null],"character_chosen":"THE_SERVANT","items_purchased":["MealTicket","Defy","Chemical X","Membership Card","Secret Weapon","BottledTime","Dramatic Entrance+1","Toy Ornithopter","PrismaticShard"],"campfire_rested":2,"item_purchase_floors":[12,12,12,21,36,36,36,47,47],"current_hp_per_floor":[71,71,71,60,43,43,43,28,28,28,49,49,49,49,49,31,71,68,52,52,67,72,72,72,72,79,79,51,51,45,45,45,39,83,83,83,83,83,77,77,60,60,60,60,43,43,58,41,65,59],"gold":48,"neow_bonus":"TEN_PERCENT_HP_BONUS","is_daily":false,"chose_seed":false,"campfire_upgraded":6,"win_rate":0.0,"timestamp":1609882277,"path_taken":["M","M","M","?","M","R","?","E","T","?","R","$","M","M","R","BOSS","M","?","M","?","M","R","E","M","T","R","E","M","?","M","R","BOSS","M","$","?","M","?","R","E","M","T","E","?","?","$","M","R","BOSS"],"items_purchased_type":["Relic","Card","Relic","Relic","Card","Card","Card","Relic","Relic"],"build_version":"2020-12-22","purchased_purges":3,"victory":true,"max_hp_per_floor":[71,71,71,71,71,71,71,71,71,71,71,71,71,71,71,71,71,71,71,71,71,76,76,76,76,83,83,83,83,83,83,83,83,83,83,83,83,83,83,83,83,83,83,83,83,83,83,83,83,83],"card_choices":[{"not_picked":["Potential","TimeWarp"],"picked":"DoubleEdge","floor":1},{"not_picked":["Desolation","Gouge"],"picked":"ReturningBlade","floor":2},{"not_picked":["Ricochet","Unruled"],"picked":"Defy","floor":3},{"not_picked":["Contraction","Revamp"],"picked":"Starlight","floor":5},{"not_picked":["Rearm","ShiftingGears"],"picked":"LightFlow","floor":8},{"not_picked":["Starlight+1","TimeWarp+1"],"picked":"Moonlight+1","floor":13},{"not_picked":["Rewind","Desolation+1"],"picked":"Sunlight+1","floor":14},{"not_picked":["KillingDoll+1","Deny"],"picked":"FlawlessForm","floor":16},{"not_picked":["DoubleEdge+1","FastForward"],"picked":"Hightail+1","floor":18},{"not_picked":["Revamp","SpecialFormula"],"picked":"DoubleEdge+1","floor":20},{"not_picked":["FastForward","Starlight+1"],"picked":"ShiftingGears+1","floor":22},{"not_picked":["BestPractice","Potential+1"],"picked":"KillingDoll+1","floor":24},{"not_picked":["Rewind","Revamp+1","Unruled+1"],"picked":"SKIP","floor":25},{"not_picked":["TimeWarp+1","RealityMarble"],"picked":"Spin+1","floor":28},{"not_picked":["ShatteredReality+1","Desolation+1","WasteNot+1"],"picked":"SKIP","floor":29},{"not_picked":["Rearm","Defy"],"picked":"Hightail","floor":31},{"not_picked":["Initiator+1","Deny"],"picked":"Solidify","floor":33},{"not_picked":["Read+1","FastForward+1","Alleviate+1"],"picked":"SKIP","floor":35},{"not_picked":["DoubleEdge+1","InstantArmor","Replace"],"picked":"SKIP","floor":38},{"not_picked":["Snipe+1","SpecialFormula","SurpressingFire"],"picked":"SKIP","floor":39},{"not_picked":["SpecialFormula+1","Spin+1"],"picked":"Barrier+1","floor":41},{"not_picked":["FastForward+1","Deny"],"picked":"Revamp","floor":42},{"not_picked":["Rewind+1","BottledTime"],"picked":"Collapse+1","floor":44},{"not_picked":["Barrier+1","DoubleEdge+1"],"picked":"Contraction+1","floor":45},{"not_picked":["Footwork","Dagger Spray+1"],"picked":"Riddle With Holes+1","floor":48}],"player_experience":338029,"relics_obtained":[{"floor":8,"key":"Incense Burner"},{"floor":9,"key":"Molten Egg 2"},{"floor":19,"key":"Necronomicon"},{"floor":24,"key":"Bottled Lightning"},{"floor":26,"key":"Strawberry"},{"floor":28,"key":"Bag of Marbles"},{"floor":41,"key":"Mummified Hand"},{"floor":43,"key":"Kunai"},{"floor":44,"key":"Pen Nib"},{"floor":45,"key":"Thread and Needle"}],"event_choices":[{"damage_healed":0,"gold_gain":75,"player_choice":"Gather Gold","damage_taken":11,"max_hp_gain":0,"max_hp_loss":0,"event_name":"World of Goop","floor":4,"gold_loss":0},{"damage_healed":0,"gold_gain":175,"player_choice":"AGREE","damage_taken":0,"max_hp_gain":0,"max_hp_loss":0,"event_name":"Liars Game","floor":7,"gold_loss":0,"cards_obtained":["Doubt"]},{"cards_removed":["Doubt"],"damage_healed":0,"gold_gain":0,"player_choice":"Purged","damage_taken":0,"max_hp_gain":0,"max_hp_loss":0,"event_name":"Purifier","floor":10,"gold_loss":0},{"damage_healed":0,"gold_gain":0,"player_choice":"Obtained Book","damage_taken":16,"max_hp_gain":0,"max_hp_loss":0,"event_name":"Cursed Tome","floor":19,"gold_loss":0},{"damage_healed":0,"gold_gain":0,"player_choice":"Joined the Cult","damage_taken":6,"max_hp_gain":0,"max_hp_loss":0,"event_name":"Nest","floor":30,"gold_loss":0,"cards_obtained":["RitualDagger"]},{"cards_removed":["Defend_S"],"damage_healed":0,"gold_gain":0,"player_choice":"Purged","damage_taken":0,"max_hp_gain":0,"max_hp_loss":0,"event_name":"Purifier","floor":37,"gold_loss":0},{"damage_healed":0,"gold_gain":0,"player_choice":"Fight","damage_taken":0,"max_hp_gain":0,"max_hp_loss":0,"event_name":"Mysterious Sphere","floor":45,"gold_loss":0},{"damage_healed":0,"gold_gain":0,"player_choice":"Ignored","damage_taken":0,"max_hp_gain":0,"max_hp_loss":0,"event_name":"Tomb of Lord Red Mask","floor":46,"gold_loss":0}],"is_beta":false,"boss_relics":[{"not_picked":["Black Star","Empty Cage"],"picked":"Astrolabe"},{"not_picked":["Busted Crown","SacredBark"],"picked":"Velvet Choker"}],"items_purged_floors":[12,36,47],"is_endless":false,"potions_floor_spawned":[2,5,8,16,22,24,25,41,44,45,48],"ascension_level":0}}