{"host":"vuriy6uyozwp3u0s","time":1609848344,"event":{"mods":["BaseMod","BetterRewards","Hermit","Minty Spire (QoL Compilation)","Permanent Neow","Quick Restart","StSLib","The Wild Card"],"gold_per_floor":[117,133,60,117,131,156,156,167,167,167,167,196,19,33,33,138,138,155,166,166,184,184,184,184,184,211,229,229,239,46,65,65,160,160,178,178,191,203,203,203,152,168,168,168,185,185,185,214,214,214],"floor_reached":51,"playtime":3710,"items_purged":[],"score":687,"play_id":"247ee3dd-2821-4178-96c8-4bc45875f7b9","local_time":"20210105210544","is_ascension_mode":false,"campfire_choices":[{"data":"Noxious Fumes","floor":7,"key":"SMITH"},{"data":"Deadly Poison","floor":11,"key":"SMITH"},{"data":"PiercingWail","floor":15,"key":"SMITH"},{"data":"Corpse Explosion","floor":23,"key":"SMITH"},{"data":"Leg Sweep","floor":25,"key":"SMITH"},{"data":"Leg Sweep","floor":28,"key":"SMITH"},{"floor":32,"key":"REST"},{"floor":40,"key":"REST"},{"floor":44,"key":"REST"},{"floor":49,"key":"REST"}],"circlet_count":0,"master_deck":["Strike_G+1","Strike_G+1","Strike_G+1","Strike_G+1","Strike_G+1","Defend_G+1","Defend_G+1","Defend_G+1","Defend_G+1","Defend_G+1","Survivor","Neutralize","Deadly Poison+1","PiercingWail+1","Dash","Noxious Fumes+1","Leg Sweep+1","Quick Slash","Cloak And Dagger+1","Leg Sweep+1","Bane","Corpse Explosion+1","Footwork","Dash","Deflect","PiercingWail","Poisoned Stab","Dagger Throw","Bullet Time","Crippling Poison","PiercingWail+1","Corpse Explosion","Deadly Poison","PiercingWail+1","Catalyst+1","Blind","Backstab+1","Poisoned Stab","Doubt","Venomology"],"relics":["Ring of the Snake","Blood Vial","Question Card","Lizard Tail","Orichalcum","Runic Pyramid","Regal Pillow","Runic Dome","Shovel","War Paint"],"acts_visited":["Exordium","TheCity","TheBeyond"],"potions_floor_usage":[12,16,19,21,33,38,48,48,50,50],"damage_taken":[{"damage":8,"enemies":"Jaw Worm","floor":1,"turns":5},{"damage":0,"enemies":"Small Slimes","floor":2,"turns":4},{"damage":0,"enemies":"2 Louse","floor":5,"turns":3},{"damage":5,"enemies":"3 Sentries","floor":6,"turns":7},{"damage":1,"enemies":"2 Fungi Beasts","floor":8,"turns":4},{"damage":11,"enemies":"Gremlin Nob","floor":12,"turns":5},{"damage":12,"enemies":"3 Louse","floor":14,"turns":3},{"damage":11,"enemies":"Hexaghost","floor":16,"turns":10},{"damage":6,"enemies":"2 Thieves","floor":18,"turns":4},{"damage":13,"enemies":"3 Byrds","floor":19,"turns":4},{"damage":15,"enemies":"Snake Plant","floor":21,"turns":5},{"damage":2,"enemies":"Centurion and Healer","floor":27,"turns":5},{"damage":18,"enemies":"Shelled Parasite and Fungi","floor":29,"turns":8},{"damage":12,"enemies":"Snecko","floor":31,"turns":7},{"damage":37,"enemies":"Collector","floor":33,"turns":10},{"damage":14,"enemies":"Orb Walker","floor":35,"turns":5},{"damage":23,"enemies":"3 Darklings","floor":37,"turns":5},{"damage":30,"enemies":"Transient","floor":38,"turns":5},{"damage":37,"enemies":"Jaw Worm Horde","floor":42,"turns":4},{"damage":4,"enemies":"Spire Growth","floor":45,"turns":5},{"damage":38,"enemies":"Nemesis","floor":48,"turns":7},{"damage":31,"enemies":"Time Eater","floor":50,"turns":14}],"seed_played":"2529640335118484759","potions_obtained":[{"floor":1,"key":"Dexterity Potion"},{"floor":2,"key":"Regen Potion"},{"floor":5,"key":"PowerPotion"},{"floor":16,"key":"PowerPotion"},{"floor":18,"key":"Regen Potion"},{"floor":19,"key":"DistilledChaos"},{"floor":33,"key":"Block Potion"},{"floor":35,"key":"CultistPotion"},{"floor":37,"key":"GamblersBrew"},{"floor":48,"key":"ColorlessPotion"}],"is_trial":false,"path_per_floor":["M","M","$","?","M","E","R","M","T","?","R","E","$","M","R","B",null,"M","M","?","M","?","R","?","R","T","M","R","M","$","M","R","B",null,"M","?","M","M","?","R","$","M","T","R","M","?","?","E","R","B",null],"character_chosen":"THE_SILENT","items_purchased":["Noxious Fumes","Leg Sweep","Orichalcum","Bullet Time","Crippling Poison","Weak Potion"],"campfire_rested":4,"item_purchase_floors":[3,13,13,30,30,41],"current_hp_per_floor":[62,62,62,62,62,57,57,58,58,63,63,63,63,53,53,44,75,69,66,66,53,53,53,53,53,53,53,53,37,37,27,64,29,75,61,61,40,12,12,49,49,14,14,51,49,49,75,37,74,44],"gold":214,"neow_bonus":"THREE_CARDS","is_daily":false,"chose_seed":false,"campfire_upgraded":6,"win_rate":0.0,"timestamp":1609848344,"path_taken":["M","M","$","?","M","E","R","M","T","?","R","E","?","M","R","BOSS","M","M","?","M","?","R","?","R","T","M","R","M","$","M","R","BOSS","M","?","M","M","?","R","$","M","T","R","M","?","?","E","R","BOSS"],"items_purchased_type":["Card","Card","Relic","Card","Card","Potion"],"build_version":"2020-12-22","purchased_purges":0,"victory":true,"max_hp_per_floor":[70,70,70,70,70,70,70,70,70,75,75,75,75,75,75,75,75,75,75,75,75,75,75,75,75,75,75,75,75,75,75,75,75,75,75,75,75,75,75,75,75,75,75,75,75,75,75,75,75,75],"card_choices":[{"not_picked":["Sucker Punch","Underhanded Strike"],"picked":"Deadly Poison","floor":0},{"not_picked":["Eviscerate","Dagger Throw"],"picked":"PiercingWail","floor":1},{"not_picked":["Outmaneuver","Tactician"],"picked":"Dash","floor":2},{"not_picked":["Underhanded Strike","Predator"],"picked":"Leg Sweep","floor":5},{"not_picked":["Bane","Escape Plan"],"picked":"A Thousand Cuts","floor":6},{"not_picked":["Sucker Punch","Riddle With Holes"],"picked":"Quick Slash","floor":8},{"not_picked":["Acrobatics","Predator","Footwork"],"picked":"Cloak And Dagger","floor":12},{"not_picked":["Caltrops","Infinite Blades","Flying Knee"],"picked":"Bane","floor":14},{"not_picked":["A Thousand Cuts","Night Terror","Bullet Time"],"picked":"Corpse Explosion","floor":16},{"not_picked":["All Out Attack+1","Quick Slash","Heel Hook"],"picked":"Footwork","floor":18},{"not_picked":["Slice+1","Acrobatics","Dagger Spray"],"picked":"Dash","floor":19},{"not_picked":["Acrobatics","Accuracy","Masterful Stab+1"],"picked":"Deflect","floor":21},{"not_picked":["Dodge and Roll","Acrobatics","Eviscerate"],"picked":"Poisoned Stab","floor":27},{"not_picked":["Expertise","Blade Dance+1","Distraction"],"picked":"Dagger Throw","floor":29},{"not_picked":["Prepared+1","Bane+1","Dagger Spray"],"picked":"PiercingWail+1","floor":31},{"not_picked":["Malaise","Glass Knife","Night Terror"],"picked":"Corpse Explosion","floor":33},{"not_picked":["Reflex+1","Calculated Gamble+1","PiercingWail"],"picked":"Deadly Poison","floor":35},{"not_picked":["Bane","Sucker Punch","Acrobatics+1"],"picked":"PiercingWail+1","floor":37},{"not_picked":["Skewer+1","Finisher","Dodge and Roll+1"],"picked":"Catalyst","floor":38},{"not_picked":["Panacea","Discovery","Panache"],"picked":"Blind","floor":39},{"not_picked":["PiercingWail+1","Eviscerate","Deflect+1"],"picked":"Backstab+1","floor":42},{"not_picked":["Acrobatics+1","Sucker Punch","Quick Slash+1"],"picked":"Poisoned Stab","floor":45},{"not_picked":["PiercingWail","Deadly Poison+1","Footwork"],"picked":"Venomology","floor":48}],"player_experience":61196,"relics_obtained":[{"floor":6,"key":"Blood Vial"},{"floor":9,"key":"Question Card"},{"floor":12,"key":"Lizard Tail"},{"floor":26,"key":"Regal Pillow"},{"floor":43,"key":"Shovel"},{"floor":48,"key":"War Paint"}],"event_choices":[{"damage_healed":0,"gold_gain":57,"player_choice":"Gained Gold","damage_taken":0,"max_hp_gain":0,"max_hp_loss":0,"event_name":"Golden Wing","floor":4,"gold_loss":0},{"damage_healed":0,"gold_gain":0,"player_choice":"Donut","damage_taken":0,"max_hp_gain":5,"max_hp_loss":0,"event_name":"Big Fish","floor":10,"gold_loss":0},{"damage_healed":0,"gold_gain":0,"player_choice":"Simplicity","damage_taken":0,"max_hp_gain":0,"max_hp_loss":0,"event_name":"Back to Basics","floor":20,"gold_loss":0,"cards_upgraded":["Strike_G","Strike_G","Strike_G","Strike_G","Strike_G","Defend_G","Defend_G","Defend_G","Defend_G","Defend_G"]},{"damage_healed":0,"gold_gain":0,"player_choice":"Read","damage_taken":0,"max_hp_gain":0,"max_hp_loss":0,"event_name":"The Library","floor":22,"gold_loss":0,"cards_obtained":["PiercingWail"]},{"damage_healed":0,"gold_gain":0,"player_choice":"Ignored","damage_taken":0,"max_hp_gain":0,"max_hp_loss":0,"event_name":"Ghosts","floor":24,"gold_loss":0},{"cards_removed":["A Thousand Cuts"],"damage_healed":0,"gold_gain":0,"player_choice":"Removed Power","damage_taken":0,"max_hp_gain":0,"max_hp_loss":0,"event_name":"Falling","floor":36,"gold_loss":0},{"damage_healed":0,"gold_gain":0,"player_choice":"Memory 1","damage_taken":0,"max_hp_gain":0,"max_hp_loss":0,"event_name":"SensoryStone","floor":39,"gold_loss":0},{"damage_healed":0,"gold_gain":0,"player_choice":"Ignored","damage_taken":0,"max_hp_gain":0,"max_hp_loss":0,"event_name":"Tomb of Lord Red Mask","floor":46,"gold_loss":0},{"damage_healed":26,"gold_gain":0,"player_choice":"Heal","damage_taken":0,"max_hp_gain":0,"max_hp_loss":0,"event_name":"MindBloom","floor":47,"gold_loss":0,"cards_obtained":["Doubt"]}],"is_beta":false,"boss_relics":[{"not_picked":["Tiny House","Calling Bell"],"picked":"Runic Pyramid"},{"not_picked":["Coffee Dripper","Empty Cage"],"picked":"Runic Dome"}],"items_purged_floors":[],"is_endless":false,"potions_floor_spawned":[1,2,5,16,18,19,33,35,37,42,48],"ascension_level":0}}