{"host":"e4wnmsyty9uvvtwf","time":1609842236,"event":{"mods":["Act Like it!","Aspiration","BaseMod","Colored Map","Colored Powertips","Gensokyo","Marisa£®ÏF”Í°°ƒß¿Ì…≥£©","Minty Spire (QoL Compilation)","Rare Cards Sparkle","Replay The Spire","StSLib"],"gold_per_floor":[116,1,1,1,14,14,26,26,53,271,306,325,368,401,413,514,526,554,566,45,58,58,58,31,47,47,66,66,66],"floor_reached":28,"playtime":1335,"items_purged":[],"score":530,"play_id":"a57c86c0-bbe1-472b-8888-a814978fb411","local_time":"20210105182356","is_ascension_mode":true,"campfire_choices":[{"data":"Occultation","floor":6,"key":"SMITH"},{"data":"OortCloud","floor":8,"key":"SMITH"},{"data":"OpenUniverse","floor":15,"key":"SMITH"},{"data":"UltimateShortwave","floor":23,"key":"SMITH"}],"circlet_count":0,"master_deck":["AscendersBane","MasterSpark","UpSweep","BlazeAway","StarBarrage","UnstableBomb","StarBarrage","PulseMagic","OortCloud+1","UltimateShortwave+1","DragonMeteor","Occultation+1","OrrerysSun","OpenUniverse+1","SuperPerseids","JA","ShootTheMoon","SuperPerseids","OortCloud","MillisecondPulsars","Orbital","BigCrunch","ShootingEcho+1","ShootTheMoon","AsteroidBelt","ManaConvection","Gensokyo:TarnishedGold","MilkyWay","DarkMatter"],"relics":["MiniHakkero","Pandora\u0027s Box","Black Star","Bag of Preparation","aspiration:SeaSaltIceCream","Golden Idol","Durian","MawBank","Torii","ExperimentalFamiliar","Medical Kit","Frozen Egg 2","Gensokyo:ConquerorOfFear","Lizard Tail"],"acts_visited":["Exordium","Gensokyo:Gensokyo"],"potions_floor_usage":[28],"damage_taken":[{"damage":8,"enemies":"Gensokyo:Gryphon","floor":1,"turns":3},{"damage":13,"enemies":"Gensokyo:Python","floor":5,"turns":3},{"damage":4,"enemies":"Gensokyo:2_Kodama","floor":7,"turns":4},{"damage":8,"enemies":"Gensokyo:CorruptedTreant","floor":10,"turns":5},{"damage":0,"enemies":"Gensokyo:2_Rabbits","floor":12,"turns":5},{"damage":4,"enemies":"Gensokyo:Cirno","floor":13,"turns":15},{"damage":1,"enemies":"Gensokyo:Gryphon_and_Rabbit","floor":14,"turns":5},{"damage":0,"enemies":"Gensokyo:Reimu","floor":16,"turns":11},{"damage":1,"enemies":"Gensokyo:AngelMirror","floor":18,"turns":4},{"damage":1,"enemies":"Gensokyo:Chomper","floor":21,"turns":4},{"damage":36,"enemies":"Gensokyo:Slime_Group","floor":25,"turns":4},{"damage":9,"enemies":"Gensokyo:Monolith_and_Dog","floor":27,"turns":5},{"damage":19,"enemies":"Gensokyo:Wraith","floor":28,"turns":4}],"seed_played":"-2965216962265990285","potions_obtained":[{"floor":1,"key":"DistilledChaos"},{"floor":12,"key":"EssenceOfSteel"},{"floor":13,"key":"LifebloodPotion"},{"floor":18,"key":"PowerPotion"}],"is_trial":false,"path_per_floor":["M","COS","?","?","M","R","M","R","T","M","?","M","E","M","R","B",null,"M","?","$","M","?","R","COS","M","T","M","M"],"character_chosen":"MARISA","items_purchased":["Medical Kit","Frozen Egg 2","ShootTheMoon","AsteroidBelt"],"campfire_rested":0,"item_purchase_floors":[20,20,20,20],"current_hp_per_floor":[55,55,55,55,42,42,38,38,38,30,30,35,31,30,30,42,67,66,66,66,65,65,65,65,29,29,20,1,1],"gold":66,"neow_bonus":"DOUBLE_BOSS_RELIC","is_daily":false,"chose_seed":false,"campfire_upgraded":4,"win_rate":0.0,"timestamp":1609842236,"path_taken":["M","COS","?","?","M","R","M","R","T","M","?","M","E","M","R","BOSS","M","?","$","M","?","R","COS","M","T","M","M"],"items_purchased_type":["Relic","Relic","Card","Card"],"build_version":"2020-12-22","purchased_purges":0,"victory":false,"max_hp_per_floor":[70,70,70,70,70,70,70,70,70,70,70,75,75,75,75,75,75,75,75,75,75,75,75,75,75,75,75,75,75],"card_choices":[{"not_picked":["SporeBomb","FairyDestructionRay"],"picked":"Occultation","floor":1},{"not_picked":["GrandCross","ShootingEcho"],"picked":"OrrerysSun","floor":3},{"not_picked":["ShootingEcho","WitchOfGreed"],"picked":"OpenUniverse","floor":3},{"not_picked":["DeepEcoloBomb","WitchOfGreed"],"picked":"SuperPerseids","floor":5},{"not_picked":["NonDirectionalLaser","SporeBomb"],"picked":"JA","floor":7},{"not_picked":["6A","SporeBomb"],"picked":"ShootTheMoon","floor":10},{"not_picked":["DoubleSpark","EarthLightRay"],"picked":"SuperPerseids","floor":11},{"not_picked":["GrandCross","SporeBomb"],"picked":"OortCloud","floor":12},{"not_picked":["GravityBeat","UnstableBomb"],"picked":"MillisecondPulsars","floor":13},{"not_picked":["ChargeUpSpray","IllusionStar"],"picked":"Orbital","floor":14},{"not_picked":["StarDustReverie","FinalSpark"],"picked":"BigCrunch","floor":16},{"not_picked":["LuminesStrike","Acceleration"],"picked":"ShootingEcho+1","floor":18},{"not_picked":["FairyDestructionRay","WitchLeyline"],"picked":"ManaConvection","floor":21},{"not_picked":["PowerUp","MeteoricShower"],"picked":"MilkyWay","floor":25},{"not_picked":["DoubleSpark+1","GalacticHalo"],"picked":"DarkMatter","floor":27}],"player_experience":694855,"relics_obtained":[{"floor":9,"key":"Bag of Preparation"},{"floor":11,"key":"aspiration:SeaSaltIceCream"},{"floor":13,"key":"MawBank"},{"floor":13,"key":"Torii"},{"floor":25,"key":"Gensokyo:ConquerorOfFear"},{"floor":26,"key":"Lizard Tail"}],"event_choices":[],"is_beta":false,"boss_relics":[{"not_picked":["Sozu","Runic Pyramid"],"picked":"ExperimentalFamiliar"}],"items_purged_floors":[],"is_endless":false,"potions_floor_spawned":[1,12,13,16,18,25],"killed_by":"Gensokyo:Wraith","ascension_level":20}}