{"host":"8z6cx8b9r5qs18cp","time":1609825883,"event":{"mods":["AchievementEnabler","Act Like it!","Bard","BaseMod","GifTheSpireLib","Googly Eyes","Hermit","Hubris","Infinite Spire","Marked Mod","Minty Spire (QoL Compilation)","Permanent Neow","Rare Cards Sparkle","Relic Stats","Replay The Spire","StSLib","Stuff the Spire","The Animator","The Bug Knight","The Cursed","The Servant 0.9.4"],"gold_per_floor":[117,117,130,142,152,184,195,195,195,195,195,195,52,127,88,104,104,208,208,218,218,235,247,261,261,261,261,286,298,311,311,311],"floor_reached":31,"playtime":1975,"items_purged":[],"score":251,"play_id":"f197a5dd-e5c2-4cef-9df4-b1cefdeee04c","local_time":"20210104235123","is_ascension_mode":true,"campfire_choices":[{"data":"Revamp","floor":10,"key":"SMITH"},{"data":"Defy","floor":17,"key":"SMITH"},{"floor":25,"key":"REST"},{"floor":27,"key":"REST"}],"circlet_count":0,"master_deck":["Strike_S","Strike_S+1","Strike_S","Strike_S+1","Defend_S","Defend_S","Defend_S","Defend_S","KidneyShot+1","Exchange","RealityMarble","Rearm","Defy+1","Revamp+1","ShatteredReality","Ricochet","SurpressingFire","FastForward","MurderousAura","Luminosity","infinitespire:UltimateForm+1","infinitespire:Collect","Comet+1","ShiftingGears","GearUp"],"relics":["Uniform","hubris:Icosahedron","infinitespire:Eraser","Pantograph","Whetstone","Philosopher\u0027s Stone","Bag of Preparation","StoneMask"],"acts_visited":["Exordium","TheCity"],"potions_floor_usage":[5,18,20,29,31],"damage_taken":[{"damage":1,"enemies":"Cultist","floor":1,"turns":4},{"damage":1,"enemies":"Jaw Worm","floor":3,"turns":3},{"damage":0,"enemies":"Small Slimes","floor":4,"turns":3},{"damage":9,"enemies":"Exordium Thugs","floor":5,"turns":4},{"damage":5,"enemies":"Lagavulin","floor":6,"turns":10},{"damage":11,"enemies":"2 Fungi Beasts","floor":7,"turns":4},{"damage":9,"enemies":"Gremlin Gang","floor":16,"turns":5},{"damage":39,"enemies":"Hexaghost","floor":18,"turns":12},{"damage":0,"enemies":"Chosen","floor":20,"turns":4},{"damage":22,"enemies":"2 Thieves","floor":22,"turns":4},{"damage":6,"enemies":"Snecko","floor":23,"turns":5},{"damage":18,"enemies":"Centurion and Healer","floor":24,"turns":5},{"damage":11,"enemies":"3 Cultists","floor":29,"turns":5},{"damage":6,"enemies":"Snecko","floor":30,"turns":6},{"damage":74,"enemies":"Book of Stabbing","floor":31,"turns":4}],"seed_played":"-979576237684806078","potions_obtained":[{"floor":1,"key":"FearPotion"},{"floor":6,"key":"BlessingOfTheForge"},{"floor":18,"key":"Fire Potion"},{"floor":22,"key":"SpeedPotion"},{"floor":29,"key":"SteroidPotion"},{"floor":30,"key":"BlessingOfTheForge"}],"is_trial":false,"path_per_floor":["M","?","M","M","M","E","M","?","T","R","PTL","PTL","$","?","$","M","R","B",null,"M","AVR","M","M","M","R","?","R","T","M","M","E"],"character_chosen":"THE_SERVANT","items_purchased":["Whetstone","SurpressingFire"],"campfire_rested":2,"item_purchase_floors":[13,15],"current_hp_per_floor":[64,64,63,63,54,49,38,59,59,59,59,59,59,53,53,44,44,26,65,65,65,49,46,34,55,55,70,70,68,65,0,0],"gold":311,"neow_bonus":"UPGRADE_CARD","is_daily":false,"chose_seed":false,"campfire_upgraded":2,"win_rate":0.0,"timestamp":1609825883,"path_taken":["M","?","M","M","M","E","M","?","T","R","PTL","PTL","$","?","$","?","R","BOSS","M","AVR","M","M","M","R","?","R","T","?","M","E"],"items_purchased_type":["Relic","Card"],"build_version":"2020-12-22","purchased_purges":0,"victory":false,"max_hp_per_floor":[65,65,65,65,65,65,65,65,65,65,65,65,65,65,65,65,65,65,65,65,65,67,68,70,70,70,70,70,73,74,75,75],"relic_stats":{"counters":[15,81],"Pantograph":21,"Bag of Preparation":[14],"Whetstone":["Strike_S","Strike_S"],"obtain_stats":[{"hubris:Icosahedron":2,"StoneMask":21,"Pantograph":9,"Philosopher\u0027s Stone":19,"Uniform":0,"Bag of Preparation":21,"Whetstone":13,"infinitespire:Eraser":6},{"hubris:Icosahedron":1,"StoneMask":9,"Pantograph":6,"Philosopher\u0027s Stone":8,"Uniform":0,"Bag of Preparation":9,"Whetstone":6,"infinitespire:Eraser":5},{"hubris:Icosahedron":4,"StoneMask":49,"Pantograph":28,"Philosopher\u0027s Stone":45,"Uniform":0,"Bag of Preparation":49,"Whetstone":28,"infinitespire:Eraser":24}]},"card_choices":[{"not_picked":["Comet","FastForward"],"picked":"RealityMarble","floor":1},{"not_picked":["Misdirection","Starlight"],"picked":"Rearm","floor":3},{"not_picked":["Revamp","TimeWarp"],"picked":"Defy","floor":4},{"not_picked":["Advance","Defy"],"picked":"Revamp","floor":5},{"not_picked":["Starlight","PendulumOfEternity"],"picked":"ShatteredReality","floor":6},{"not_picked":["Snipe","Revamp"],"picked":"Ricochet","floor":7},{"not_picked":["Revamp","ShatteredReality"],"picked":"FastForward","floor":16},{"not_picked":["Sunlight","FlawlessForm"],"picked":"MurderousAura","floor":18},{"not_picked":["DoubleEdge","Revamp"],"picked":"Luminosity","floor":20},{"not_picked":["DualDimension","DoubleEdge+1"],"picked":"Comet+1","floor":22},{"not_picked":["Rewind","Ricochet+1"],"picked":"ShiftingGears","floor":23},{"not_picked":["Comet","Replace","Reset"],"picked":"SKIP","floor":24},{"not_picked":["Deny","Replace+1","FastForward"],"picked":"SKIP","floor":29},{"not_picked":["DoubleEdge","Alleviate+1"],"picked":"GearUp","floor":30}],"player_experience":210208,"relics_obtained":[{"floor":6,"key":"infinitespire:Eraser"},{"floor":9,"key":"Pantograph"}],"event_choices":[{"damage_healed":21,"gold_gain":0,"player_choice":"Banana","damage_taken":0,"max_hp_gain":0,"max_hp_loss":0,"event_name":"Big Fish","floor":8,"gold_loss":0},{"damage_healed":0,"gold_gain":75,"player_choice":"Touch","damage_taken":6,"max_hp_gain":0,"max_hp_loss":0,"event_name":"FaceTrader","floor":14,"gold_loss":0},{"damage_healed":0,"gold_gain":0,"player_choice":"Upgraded","damage_taken":0,"max_hp_gain":0,"max_hp_loss":0,"event_name":"Upgrade Shrine","floor":26,"gold_loss":0,"cards_upgraded":["infinitespire:UltimateForm"]}],"is_beta":false,"boss_relics":[{"not_picked":["Cursed Key","Tiny House"],"picked":"Philosopher\u0027s Stone"}],"items_purged_floors":[],"is_endless":false,"potions_floor_spawned":[1,6,18,22,29,30],"killed_by":"Book of Stabbing","ascension_level":1}}