{"host":"t9wo05e1llrbe5dt","time":1609862754,"event":{"mods":["2.2 Compatiblity","AchievementEnabler","Ascension Unlocker","BaseMod","Bestiary","Better Altar","Better Match","Better Note","Better Sensory Stone","Better Skull","Better Third Choice","Better Vampires","Better-Laid Plans","Block Reminder","Colored Map","Colored Powertips","Curses Come First","DeckTracker","Displayed Cursed Tome","Downfall","Filter the Spire","Googly Eyes","Gremlin Mod","GungeonMod","Hermit","Highlight Path","Marked Mod","Minty Spire (QoL Compilation)","Quick Restart","Random Character Button","Rare Cards Sparkle","Reorder Act Four","Reworked Bosses","Spicy Shops","StSLib","The Bug Knight","The Cursed","The Hierophant","The IronCluck","The Mystic","The Necromancer","The Runesmith","Transform Curses","Uncapped","everything is the same but u backflip on backflip","slay the spire mod where everything is the same but ironclad has a cowboy hat"],"gold_per_floor":[99,117,127,127,240,265,342,18,53,68,68,79,92,77,87,184,184,184,204,220,234,251,251,251,65,165,177,177,191,191,190,208,313,313,313,329,343,47,47,47,47,79,79,105,121,133,133,133,133,133],"floor_reached":49,"playtime":3445,"items_purged":["Regret"],"score":584,"play_id":"469a7d81-1bdd-45e2-936c-f1de3f98b2c2","local_time":"20210105100554","is_ascension_mode":false,"campfire_choices":[{"data":"Runesmith:BackupBattery","floor":1.0,"key":"SMITH"},{"floor":11.0,"key":"REST"},{"data":"Runesmith:MetallurgicalResearch","floor":18,"key":"SMITH"},{"floor":28,"key":"REST"},{"floor":30,"key":"REST"},{"floor":35,"key":"RECALL"},{"data":"Apotheosis","floor":40,"key":"SMITH"},{"data":"Runesmith:HeatExchange","floor":43,"key":"SMITH"}],"circlet_count":0,"master_deck":["Runesmith:Strike_RS","Runesmith:Strike_RS","Runesmith:Strike_RS","Runesmith:Strike_RS","Runesmith:Defend_RS","Runesmith:Defend_RS","Runesmith:Defend_RS","Runesmith:Defend_RS","Runesmith:CraftFirestone","Runesmith:Fortify","Runesmith:BackupBattery+1","Runesmith:ChaoticBlast","Runesmith:EnergizedChisel","Runesmith:CraftMagma","Runesmith:ShiftingStrike","Runesmith:Firestorm+1","Runesmith:ChiselStab","Runesmith:CraftSpiculum","Runesmith:MakeshiftArmor","Runesmith:Accelerate","Runesmith:ArcReactor+1","Runesmith:HeatedChisel","Runesmith:MetallurgicalResearch+1","Runesmith:HeatExchange+1","Runesmith:Malloc+1","Runesmith:BackupBattery","Runesmith:Repurpose","Apotheosis+1","Runesmith:GoWithTheFlow+1","Runesmith:PoweredAnvil+1","Runesmith:PerfectChisel","Runesmith:WhiteBalance","Runesmith:PoweredAnvil+1","Runesmith:FrozenChisel","Runesmith:EarthShield","Runesmith:CraftPrismatica","Runesmith:StaticCage","Runesmith:Reinforce","Runesmith:LithiumIon+1","expansioncontent:StudyTheSpire+1","Runesmith:CraftIncendium+1","Runesmith:MakeshiftArmor+1","Runesmith:RuneHurl","Parasite","Runesmith:FieryHammer","expansioncontent:BronzeBeam"],"relics":["Runesmith:BrokenRuby","DemoMod:OrangeGuonStone","Smiling Mask","Pocketwatch","Frozen Egg 2","Membership Card","Blood Vial","Philosopher\u0027s Stone","Bird Faced Urn","Pantograph","Blue Candle","DemoMod:Bottle","Runic Pyramid","Incense Burner","Strawberry","Runesmith:MiniCore","Shuriken"],"acts_visited":["Exordium","TheCity","TheBeyond"],"potions_floor_usage":[16,19,19,19,25,31,46,49],"damage_taken":[{"damage":0.0,"enemies":"2 Louse","floor":2.0,"turns":3.0},{"damage":0.0,"enemies":"Small Slimes","floor":3.0,"turns":3.0},{"damage":18.0,"enemies":"Gremlin Nob","floor":6.0,"turns":4.0},{"damage":11.0,"enemies":"downfall:FleeingMerchant","floor":8.0,"turns":4.0},{"damage":10.0,"enemies":"3 Sentries","floor":9.0,"turns":3.0},{"damage":0.0,"enemies":"Cultist","floor":10.0,"turns":4.0},{"damage":0.0,"enemies":"Blue Slaver","floor":12.0,"turns":3.0},{"damage":0.0,"enemies":"Lots of Slimes","floor":13.0,"turns":1.0},{"damage":0.0,"enemies":"downfall:FleeingMerchant","floor":14.0,"turns":4.0},{"damage":0,"enemies":"Large Slime","floor":15,"turns":4},{"damage":9,"enemies":"downfall:Ironclad","floor":16,"turns":7},{"damage":0,"enemies":"Spheric Guardian","floor":19,"turns":5},{"damage":5,"enemies":"Shell Parasite","floor":20,"turns":3},{"damage":15,"enemies":"Shelled Parasite and Fungi","floor":21,"turns":4},{"damage":25,"enemies":"Snake Plant","floor":22,"turns":4},{"damage":11,"enemies":"downfall:FleeingMerchant","floor":25,"turns":4},{"damage":21,"enemies":"Centurion and Healer","floor":27,"turns":5},{"damage":0,"enemies":"Cultist and Chosen","floor":29,"turns":4},{"damage":0,"enemies":"downfall:FleeingMerchant","floor":31,"turns":4},{"damage":0,"enemies":"Snake Plant","floor":32,"turns":2},{"damage":34,"enemies":"downfall:Watcher","floor":33,"turns":8},{"damage":0,"enemies":"Orb Walker","floor":36,"turns":4},{"damage":0,"enemies":"3 Darklings","floor":37,"turns":5},{"damage":11,"enemies":"Giant Head","floor":42,"turns":9},{"damage":66,"enemies":"Reptomancer","floor":44,"turns":5},{"damage":3,"enemies":"Spire Growth","floor":45,"turns":4},{"damage":12,"enemies":"Writhing Mass","floor":46,"turns":6},{"damage":29,"enemies":"Jaw Worm Horde","floor":49,"turns":1}],"seed_played":"2281024500537684888","potions_obtained":[{"floor":2.0,"key":"SteroidPotion"},{"floor":6.0,"key":"FearPotion"},{"floor":13.0,"key":"DemoMod:BlankPotion"},{"floor":16,"key":"ColorlessPotion"},{"floor":21,"key":"Energy Potion"},{"floor":29,"key":"BlessingOfTheForge"},{"floor":32,"key":"LiquidBronze"}],"is_trial":false,"path_per_floor":["R","M","M","?","?","E","T","$","E","M","R","M","M","$","M","B",null,"R","M","M","M","M","?","T","$","?","M","R","M","R","$","M","B",null,"R","M","M","$","?","R","T","E","R","E","M","M","?","?","M"],"character_chosen":"RUNESMITH_CLASS","items_purchased":["Membership Card","Runesmith:Firestorm+1","Runesmith:ChiselStab","BlessingOfTheForge","Runesmith:PoweredAnvil+1","Pantograph","LiquidMemories","Runesmith:PoweredAnvil+1","Blue Candle","DemoMod:Bottle","Guardian:BlockOnCardUsePotion","Runesmith:FrozenChisel","Runesmith:LithiumIon+1","expansioncontent:StudyTheSpire+1","Incense Burner","Strawberry"],"campfire_rested":3,"item_purchase_floors":[8,8,8,8,25,25,25,31,31,31,31,31,38,38,38,38],"current_hp_per_floor":[70,70,70,70,48,30,30,19,9,11,32,34,36,38,40,33,70,70,70,65,52,29,29,29,24,24,9,30,36,57,61,67,40,70,70,70,70,77,77,77,77,72,72,15,22,22,22,22,0,0],"gold":133,"neow_bonus":"THREE_CARDS","is_daily":false,"chose_seed":false,"campfire_upgraded":4,"win_rate":0.0,"timestamp":1609862754,"path_taken":["R","M","M","?","?","E","T","$","E","M","R","M","M","$","M","BOSS","R","M","M","M","?","?","T","$","?","M","R","M","R","$","M","BOSS","R","M","M","$","?","R","T","E","R","E","M","M","?","?","M"],"items_purchased_type":["Relic","Card","Card","Potion","Card","Relic","Potion","Card","Relic","Relic","Potion","Card","Card","Card","Relic","Relic"],"build_version":"2020-12-22","purchased_purges":1,"victory":false,"max_hp_per_floor":[70,70,70,70,70,70,70,70,70,70,70,70,70,70,70,70,70,70,70,70,70,70,70,70,70,70,70,70,70,70,70,70,70,70,70,70,70,77,77,77,77,77,77,77,77,77,77,77,77,77],"card_choices":[{"not_picked":["Runesmith:StaticCage","Runesmith:HeatedChisel"],"picked":"Runesmith:BackupBattery","floor":0.0},{"not_picked":["Runesmith:HeatedChisel","Runesmith:CraftProtectio"],"picked":"Runesmith:ChaoticBlast","floor":2.0},{"not_picked":["Runesmith:ChargedHammer","Runesmith:CraftVitae"],"picked":"Runesmith:EnergizedChisel","floor":3.0},{"not_picked":["Runesmith:DoubleUp","Runesmith:EnergizedChisel"],"picked":"Runesmith:CraftMagma","floor":6.0},{"not_picked":["Runesmith:Overpower","Runesmith:Terraform"],"picked":"Runesmith:ShiftingStrike","floor":8.0},{"not_picked":["Runesmith:StaticCage","Runesmith:RuneHurl"],"picked":"Runesmith:CraftSpiculum","floor":9.0},{"not_picked":["Runesmith:ChaoticBlast","Runesmith:Augment"],"picked":"Runesmith:MakeshiftArmor","floor":10.0},{"not_picked":["Runesmith:OneForEveryone","Runesmith:ChargedHammer"],"picked":"Runesmith:Accelerate","floor":12.0},{"not_picked":["Runesmith:FrozenChisel","Runesmith:CraftProtectio"],"picked":"Runesmith:ArcReactor+1","floor":13.0},{"not_picked":["Runesmith:Repurpose","Runesmith:HammerAndChisel"],"picked":"Runesmith:HeatedChisel","floor":14},{"not_picked":["Runesmith:HeatExchange","Runesmith:Grindstone"],"picked":"Runesmith:CraftProtectio","floor":15},{"not_picked":["Runesmith:LastStand","Runesmith:UnlimitedPower+1"],"picked":"Runesmith:MetallurgicalResearch","floor":16},{"not_picked":["Runesmith:BackupBattery","Runesmith:Attraction"],"picked":"Runesmith:HeatExchange","floor":19},{"not_picked":["Runesmith:ChiselStab","Runesmith:Accelerate"],"picked":"Runesmith:Malloc+1","floor":20},{"not_picked":["Runesmith:ShiftingStrike","Runesmith:Permafrost+1"],"picked":"Runesmith:BackupBattery","floor":21},{"not_picked":["Runesmith:Permafrost+1","Runesmith:ChiselStab"],"picked":"Runesmith:Repurpose","floor":22},{"not_picked":["Runesmith:HammerThrow","Runesmith:Duplicate"],"picked":"Runesmith:GoWithTheFlow+1","floor":25},{"not_picked":["Runesmith:WhiteBalance","Runesmith:ChargedHammer"],"picked":"Runesmith:PerfectChisel","floor":27},{"not_picked":["Runesmith:ShiftingStrike+1","Runesmith:ChargedHammer","Runesmith:ChiselStab"],"picked":"SKIP","floor":29},{"not_picked":["Runesmith:Repurpose","Runesmith:CraftProtectio"],"picked":"Runesmith:WhiteBalance","floor":31},{"not_picked":["Runesmith:HammerTime","Runesmith:ChargedHammer"],"picked":"Runesmith:EarthShield","floor":32},{"not_picked":["Runesmith:GrandSlam","Runesmith:DuctTape+1"],"picked":"Runesmith:CraftPrismatica","floor":33},{"not_picked":["Runesmith:Augment","Runesmith:EarthShield+1"],"picked":"Runesmith:StaticCage","floor":36},{"not_picked":["Runesmith:MakeshiftArmor","Runesmith:HeatedChisel"],"picked":"Runesmith:Reinforce","floor":37},{"not_picked":["Runesmith:Malloc","Runesmith:FieryHammer+1"],"picked":"Runesmith:CraftIncendium+1","floor":42},{"not_picked":["Runesmith:Electrocute+1","Runesmith:CraftReservo+1"],"picked":"Runesmith:MakeshiftArmor+1","floor":44},{"not_picked":["Runesmith:EnergizedChisel","Runesmith:Prism+1"],"picked":"Runesmith:RuneHurl","floor":45},{"not_picked":["Runesmith:CraftSpiculum","Runesmith:HeatedChisel+1"],"picked":"Runesmith:FieryHammer","floor":46},{"not_picked":["expansioncontent:Torchfire","expansioncontent:Sear"],"picked":"expansioncontent:BronzeBeam","floor":48}],"player_experience":171318,"relics_obtained":[{"floor":6.0,"key":"Pocketwatch"},{"floor":7.0,"key":"Frozen Egg 2"},{"floor":9.0,"key":"Blood Vial"},{"floor":24,"key":"Bird Faced Urn"},{"floor":42,"key":"Runesmith:MiniCore"},{"floor":44,"key":"Shuriken"}],"event_choices":[{"damage_healed":0.0,"max_hp_gain":0.0,"max_hp_loss":0.0,"gold_gain":0.0,"event_name":"Big Fish","player_choice":"Box","floor":4.0,"gold_loss":0.0,"damage_taken":0.0,"relics_obtained":["DemoMod:OrangeGuonStone"],"cards_obtained":["Regret"]},{"damage_healed":0.0,"max_hp_gain":0.0,"max_hp_loss":0.0,"gold_gain":113.0,"event_name":"betterSkull:BetterSkull","player_choice":"RE GO ","floor":5.0,"gold_loss":0.0,"damage_taken":25.0,"cards_upgraded":[],"relics_obtained":["Smiling Mask"]},{"cards_removed":["Runesmith:MetallurgicalResearch"],"damage_healed":0,"gold_gain":0,"player_choice":"Take \u0026 Give","damage_taken":0,"max_hp_gain":0,"max_hp_loss":0,"event_name":"betterNote:BetterNote","floor":23,"gold_loss":0,"cards_obtained":["Apotheosis"]},{"cards_removed":["Runesmith:CraftProtectio"],"damage_healed":0,"gold_gain":0,"player_choice":"Removed Skill","damage_taken":0,"max_hp_gain":0,"max_hp_loss":0,"event_name":"Falling","floor":39,"gold_loss":0},{"damage_healed":0,"gold_gain":0,"player_choice":"Ignored","damage_taken":0,"max_hp_gain":0,"max_hp_loss":0,"event_name":"Mysterious Sphere","floor":47,"gold_loss":0}],"is_beta":false,"boss_relics":[{"not_picked":["Astrolabe","Sozu"],"picked":"Philosopher\u0027s Stone"},{"not_picked":["Empty Cage","Busted Crown"],"picked":"Runic Pyramid"}],"items_purged_floors":[8],"is_endless":false,"potions_floor_spawned":[2,6,12,13,16,21,29,32,37,44,45],"killed_by":"Jaw Worm Horde","ascension_level":0}}