{"host":"3ikutf0nfngyhvfs","time":1609821127,"event":{"mods":["AchievementEnabler","BaseMod","Downfall","Minty Spire (QoL Compilation)","StSLib","The Cursed"],"gold_per_floor":[99,115,128,38,53,53,53,67,96,96,108,108,125,158,171,273,273,273,291,148,161,179,214,241,19,19,54,54,87,87,112,138,242,242,17,63,77,127,127,138,138,138,167,187,187,222,222,249,262,262],"floor_reached":51,"playtime":7330,"items_purged":["hexamod:Haunted","hexamod:Defend"],"score":975,"play_id":"792241e9-4ae3-487b-93f8-85a612d68b0d","local_time":"20210104223207","is_ascension_mode":true,"campfire_choices":[{"floor":1.0,"key":"RECALL"},{"data":"hexamod:Float","floor":6.0,"key":"SMITH"},{"data":"hexamod:SkipABeat","floor":10.0,"key":"SMITH"},{"data":"hexamod:CatchUp","floor":12.0,"key":"SMITH"},{"data":"hexamod:UnleashSpirits","floor":18.0,"key":"SMITH"},{"data":"hexamod:PowerFromBeyond","floor":26.0,"key":"SMITH"},{"data":"hexamod:GhostShield","floor":35.0,"key":"SMITH"},{"data":"hexamod:PhantomCloak","floor":42,"key":"SMITH"},{"data":"1","floor":45,"key":"LIFT"},{"data":"2","floor":47,"key":"LIFT"}],"circlet_count":0,"master_deck":["hexamod:Strike","hexamod:Strike+1","hexamod:Strike+1","hexamod:Strike+1","hexamod:Defend+1","hexamod:Defend","hexamod:Sear","hexamod:Float+1","hexamod:EtherealExpedition","hexamod:SoulSteal","hexamod:Haunt","hexamod:FastForward+1","hexamod:NightmareGuise","hexamod:SkipABeat+1","hexamod:CatchUp+1","hexamod:RadiantFlame+1","hexamod:EmpoweringStance","hexamod:GhostShield+1","hexamod:UnleashSpirits+1","hexamod:PowerFromBeyond+1","hexamod:GhostShield+1","expansioncontent:YouAreMine","hexamod:SpectersWail+1","hexamod:PhantomCloak+1","hexamod:PowerFromBeyond","hexamod:EmpoweredFlame+1","hexamod:TimeOfNeed","hexamod:TimeOfNeed","hexamod:GhostShield+1","hexamod:AdvancingGuard+1","expansioncontent:GuardianWhirl","hexamod:ChargedBarrage+1","hexamod:HeatCrush+1","hexamod:Hexaguard","hexamod:FastForward+1","hexamod:UnleashSpirits+1","hexamod:SkipABeat+1"],"relics":["hexamod:SpiritBrand","StoneCalendar","Whetstone","Blood Vial","Coffee Dripper","Lizard Tail","Dream Catcher","Membership Card","Singing Bowl","HornCleat","hexamod:TheBrokenSeal","SlaversCollar","downfall:HeartBlessingBlue","downfall:HeartBlessingGreen","downfall:HeartBlessingRed","Girya","FossilizedHelix","Molten Egg 2","Prayer Wheel","Gremlin Horn","Potion Belt"],"acts_visited":["Exordium","TheCity","TheBeyond"],"potions_floor_usage":[43,44,50],"damage_taken":[{"damage":0.0,"enemies":"Cultist","floor":2.0,"turns":3.0},{"damage":0.0,"enemies":"Jaw Worm","floor":3.0,"turns":3.0},{"damage":0.0,"enemies":"downfall:FleeingMerchant","floor":4.0,"turns":4.0},{"damage":2.0,"enemies":"Small Slimes","floor":5.0,"turns":3.0},{"damage":1.0,"enemies":"3 Louse","floor":8.0,"turns":3.0},{"damage":11.0,"enemies":"Gremlin Nob","floor":9.0,"turns":3.0},{"damage":1.0,"enemies":"Blue Slaver","floor":11.0,"turns":3.0},{"damage":0.0,"enemies":"Large Slime","floor":13.0,"turns":4.0},{"damage":2.0,"enemies":"3 Sentries","floor":14.0,"turns":5.0},{"damage":0.0,"enemies":"2 Fungi Beasts","floor":15.0,"turns":3.0},{"damage":15.0,"enemies":"downfall:Ironclad","floor":16.0,"turns":9.0},{"damage":0.0,"enemies":"Chosen","floor":19.0,"turns":3.0},{"damage":5.0,"enemies":"downfall:FleeingMerchant","floor":20.0,"turns":4.0},{"damage":0.0,"enemies":"Spheric Guardian","floor":21.0,"turns":3.0},{"damage":0.0,"enemies":"Centurion and Healer","floor":22.0,"turns":5.0},{"damage":12.0,"enemies":"Book of Stabbing","floor":23.0,"turns":6.0},{"damage":3.0,"enemies":"downfall:FleeingMerchant","floor":25.0,"turns":4.0},{"damage":27.0,"enemies":"Gremlin Leader","floor":27.0,"turns":7.0},{"damage":14.0,"enemies":"Book of Stabbing","floor":29.0,"turns":7.0},{"damage":1.0,"enemies":"3 Cultists","floor":31.0,"turns":6.0},{"damage":11.0,"enemies":"Snake Plant","floor":32.0,"turns":5.0},{"damage":20.0,"enemies":"downfall:Watcher","floor":33.0,"turns":7.0},{"damage":37.0,"enemies":"2 Orb Walkers","floor":36.0,"turns":6.0},{"damage":5,"enemies":"Orb Walker","floor":37,"turns":3},{"damage":7,"enemies":"Mind Bloom Boss Battle","floor":38,"turns":7},{"damage":0,"enemies":"3 Shapes","floor":40,"turns":4},{"damage":0,"enemies":"Giant Head","floor":43,"turns":8},{"damage":0,"enemies":"Jaw Worm Horde","floor":44,"turns":3},{"damage":0,"enemies":"Reptomancer","floor":46,"turns":5},{"damage":0,"enemies":"Giant Head","floor":48,"turns":5},{"damage":0,"enemies":"4 Shapes","floor":49,"turns":4},{"damage":19,"enemies":"downfall:Defect","floor":50,"turns":6}],"seed_played":"-6311686759991319494","potions_obtained":[{"floor":2.0,"key":"FearPotion"},{"floor":5.0,"key":"SkillPotion"},{"floor":13.0,"key":"hexamod:DoubleChargePotion"},{"floor":14.0,"key":"Fire Potion"},{"floor":15.0,"key":"Strength Potion"},{"floor":16.0,"key":"Fire Potion"},{"floor":21.0,"key":"Explosive Potion"},{"floor":22.0,"key":"Weak Potion"},{"floor":23.0,"key":"LiquidMemories"},{"floor":27.0,"key":"Fire Potion"},{"floor":29.0,"key":"Fruit Juice"},{"floor":31.0,"key":"Energy Potion"},{"floor":31.0,"key":"EssenceOfSteel"},{"floor":32.0,"key":"SkillPotion"},{"floor":33.0,"key":"Fire Potion"},{"floor":38,"key":"FearPotion"},{"floor":40,"key":"DistilledChaos"},{"floor":48,"key":"champ:CounterPotion"},{"floor":49,"key":"sneckomod:MuddlingPotion"}],"is_trial":false,"path_per_floor":["R","M","M","$","M","R","T","M","E","R","M","R","M","E","M","B",null,"R","M","$","M","M","E","T","$","R","E","?","E","?","M","M","B",null,"R","?","M","?","?","M","T","R","E","M","R","E","R","E","M","B",null],"character_chosen":"THE_SPIRIT","items_purchased":["hexamod:FirstSeal","expansioncontent:YouAreMine","Membership Card"],"campfire_rested":0,"item_purchase_floors":[20,20,25],"current_hp_per_floor":[70,70,70,70,68,68,68,67,56,56,55,55,55,53,55,42,70,70,70,65,67,70,65,65,64,64,46,46,46,46,56,54,87,87,97,62,59,54,54,56,56,56,60,62,62,64,64,66,70,53],"gold":262,"neow_bonus":"ONE_RARE_RELIC","is_daily":false,"chose_seed":false,"campfire_upgraded":7,"win_rate":0.0,"timestamp":1609821127,"path_taken":["R","M","M","$","M","R","T","M","E","R","M","R","M","E","M","BOSS","R","M","$","?","M","E","T","$","R","E","?","E","?","M","M","BOSS","R","?","M","?","?","M","T","R","E","M","R","E","R","E","M","BOSS"],"items_purchased_type":["Card","Card","Relic"],"build_version":"2020-12-22","purchased_purges":2,"victory":true,"max_hp_per_floor":[70,70,70,70,70,70,70,70,70,70,70,70,70,70,70,70,70,70,70,70,70,70,70,70,70,70,70,70,75,75,77,77,87,87,97,99,99,99,99,99,99,99,101,101,101,101,101,101,103,103],"card_choices":[{"not_picked":["hexamod:FirstSeal","hexamod:FastForward"],"picked":"hexamod:EtherealExpedition","floor":2.0},{"not_picked":["hexamod:SwordOfDarkness","hexamod:ThermalTransfer"],"picked":"hexamod:SoulSteal","floor":3.0},{"not_picked":["hexamod:ThirdSeal","hexamod:HauntingEcho"],"picked":"hexamod:Haunt","floor":4.0},{"not_picked":["hexamod:GhostOfSpirePresent","hexamod:RadiantFlame"],"picked":"hexamod:FastForward","floor":5.0},{"not_picked":["hexamod:GhostLash","hexamod:Firestarter"],"picked":"hexamod:NightmareGuise","floor":8.0},{"not_picked":["hexamod:FlamesFromBeyond","hexamod:PhantomCloak"],"picked":"hexamod:SkipABeat","floor":9.0},{"not_picked":["hexamod:GhostLash","hexamod:RainOfEmbers"],"picked":"hexamod:CatchUp","floor":11.0},{"not_picked":["hexamod:Hexaguard","hexamod:GhostLash"],"picked":"hexamod:RadiantFlame","floor":13.0},{"not_picked":["hexamod:CrushingStance","hexamod:HeatShield"],"picked":"hexamod:EmpoweringStance","floor":14.0},{"not_picked":["hexamod:RainOfEmbers","hexamod:HeatCrush"],"picked":"hexamod:GhostShield","floor":15.0},{"not_picked":["hexamod:FifthSeal","hexamod:VolcanoVisage"],"picked":"hexamod:UnleashSpirits","floor":16.0},{"not_picked":["hexamod:GhostLash","hexamod:BurningTouch+1"],"picked":"hexamod:PowerFromBeyond","floor":19.0},{"not_picked":["hexamod:BurningTouch","hexamod:GhostLash"],"picked":"hexamod:GhostShield+1","floor":20.0},{"not_picked":["hexamod:RainOfEmbers","hexamod:SwordOfDarkness","hexamod:ThermalTransfer"],"picked":"SKIP","floor":21.0},{"not_picked":["hexamod:RetreatToShadows+1","hexamod:ShieldOfDarkness"],"picked":"hexamod:FifthSeal","floor":22.0},{"not_picked":["hexamod:FirstSeal","hexamod:FourthSeal"],"picked":"hexamod:SixthSeal","floor":23.0},{"not_picked":["hexamod:HauntingEcho","hexamod:ThermalTransfer+1","hexamod:Firestarter"],"picked":"SKIP","floor":23.0},{"not_picked":["hexamod:Hexaguard","hexamod:FourthSeal"],"picked":"hexamod:SpectersWail+1","floor":25.0},{"not_picked":["hexamod:SixthSeal","hexamod:ThirdSeal"],"picked":"hexamod:FourthSeal","floor":27.0},{"not_picked":["hexamod:NightmareGuise","hexamod:RadiantFlame"],"picked":"hexamod:PhantomCloak","floor":27.0},{"not_picked":["hexamod:EmpoweredFlame","hexamod:SwordOfDarkness"],"picked":"hexamod:SecondSeal","floor":29.0},{"not_picked":["hexamod:FirstSeal","hexamod:SecondSeal","hexamod:SixthSeal"],"picked":"Singing Bowl","floor":31.0},{"not_picked":["hexamod:HeatCrush","hexamod:WildfireWeapon"],"picked":"hexamod:PowerFromBeyond","floor":31.0},{"not_picked":["hexamod:FirstSeal","hexamod:SecondSeal"],"picked":"hexamod:ThirdSeal","floor":32.0},{"not_picked":["hexamod:ThermalTransfer+1","hexamod:RetreatToShadows"],"picked":"hexamod:EmpoweredFlame+1","floor":32.0},{"not_picked":["hexamod:WildfireWeapon","hexamod:TurnItUp"],"picked":"hexamod:TimeOfNeed","floor":33.0},{"not_picked":["hexamod:SixthSeal","hexamod:UnleashSpirits"],"picked":"hexamod:TimeOfNeed","floor":33.0},{"not_picked":["hexamod:FourthSeal","hexamod:RadiantFlame","hexamod:ThermalTransfer+1"],"picked":"Singing Bowl","floor":36},{"not_picked":["hexamod:Haunt","hexamod:GhostLash+1"],"picked":"hexamod:GhostShield+1","floor":37},{"not_picked":["hexamod:NecessarySacrifice","hexamod:HeatCrush"],"picked":"hexamod:AdvancingGuard+1","floor":38},{"not_picked":["expansioncontent:ManipulateTime","expansioncontent:CaCaw"],"picked":"expansioncontent:GuardianWhirl","floor":39},{"not_picked":["hexamod:FourthSeal","hexamod:ThermalTransfer"],"picked":"hexamod:ChargedBarrage+1","floor":40},{"not_picked":["hexamod:Firestarter+1","hexamod:BacktrackSmack+1","hexamod:GhostflameBarrier"],"picked":"Singing Bowl","floor":43},{"not_picked":["hexamod:ThirdSeal","hexamod:FourthSeal"],"picked":"hexamod:HeatCrush+1","floor":44},{"not_picked":["hexamod:HauntingEcho+1","hexamod:InspiringFlames+1"],"picked":"hexamod:Hexaguard","floor":44},{"not_picked":["hexamod:ExtraCrispy+1","hexamod:ThermalTransfer+1"],"picked":"hexamod:FastForward+1","floor":46},{"not_picked":["hexamod:InspiringFlames","hexamod:VolcanoVisage"],"picked":"hexamod:UnleashSpirits+1","floor":48},{"not_picked":["hexamod:RainOfEmbers+1","hexamod:AdvancingGuard"],"picked":"hexamod:SkipABeat+1","floor":49},{"not_picked":["hexamod:Incineration+1","hexamod:BurningTouch+1","hexamod:RainOfEmbers+1"],"picked":"Singing Bowl","floor":49}],"player_experience":420900,"relics_obtained":[{"floor":9.0,"key":"Whetstone"},{"floor":14.0,"key":"Blood Vial"},{"floor":23.0,"key":"Lizard Tail"},{"floor":24.0,"key":"Dream Catcher"},{"floor":27.0,"key":"Singing Bowl"},{"floor":29.0,"key":"HornCleat"},{"floor":36,"key":"Girya"},{"floor":38,"key":"FossilizedHelix"},{"floor":41,"key":"Molten Egg 2"},{"floor":43,"key":"Prayer Wheel"},{"floor":46,"key":"Gremlin Horn"},{"floor":48,"key":"Potion Belt"}],"event_choices":[{"cards_removed":["hexamod:Defend"],"damage_healed":0.0,"max_hp_gain":0.0,"max_hp_loss":0.0,"gold_gain":0.0,"event_name":"Back to Basics","player_choice":"Elegance","floor":28.0,"gold_loss":0.0,"damage_taken":0.0},{"damage_healed":0.0,"max_hp_gain":0.0,"max_hp_loss":0.0,"gold_gain":0.0,"event_name":"Mysterious Sphere","player_choice":"Fight","floor":36.0,"gold_loss":0.0,"damage_taken":0.0}],"is_beta":false,"boss_relics":[{"not_picked":["hexamod:IceCube","Black Star"],"picked":"Coffee Dripper"},{"not_picked":["Pandora\u0027s Box","Empty Cage"],"picked":"SlaversCollar"}],"items_purged_floors":[4,25],"is_endless":false,"potions_floor_spawned":[2,5,13,14,15,16,21,22,23,27,31,33,38,40,48,49],"ascension_level":1}}