{"host":"tw7a6rmo9h75ssrt","time":1609889858,"event":{"mods":["AchievementEnabler","Act Like it!","BaseMod","Colored Map","Highlight Path","Minty Spire (QoL Compilation)","Permanent Neow","Quick Restart","Relic Stats","SuperFastMode"],"gold_per_floor":[115,115,132,132,145,145,70,70,70,89,19,19,31,44,44,149,149,159,159,159,159,59,59,72,27,27,39,62,173,200,212,224,236,236],"floor_reached":33,"playtime":2933,"items_purged":["Strike_R","Writhe"],"score":329,"play_id":"95525dfc-92c3-4208-a9ce-2f41de4f183a","local_time":"20210106073738","is_ascension_mode":true,"campfire_choices":[{"data":"Inflame","floor":6.0,"key":"SMITH"},{"data":"Sever Soul","floor":8.0,"key":"SMITH"},{"data":"Strike_R","floor":15.0,"key":"PURGE"},{"data":"Decay","floor":23.0,"key":"PURGE"},{"data":"Strike_R","floor":27.0,"key":"PURGE"},{"floor":32.0,"key":"REST"}],"circlet_count":0,"master_deck":["Strike_R","Defend_R","Defend_R","Defend_R","Defend_R","Bash","Wild Strike","Sever Soul+1","Inflame+1","Reckless Charge","Feel No Pain","Flame Barrier+1","Reaper","Warcry+1","Shrug It Off+1","True Grit+1","Double Tap+1"],"relics":["Philosopher\u0027s Stone","Toxic Egg 2","Peace Pipe","SacredBark","Pocketwatch","MawBank"],"acts_visited":["Exordium","TheCity"],"potions_floor_usage":[33],"damage_taken":[{"damage":7.0,"enemies":"2 Louse","floor":1.0,"turns":2.0},{"damage":3.0,"enemies":"Jaw Worm","floor":3.0,"turns":3.0},{"damage":1.0,"enemies":"Small Slimes","floor":5.0,"turns":2.0},{"damage":7.0,"enemies":"Looter","floor":10.0,"turns":2.0},{"damage":8.0,"enemies":"Blue Slaver","floor":13.0,"turns":3.0},{"damage":9.0,"enemies":"Exordium Thugs","floor":14.0,"turns":3.0},{"damage":15.0,"enemies":"Hexaghost","floor":16.0,"turns":8.0},{"damage":63.0,"enemies":"3 Byrds","floor":18.0,"turns":6.0},{"damage":0.0,"enemies":"Chosen","floor":24.0,"turns":3.0},{"damage":5.0,"enemies":"Shelled Parasite and Fungi","floor":28.0,"turns":5.0},{"damage":31.0,"enemies":"Snake Plant","floor":30.0,"turns":3.0},{"damage":80,"enemies":"Collector","floor":33,"turns":5}],"seed_played":"128861391766913458","potions_obtained":[{"floor":3.0,"key":"GamblersBrew"},{"floor":13.0,"key":"Regen Potion"},{"floor":14.0,"key":"Block Potion"},{"floor":18.0,"key":"Block Potion"},{"floor":30.0,"key":"SpeedPotion"}],"is_trial":false,"path_per_floor":["M","?","M","?","M","R","$","R","T","M","$","T","M","M","R","B",null,"M","?","?","?","$","R","M","$","T","R","M","?","M","?","R","B"],"character_chosen":"IRONCLAD","items_purchased":["Feel No Pain","True Grit+1"],"campfire_rested":1,"item_purchase_floors":[11,25],"current_hp_per_floor":[65,65,62,62,61,61,61,61,61,54,54,54,46,42,42,27,67,10,10,36,36,36,36,43,43,43,43,48,48,24,24,48,0,0],"gold":236,"neow_bonus":"BOSS_RELIC","is_daily":false,"chose_seed":false,"campfire_upgraded":2,"win_rate":0.0,"timestamp":1609889858,"path_taken":["M","?","M","?","M","R","$","R","T","M","?","?","M","M","R","BOSS","M","?","?","?","$","R","M","?","T","R","?","?","M","?","R","BOSS"],"items_purchased_type":["Card","Card"],"build_version":"2020-12-22","purchased_purges":2,"victory":false,"max_hp_per_floor":[80,80,80,80,80,80,80,80,80,80,80,80,80,80,80,80,80,80,80,80,80,80,80,80,80,80,80,80,80,80,80,80,80,80],"relic_stats":{"Peace Pipe":3,"counters":[12,45],"MawBank":84,"obtain_stats":[{"Peace Pipe":12,"SacredBark":17,"Philosopher\u0027s Stone":0,"Toxic Egg 2":9,"MawBank":26,"Burning Blood":0,"Pocketwatch":19},{"Peace Pipe":4,"SacredBark":7,"Philosopher\u0027s Stone":0,"Toxic Egg 2":3,"MawBank":9,"Burning Blood":0,"Pocketwatch":8},{"Peace Pipe":9,"SacredBark":23,"Philosopher\u0027s Stone":0,"Toxic Egg 2":7,"MawBank":32,"Burning Blood":0,"Pocketwatch":29}],"Pocketwatch":[18]},"card_choices":[{"not_picked":["Shrug It Off","Thunderclap"],"picked":"Wild Strike","floor":1.0},{"not_picked":["Clothesline","Clash"],"picked":"Sever Soul","floor":3.0},{"not_picked":["Blood for Blood","True Grit"],"picked":"Inflame","floor":5.0},{"not_picked":["Iron Wave","Infernal Blade+1"],"picked":"Reckless Charge","floor":10.0},{"not_picked":["Clash","Twin Strike"],"picked":"Flame Barrier+1","floor":13.0},{"not_picked":["Armaments+1","Sword Boomerang","True Grit+1"],"picked":"SKIP","floor":14.0},{"not_picked":["Brutality","Juggernaut"],"picked":"Reaper","floor":16.0},{"not_picked":["Headbutt+1","Sword Boomerang"],"picked":"Warcry+1","floor":18.0},{"not_picked":["Twin Strike","Pommel Strike"],"picked":"Shrug It Off+1","floor":24.0},{"not_picked":["Flex+1","Cleave"],"picked":"Double Tap+1","floor":28.0},{"not_picked":["Body Slam+1","Shrug It Off+1","Armaments+1"],"picked":"SKIP","floor":30.0}],"player_experience":39404,"relics_obtained":[{"floor":9.0,"key":"Toxic Egg 2"},{"floor":12.0,"key":"Peace Pipe"},{"floor":26.0,"key":"MawBank"}],"event_choices":[{"cards_removed":["Strike_R"],"damage_healed":0.0,"max_hp_gain":0.0,"max_hp_loss":0.0,"gold_gain":0.0,"event_name":"Living Wall","player_choice":"Forget","floor":2.0,"gold_loss":0.0,"damage_taken":0.0},{"damage_healed":0.0,"max_hp_gain":0.0,"max_hp_loss":0.0,"gold_gain":0.0,"event_name":"Shining Light","player_choice":"Ignored","floor":4.0,"gold_loss":0.0,"damage_taken":0.0},{"damage_healed":0.0,"max_hp_gain":0.0,"max_hp_loss":0.0,"gold_gain":0.0,"event_name":"The Mausoleum","player_choice":"Opened","floor":19.0,"gold_loss":0.0,"damage_taken":0.0,"relics_obtained":["Pocketwatch"],"cards_obtained":["Writhe"]},{"damage_healed":26.0,"max_hp_gain":0.0,"max_hp_loss":0.0,"gold_gain":0.0,"event_name":"The Library","player_choice":"Heal","floor":20.0,"gold_loss":0.0,"damage_taken":0.0},{"damage_healed":0.0,"max_hp_gain":0.0,"max_hp_loss":0.0,"gold_gain":0.0,"event_name":"Forgotten Altar","player_choice":"Smashed Altar","floor":21.0,"gold_loss":0.0,"damage_taken":0.0,"cards_obtained":["Decay"]},{"damage_healed":0.0,"max_hp_gain":0.0,"max_hp_loss":0.0,"gold_gain":99.0,"event_name":"Nest","player_choice":"Stole From Cult","floor":29.0,"gold_loss":0.0,"damage_taken":0.0},{"damage_healed":0.0,"max_hp_gain":0.0,"max_hp_loss":0.0,"gold_gain":0.0,"event_name":"Ghosts","player_choice":"Ignored","floor":31.0,"gold_loss":0.0,"damage_taken":0.0}],"is_beta":false,"boss_relics":[{"not_picked":["Busted Crown","Tiny House"],"picked":"SacredBark"}],"items_purged_floors":[7,22],"is_endless":false,"potions_floor_spawned":[3,13,14,18,30],"killed_by":"Collector","ascension_level":8}}