{"host":"ymw71f7rc9ndansy","time":1609809990,"event":{"mods":["ATMod(°¢èªMod)","Act Like it!","Aspiration","BaseMod","DeckTracker","Hubris","Library of Ruina","Library of Ruina Extra","Lobotomy","LobotomyExtend","Minty Spire (QoL Compilation)","MostiFishMod","Remove Card Discount Mod","Replay The Spire","StSLib","TestMod","¡¾ÒÅÎï¿¨ÅÆ¡¿REMEMod"],"gold_per_floor":[116,166,75,95,108,120,120,148,148,158,158,171,171,187,187,261,261,271,30,44,44,57,57,57,92,92,175,209,235,52,69,69,147,147,170,170,188,30,73,139,139,195,195,195,258,377,420,420,420,478,478,531,559,559,559,559,165,247,275],"floor_reached":60,"playtime":1217,"items_purged":["LightAttack","FocusedStrikes","Dodge","LightDefense","LightDefense","LightDefense","LightDefense","GroundSmash","ChargeAndCover","LightAttack","LightAttack","AT_DarkMatter","Pain"],"score":3837,"play_id":"a5b35480-8c71-4add-9d84-8a71e92b6ef7","local_time":"20210105092630","is_ascension_mode":true,"campfire_choices":[{"data":"REME_ACTH","floor":7.0,"key":"SMITH"},{"data":"GrazeTheGrass","floor":11.0,"key":"SMITH"},{"data":"Reload","floor":13.0,"key":"SMITH"},{"data":"MindCrush","floor":15.0,"key":"SMITH"},{"data":"CleanUp","floor":23.0,"key":"SMITH"},{"data":"CleanUp","floor":32.0,"key":"SMITH"},{"data":"Disposal","floor":41.0,"key":"SMITH"},{"data":"DimensionalRift","floor":44.0,"key":"SMITH"},{"floor":51.0,"key":"RECALL"},{"data":"Rewind","floor":56,"key":"SMITH"}],"circlet_count":0,"master_deck":["AscendersBane","REME_ACTH+1","EnergyBeam","MindCrush+1","RushDown","Reload+1","QuickSuppression","GrazeTheGrass+1","Leap_lor","CleanUp+1","IronWall","GrazeTheGrass","DimensionalRift+1","GrazeTheGrass","Disposal+1","GrazeTheGrass+1","Rewind+1","CleanUp+1","EnergyBeam","ShrineToMusic"],"relics":["PageOfLibrarian","testmod-TestBox","DaveBox","REME_ComplimentaryCards","AT_ATBox","PatriotShield","testmod-Nyarlathotep","SynthV:TestCard","Bottled Flame","Quantum Egg","ShadowXiaoBlade","TheAbacus","WarpedTongs","testmod-OneHitWonder","REME_ArchaeologicalTools","Dream Catcher","testmod-Recursion","AT_MibuBalloonWealth","PageOfScorchedGirl","Unceasing Top","testmod-D¨¦j¨¤vu","AT_SpeedBoots","Membership Card","AT_SilverBalance","PageOfTodaysShyLook","PageOfSnowWhitesApple"],"acts_visited":["Exordium","TheCity","TheBeyond","TheEnding"],"potions_floor_usage":[],"damage_taken":[{"damage":0.0,"enemies":"Jaw Worm","floor":1.0,"turns":2.0},{"damage":0.0,"enemies":"Cultist","floor":4.0,"turns":1.0},{"damage":0.0,"enemies":"2 Louse","floor":5.0,"turns":1.0},{"damage":0.0,"enemies":"Blue Slaver","floor":6.0,"turns":1.0},{"damage":0.0,"enemies":"Replay:BlueRogue","floor":8.0,"turns":1.0},{"damage":0.0,"enemies":"Lots of Slimes","floor":10.0,"turns":2.0},{"damage":0.0,"enemies":"Looter","floor":12.0,"turns":1.0},{"damage":0.0,"enemies":"Red Slaver","floor":14.0,"turns":1.0},{"damage":4.0,"enemies":"The Guardian","floor":16.0,"turns":2.0},{"damage":0.0,"enemies":"3 Byrds","floor":18.0,"turns":2.0},{"damage":0.0,"enemies":"2 Thieves","floor":20.0,"turns":1.0},{"damage":3.0,"enemies":"Snake Plant","floor":22.0,"turns":2.0},{"damage":7.0,"enemies":"Gremlin Leader","floor":25.0,"turns":1.0},{"damage":14.0,"enemies":"Replay:Snechameleon","floor":27.0,"turns":1.0},{"damage":0.0,"enemies":"Chosen and Byrds","floor":28.0,"turns":1.0},{"damage":5.0,"enemies":"Cultist and Chosen","floor":29.0,"turns":2.0},{"damage":0.0,"enemies":"Snecko","floor":31.0,"turns":1.0},{"damage":0.0,"enemies":"hubris:MusketHawk","floor":33.0,"turns":1.0},{"damage":26.0,"enemies":"3 Shapes","floor":35.0,"turns":1.0},{"damage":0.0,"enemies":"3 Darklings","floor":37.0,"turns":1.0},{"damage":0.0,"enemies":"Spire Growth","floor":39.0,"turns":1.0},{"damage":0.0,"enemies":"R_Hoarder","floor":40.0,"turns":1.0},{"damage":0.0,"enemies":"Giant Head","floor":42.0,"turns":1.0},{"damage":0.0,"enemies":"R_Hoarder","floor":45.0,"turns":2.0},{"damage":21.0,"enemies":"4 Shapes","floor":46.0,"turns":1.0},{"damage":0.0,"enemies":"Writhing Mass","floor":47.0,"turns":1.0},{"damage":0.0,"enemies":"Giant Head","floor":50.0,"turns":1.0},{"damage":0,"enemies":"Donu and Deca","floor":52,"turns":1},{"damage":0,"enemies":"Time Eater","floor":53,"turns":2},{"damage":0,"enemies":"Shield and Spear","floor":58,"turns":1},{"damage":22,"enemies":"The Heart","floor":59,"turns":1}],"seed_played":"-1032969172017579300","potions_obtained":[{"floor":4.0,"key":"Swift Potion"},{"floor":8.0,"key":"Explosive Potion"}],"is_trial":false,"path_per_floor":["M","?","$","M","M","M","R","E","T","M","R","M","R","M","R","B",null,"M","$","M","?","M","R","?","E","T","E","M","M","$","M","R","B",null,"M","?","M","$","M","E","R","E","T","R","E","M","M","PTL","PTL","E","R","B","B",null,null,"R","$","E","B",null],"character_chosen":"Librarian","items_purchased":["RushDown","IronWall","TheAbacus","CleanUp","AT_MibuBalloonWealth","Membership Card","AT_SilverBalance","PageOfTodaysShyLook"],"campfire_rested":0,"item_purchase_floors":[3,19,19,30,38,57,57,57],"current_hp_per_floor":[54,48,48,48,48,48,48,48,48,48,48,48,48,48,48,44,73,73,73,73,73,70,70,58,51,51,37,37,32,32,32,32,32,70,44,44,44,44,44,44,44,44,44,44,44,23,23,23,23,23,23,23,23,23,70,70,70,43,21],"gold":275,"neow_bonus":"ONE_RANDOM_RARE_CARD","is_daily":false,"chose_seed":false,"campfire_upgraded":9,"win_rate":0.0,"timestamp":1609809990,"path_taken":["M","?","$","?","M","M","R","E","T","M","R","M","R","M","R","BOSS","M","$","M","?","?","R","?","E","T","E","M","M","$","M","R","BOSS","M","?","M","$","M","E","R","E","T","R","E","M","M","PTL","PTL","E","R","BOSS","BOSS","R","$","E","BOSS"],"items_purchased_type":["Card","Card","Relic","Card","Relic","Relic","Relic","Relic"],"build_version":"2020-12-22","purchased_purges":13,"victory":true,"max_hp_per_floor":[60,60,60,60,76,76,76,76,76,76,76,76,76,76,76,83,83,83,83,83,83,83,83,83,83,83,83,83,83,83,83,83,83,83,83,83,83,83,83,83,83,83,83,83,83,83,83,83,83,86,86,86,86,86,86,86,86,86,86],"card_choices":[{"not_picked":["FierceCharge","ViolentFlame","SparkingSpear","MultiHit","Faith","DesperateStruggle","BackAttack","Rewind"],"picked":"MindCrush","floor":1.0},{"not_picked":["Bvapour","StructuralAnalysis","AGoldenOpportunity","Track","NightInTheBackstreets","HandleRequest","Wallop_lor","ViolentFlame","Guardian_lor","BlowItUp"],"picked":"Reload","floor":4.0},{"not_picked":["Standoff","UpbeatPerformance","StrongStrike","ProselytesBlade","HiddenBlade","Creak","MultiHit","SuppressingShot","DesperateStruggle","Unlock1"],"picked":"QuickSuppression","floor":5.0},{"not_picked":["EnergyBeam","Gigigig","EnergyShield","BattleCommand","PinpointShot","Wallop_lor","Standoff","ForTheFamily","SkitterAway","YouOnlyLiveOnce","Creak"],"picked":"SKIP","floor":6.0},{"not_picked":["UnavoidableGaze","SuppressingShot","Riposte","StrongStrike","Standoff","Retaliate","SinglePointStab","Bvapour","StructuralAnalysis","BackAttack","MultiHit"],"picked":"SKIP","floor":8.0},{"not_picked":["PinpointShot","DefenseOrder","EnergyShield","Standoff","WillBeTasty","QuickSuppression","HiddenBlade","YouOnlyLiveOnce","DestructiveImpact","GatherIntel"],"picked":"GrazeTheGrass","floor":10.0},{"not_picked":["EnergyStrike","UndertakePrescript","OpportunitySpotted","EndlessBattle","MindCrush","SuppressingShot","HighKick","FleetFootsteps","BattleCommand","SinglePointStab","MultiBlock"],"picked":"SKIP","floor":12.0},{"not_picked":["EndlessBattle","BizarreAttack","FrontalAssault","CookingPrep","Diversion","MultiBlock","MultiHit","EnergyShield","WillOfThePrescript","PreparedMind"],"picked":"Leap_lor","floor":14.0},{"not_picked":["FleshFillet","TrashDisposal","DaringDecision","Commandeering"],"picked":"CleanUp","floor":16.0},{"not_picked":["Quickness+1","UndertakePrescript","Castigation","GuardingStance","HighSpeedStabbing","UnavoidableGaze","FleetFootsteps","RapidGashes","Outburst","SharpSwipe","BindingArms"],"picked":"SKIP","floor":18.0},{"not_picked":["UnavoidableGaze","SuppressingShot","EnergyShield","RagingStorm","DesperateStruggle","YourShield+1","Track","QuickAttack+1","IronWall","SpearedSweep+1"],"picked":"GrazeTheGrass","floor":20.0},{"not_picked":["FeelinGood+1","FleetFootsteps","MultiHit","Tttonst","MultiBlock","SharpSwipe","HighKick","Faith","DefenseOrder","BurningFlash"],"picked":"DimensionalRift","floor":22.0},{"not_picked":["QuickSuppression","Eradication","FlowOfTheSword","EnergyShield","Pound","Leap_lor","Preparation","Quickness","Unlock1","NightInTheBackstreets+1"],"picked":"GrazeTheGrass","floor":24.0},{"not_picked":["NightInTheBackstreets","AsThePrescriptOrders","Juggling","Wallop_lor","ExtremeEdge","Overcharge","DefenseOrder","GuidanceOfTheGears","UpbeatPerformance","Slice_lor"],"picked":"Disposal","floor":25.0},{"not_picked":["WillOfThePrescript","UpbeatPerformance","AGoldenOpportunity","Deflect_lor","SharpSwipe","PinpointShot","SkyClearingCut","DarkCloud","DefenseOrder","FeelinGood+1","ViolentFlame"],"picked":"SKIP","floor":27.0},{"not_picked":["GaleKick","HandleRequest","DesperateStruggle","BindingChains","UpbeatPerformance","Wallop_lor+1","Endure","MindWhip","Multislash","SturdyDefense"],"picked":"GrazeTheGrass+1","floor":28.0},{"not_picked":["Wallop_lor+1","FrontalAssault+1","TheRedNotes","AssaultOrder","SinglePointStab","DesperateStruggle","StartinOutLightly","CutIn+1","EnergyBeam","PinpointShot+1"],"picked":"Rewind","floor":29.0},{"not_picked":["SharpSwipe","YoureAHindrance","DestructiveImpact","ElectricShock","Unlock1","GuidanceOfTheGears","DefenseOrder+1","SmokingPipe","Punishment","SunsetBlade","BladeWhirl"],"picked":"SKIP","floor":31.0},{"not_picked":["ToOvercomeCrisis","FeatherShield","SearingSword","NightInTheBackstreets","Commandeering","WaitUp","WillOfThePrescript","SharpSwipe+1","SpearedSweep","InkOver","Wallop_lor"],"picked":"SKIP","floor":35.0},{"not_picked":["TimeForALittleTest","Marionette","YoureTooSlow","GuardingStance","SuppressingShot","UncannyStrike+1","MultiHit+1","PuppetBlockade","Reload+1","ScratchThat","TheArtOfRapidSteps+1"],"picked":"SKIP","floor":37.0},{"not_picked":["FierceCharge","TendonChords","FleetEdge","FieryWaltz","Thrust","FleetFootsteps+1","DarkCloud","DesperateStruggle","LossOfSenses","GoinFirst","AsThePrescriptOrders+1"],"picked":"SKIP","floor":39.0},{"not_picked":["ViolentFlame+1","BoundaryOfDeath","MindPrepared","TrimTheIngredients+1","TendonChords","Clone","Reload+1","InnerArdor","Standoff","DarkCloud","DesperateStruggle"],"picked":"SKIP","floor":40.0},{"not_picked":["Collision+1","Reload","Rampage_lor","EndlessBattle","SummaryJudgment","Pound","SteelKnuckles","SharpNails","ToOvercomeCrisis+1","BackAttack","SunsetBlade+1"],"picked":"SKIP","floor":42.0},{"not_picked":["FlashOfSunup+1","Preparation","SunsetBlade","EnergyShield+1","ReadyUp","ShockingBlow","ChopItOff","HiddenBlade","WillProduceFineSilk","Wallop_lor","Overcharge"],"picked":"SKIP","floor":45.0},{"not_picked":["Track","GuardingStance","AGoldenOpportunity","Execute_lor","Rewind","GuidanceOfTheGears","GrazeTheGrass+1","DriedUp","Zzzzzap","GaleKick"],"picked":"EnergyBeam","floor":46.0},{"not_picked":["GuardingStance","ViolentFlame","Rewind","Collision","Outburst","HiddenBlade","Bvapour+1","Diversion","Feast","SpearedSweep","SummaryJudgment"],"picked":"SKIP","floor":47.0},{"not_picked":["SkyClearingCut","WillOfThePrescript+1","EndlessBattle","GrazeTheGrass","StructuralAnalysis+1","TheRedNotes","Rewind","FieryWaltz","Standoff","RagingStorm"],"picked":"ShrineToMusic","floor":50.0},{"not_picked":["MultiBlock","RapidGashes","BulkyImpact","AGoldenOpportunity","Overpower","Observe","QuickSuppression","BindingArms","Reload","Diversion+1","IngredientHunt"],"picked":"SKIP","floor":58}],"player_experience":1074469,"relics_obtained":[{"floor":1.0,"key":"SynthV:TestCard"},{"floor":8.0,"key":"Bottled Flame"},{"floor":9.0,"key":"Quantum Egg"},{"floor":25.0,"key":"testmod-OneHitWonder"},{"floor":26.0,"key":"REME_ArchaeologicalTools"},{"floor":27.0,"key":"Dream Catcher"},{"floor":40.0,"key":"PageOfScorchedGirl"},{"floor":42.0,"key":"Unceasing Top"},{"floor":45.0,"key":"testmod-D¨¦j¨¤vu"},{"floor":50.0,"key":"AT_SpeedBoots"},{"floor":58,"key":"PageOfSnowWhitesApple"}],"event_choices":[{"damage_healed":0.0,"max_hp_gain":0.0,"max_hp_loss":0.0,"gold_gain":50.0,"event_name":"FaceTrader","player_choice":"Touch","floor":2.0,"gold_loss":0.0,"damage_taken":6.0},{"damage_healed":0.0,"max_hp_gain":0.0,"max_hp_loss":0.0,"gold_gain":0.0,"event_name":"Accursed Blacksmith","player_choice":"Rummage","floor":21.0,"gold_loss":0.0,"damage_taken":0.0,"relics_obtained":["WarpedTongs"],"cards_obtained":["Pain"]},{"damage_healed":0.0,"max_hp_gain":0.0,"max_hp_loss":0.0,"gold_gain":0.0,"event_name":"Transmorgrifier","player_choice":"Ignored","floor":36.0,"gold_loss":0.0,"damage_taken":0.0}],"is_beta":false,"boss_relics":[{"not_picked":["hubris:ScarierMask","ChewingGum"],"picked":"ShadowXiaoBlade"},{"not_picked":["testmod-IncinerationGenerator","Philosopher\u0027s Stone"],"picked":"testmod-Recursion"}],"items_purged_floors":[3,3,3,3,3,3,3,19,19,19,19,30,30],"is_endless":false,"potions_floor_spawned":[4,8,10,12,16,22,28,33,35,37,42,46,47,58],"ascension_level":20}}