{"host":"91blwi3hgehj6ch9","time":1609876369,"event":{"mods":["2.2 Compatiblity","AchievementEnabler","BaseMod","Colored Map","DeckTracker","Keyboard Shortcuts","Minty Spire (QoL Compilation)","Permanent Neow","Quick Restart","StSLib","SuperFastMode"],"gold_per_floor":[119,219,144,164,164,198,214,114,141,152,169,44,44,9,9,104,104,120,120,138,154,154,188,205,115,186,202,202,152,152,152,152,252,252,269,269,284,284,302,302,302,320,345,255,270,166,166,191,191,191],"floor_reached":51,"playtime":3256,"items_purged":["Defend_G","Strike_G","Defend_G","Bane","Dash","Dodge and Roll"],"score":1175,"play_id":"86b588d2-855e-49c6-8b77-8583a7a07a21","local_time":"20210106045249","is_ascension_mode":true,"campfire_choices":[{"data":"Acrobatics","floor":13.0,"key":"SMITH"},{"data":"Reflex","floor":15.0,"key":"SMITH"},{"data":"Tactician","floor":28.0,"key":"SMITH"},{"data":"Accuracy","floor":30.0,"key":"SMITH"},{"floor":32.0,"key":"REST"},{"data":"Acrobatics","floor":41,"key":"SMITH"},{"data":"Blade Dance","floor":47,"key":"SMITH"},{"data":"Grand Finale","floor":49,"key":"SMITH"}],"circlet_count":0,"master_deck":["AscendersBane","Survivor","Cloak And Dagger+1","Well Laid Plans","Reflex+1","Acrobatics+1","Die Die Die+1","Tactician+1","Sucker Punch","Concentrate+1","Cloak And Dagger+1","Blade Dance+1","PiercingWail","Acrobatics+1","Accuracy+1","Grand Finale+1","Prepared+1","Dagger Throw+1"],"relics":["Ring of the Snake","NeowsBlessing","Bronze Scales","PreservedInsect","Pandora\u0027s Box","Smiling Mask","Mercury Hourglass","Meat on the Bone","HoveringKite","Whetstone"],"acts_visited":["Exordium","TheCity","TheBeyond"],"potions_floor_usage":[40,50,50],"damage_taken":[{"damage":0.0,"enemies":"Jaw Worm","floor":1.0,"turns":1.0},{"damage":0.0,"enemies":"Cultist","floor":4.0,"turns":1.0},{"damage":0.0,"enemies":"Lagavulin","floor":6.0,"turns":1.0},{"damage":0.0,"enemies":"Small Slimes","floor":7.0,"turns":4.0},{"damage":4.0,"enemies":"2 Fungi Beasts","floor":10.0,"turns":4.0},{"damage":4.0,"enemies":"Red Slaver","floor":11.0,"turns":4.0},{"damage":12.0,"enemies":"The Guardian","floor":16.0,"turns":15.0},{"damage":3.0,"enemies":"Spheric Guardian","floor":18.0,"turns":4.0},{"damage":7.0,"enemies":"Shell Parasite","floor":20.0,"turns":5.0},{"damage":10.0,"enemies":"Shelled Parasite and Fungi","floor":21.0,"turns":6.0},{"damage":13.0,"enemies":"Book of Stabbing","floor":23.0,"turns":4.0},{"damage":7.0,"enemies":"Centurion and Healer","floor":24.0,"turns":4.0},{"damage":3.0,"enemies":"Snecko","floor":27.0,"turns":3.0},{"damage":2.0,"enemies":"Champ","floor":33.0,"turns":5.0},{"damage":0.0,"enemies":"3 Darklings","floor":35.0,"turns":1.0},{"damage":0,"enemies":"3 Shapes","floor":37,"turns":1},{"damage":30,"enemies":"Transient","floor":39,"turns":5},{"damage":0,"enemies":"Nemesis","floor":40,"turns":2},{"damage":0,"enemies":"Sphere and 2 Shapes","floor":42,"turns":1},{"damage":0,"enemies":"Maw","floor":45,"turns":1},{"damage":0,"enemies":"Reptomancer","floor":48,"turns":2},{"damage":24,"enemies":"Donu and Deca","floor":50,"turns":2}],"seed_played":"1888313724786054419","potions_obtained":[{"floor":1.0,"key":"SteroidPotion"},{"floor":7.0,"key":"SneckoOil"},{"floor":10.0,"key":"SmokeBomb"},{"floor":16.0,"key":"Ancient Potion"},{"floor":18.0,"key":"GamblersBrew"},{"floor":19.0,"key":"Energy Potion"},{"floor":20.0,"key":"GamblersBrew"},{"floor":24.0,"key":"FearPotion"},{"floor":35.0,"key":"Strength Potion"},{"floor":42,"key":"SkillPotion"},{"floor":48,"key":"CunningPotion"}],"is_trial":false,"path_per_floor":["M","?","$","M","?","E","M","$","T","M","M","$","R","?","R","B",null,"M","?","M","M","?","E","M","$","T","M","R","$","R","T","R","B",null,"M","?","M","?","M","E","R","M","T","?","M","$","R","E","R","B",null],"character_chosen":"THE_SILENT","items_purchased":["Accuracy","Dagger Throw"],"campfire_rested":1,"item_purchase_floors":[25,46],"current_hp_per_floor":[63,63,63,63,63,63,63,63,63,59,55,55,55,70,70,58,67,64,64,57,47,47,34,27,27,27,24,24,24,24,24,45,43,63,63,63,63,63,45,45,45,45,45,45,45,45,45,45,45,33],"gold":191,"neow_bonus":"THREE_ENEMY_KILL","is_daily":false,"chose_seed":false,"campfire_upgraded":7,"win_rate":0.0,"timestamp":1609876369,"path_taken":["M","?","$","?","?","E","?","$","T","M","M","?","R","?","R","BOSS","M","?","?","?","?","E","M","$","T","M","R","?","R","?","R","BOSS","M","?","M","?","M","E","R","M","T","?","?","?","R","E","R","BOSS"],"items_purchased_type":["Card","Card"],"build_version":"2020-12-22","purchased_purges":6,"victory":true,"max_hp_per_floor":[70,70,70,70,70,70,70,70,70,70,70,70,70,70,70,70,70,70,70,70,70,70,70,70,70,70,70,70,70,70,70,70,70,70,70,70,70,70,70,70,70,70,70,70,70,70,70,70,70,70],"card_choices":[{"not_picked":["Riddle With Holes","Dodge and Roll","Eviscerate"],"picked":"SKIP","floor":1.0},{"not_picked":["Dagger Spray","Setup"],"picked":"Cloak And Dagger","floor":4.0},{"not_picked":["Caltrops","Bane"],"picked":"Well Laid Plans","floor":6.0},{"not_picked":["Dodge and Roll","All Out Attack"],"picked":"Dash","floor":7.0},{"not_picked":["Masterful Stab","Choke"],"picked":"Reflex","floor":10.0},{"not_picked":["Dodge and Roll","Skewer"],"picked":"Acrobatics","floor":11.0},{"not_picked":["Doppelganger","Envenom"],"picked":"Die Die Die","floor":16.0},{"not_picked":["Sucker Punch","Poisoned Stab+1","Dash+1"],"picked":"SKIP","floor":18.0},{"not_picked":["Sucker Punch","Flying Knee"],"picked":"Concentrate+1","floor":20.0},{"not_picked":["Quick Slash","Choke","Catalyst"],"picked":"SKIP","floor":21.0},{"not_picked":["Caltrops","Backstab"],"picked":"PiercingWail","floor":23.0},{"not_picked":["Blade Dance","Backflip"],"picked":"Acrobatics","floor":24.0},{"not_picked":["Deflect","Quick Slash","Dodge and Roll"],"picked":"SKIP","floor":27.0},{"not_picked":["Phantasmal Killer","Corpse Explosion"],"picked":"Grand Finale","floor":33.0},{"not_picked":["Crippling Poison+1","Flying Knee","Blur+1"],"picked":"SKIP","floor":35.0},{"not_picked":["All Out Attack+1","Poisoned Stab+1","Footwork+1"],"picked":"SKIP","floor":37},{"not_picked":["Flying Knee+1","Sucker Punch+1"],"picked":"Prepared+1","floor":39},{"not_picked":["Cloak And Dagger","Finisher+1","Bane"],"picked":"SKIP","floor":42},{"not_picked":["All Out Attack+1","Dodge and Roll","Deadly Poison"],"picked":"SKIP","floor":45},{"not_picked":["Bouncing Flask","Footwork","Blade Dance"],"picked":"SKIP","floor":48}],"player_experience":77667,"relics_obtained":[{"floor":6.0,"key":"Bronze Scales"},{"floor":9.0,"key":"PreservedInsect"},{"floor":23.0,"key":"Smiling Mask"},{"floor":26.0,"key":"Mercury Hourglass"},{"floor":31.0,"key":"Meat on the Bone"},{"floor":48,"key":"Whetstone"}],"event_choices":[{"damage_healed":0.0,"max_hp_gain":0.0,"max_hp_loss":0.0,"gold_gain":100.0,"event_name":"Golden Shrine","player_choice":"Pray","floor":2.0,"gold_loss":0.0,"damage_taken":0.0},{"damage_healed":0.0,"max_hp_gain":0.0,"max_hp_loss":0.0,"gold_gain":0.0,"event_name":"Accursed Blacksmith","player_choice":"Forge","floor":5.0,"gold_loss":0.0,"damage_taken":0.0,"cards_upgraded":["Cloak And Dagger"]},{"damage_healed":17.0,"max_hp_gain":0.0,"max_hp_loss":0.0,"gold_gain":0.0,"event_name":"The Cleric","player_choice":"Healed","floor":14.0,"gold_loss":35.0,"damage_taken":0.0},{"damage_healed":0.0,"max_hp_gain":0.0,"max_hp_loss":0.0,"gold_gain":0.0,"event_name":"Lab","player_choice":"Got Potions","floor":19.0,"gold_loss":0.0,"damage_taken":0.0},{"damage_healed":0.0,"max_hp_gain":0.0,"max_hp_loss":0.0,"gold_gain":0.0,"cards_transformed":["Choke","Dash"],"event_name":"Drug Dealer","player_choice":"Became Test Subject","floor":22.0,"gold_loss":0.0,"damage_taken":0.0,"cards_obtained":["Cloak And Dagger","Blade Dance"]},{"damage_healed":0,"gold_gain":0,"player_choice":"Ignored","damage_taken":0,"max_hp_gain":0,"max_hp_loss":0,"event_name":"Mysterious Sphere","floor":36,"gold_loss":0},{"cards_removed":["Neutralize"],"damage_healed":0,"gold_gain":0,"player_choice":"Removed Attack","damage_taken":0,"max_hp_gain":0,"max_hp_loss":0,"event_name":"Falling","floor":38,"gold_loss":0},{"cards_removed":["Corpse Explosion"],"damage_healed":0,"gold_gain":0,"player_choice":"Upgrade and Remove","damage_taken":0,"max_hp_gain":0,"max_hp_loss":0,"event_name":"Designer","floor":44,"gold_loss":90,"cards_upgraded":["Cloak And Dagger"]}],"is_beta":false,"boss_relics":[{"not_picked":["Cursed Key","SlaversCollar"],"picked":"Pandora\u0027s Box"},{"not_picked":["Calling Bell","Sozu"],"picked":"HoveringKite"}],"items_purged_floors":[3,8,12,25,29,46],"is_endless":false,"potions_floor_spawned":[1,7,10,16,18,20,24,27,35,40,42,48],"ascension_level":10}}