{"host":"kig4ty9d1aubg29s","time":1609847953,"event":{"mods":["BaseMod","Minty Spire (QoL Compilation)","READ ME - Guardian Mod","READ ME - Snecko Mod","StSLib","The Cursed","The Gatherer","The Hierophant","The Runesmith"],"gold_per_floor":[111,124,87,87,87,112,112,145,145,145,156,156,156,156,156,254,254,277,292,292,128,128,128],"floor_reached":22,"playtime":477,"items_purged":["Injury"],"score":430,"play_id":"44d956a9-2d36-4a1b-a6db-0c4ef5d9e93c","local_time":"20210105205913","is_ascension_mode":true,"campfire_choices":[{"data":"Echo Form","floor":7,"key":"SMITH"},{"floor":10,"key":"REST"},{"floor":12,"key":"REST"},{"floor":15,"key":"REST"}],"circlet_count":0,"master_deck":["AscendersBane","Strike_B","Strike_B","Strike_B","Defend_B","Defend_B","Zap","Dualcast","Storm+1","Rebound","Capacitor","Echo Form+1","Ball Lightning","Consume","Creative AI","CurseOfTheBell","Heatsinks","Ball Lightning","Multi-Cast","Chill","Storm"],"relics":["Cracked Core","NeowsBlessing","Pantograph","Akabeko","Cables","Golden Idol","Calling Bell","Nunchaku","InkBottle","Turnip"],"acts_visited":["Exordium","TheCity"],"potions_floor_usage":[16,18],"damage_taken":[{"damage":0,"enemies":"Small Slimes","floor":1,"turns":1},{"damage":0,"enemies":"Jaw Worm","floor":2,"turns":1},{"damage":0,"enemies":"Lagavulin","floor":6,"turns":1},{"damage":56,"enemies":"Gremlin Nob","floor":8,"turns":5},{"damage":1,"enemies":"Cultist","floor":11,"turns":3},{"damage":31,"enemies":"The Guardian","floor":16,"turns":7},{"damage":28,"enemies":"Spheric Guardian","floor":18,"turns":4},{"damage":39,"enemies":"2 Thieves","floor":19,"turns":4},{"damage":11,"enemies":"Sentry and Sphere","floor":22,"turns":2}],"seed_played":"-1786424199763457045","potions_obtained":[{"floor":2,"key":"Regen Potion"},{"floor":8,"key":"SteroidPotion"},{"floor":14,"key":"Weak Potion"},{"floor":16,"key":"Ancient Potion"}],"is_trial":false,"path_per_floor":["M","M","$","?","?","E","R","E","T","R","M","R","?","?","R","B",null,"M","M","?","$","M"],"character_chosen":"DEFECT","items_purchased":["Capacitor","Storm"],"campfire_rested":3,"item_purchase_floors":[3,21],"current_hp_per_floor":[64,64,64,57,57,57,57,1,1,22,21,42,42,42,63,40,63,44,5,5,5,0,0],"gold":128,"neow_bonus":"THREE_ENEMY_KILL","is_daily":false,"chose_seed":false,"campfire_upgraded":1,"win_rate":0.0,"timestamp":1609847953,"path_taken":["M","M","$","?","?","E","R","E","T","R","M","R","?","?","R","BOSS","M","?","?","$","M"],"items_purchased_type":["Card","Card"],"build_version":"2020-12-22","purchased_purges":1,"victory":false,"max_hp_per_floor":[71,71,71,71,71,71,71,71,71,71,71,71,71,71,71,71,71,71,71,71,71,71,71],"card_choices":[{"not_picked":["Stack","Hologram"],"picked":"Storm","floor":1},{"not_picked":["Turbo","Redo"],"picked":"Rebound","floor":2},{"not_picked":["Steam Power","Ball Lightning"],"picked":"Echo Form","floor":6},{"not_picked":["Rebound","Turbo"],"picked":"Ball Lightning","floor":8},{"not_picked":["Streamline","Leap"],"picked":"Consume","floor":11},{"not_picked":["Meteor Strike","Seek"],"picked":"Creative AI","floor":16},{"not_picked":["Compile Driver","Leap"],"picked":"Heatsinks","floor":18},{"not_picked":["Go for the Eyes","Hyperbeam"],"picked":"Ball Lightning","floor":19}],"player_experience":1910816,"relics_obtained":[{"floor":6,"key":"Pantograph"},{"floor":8,"key":"Akabeko"},{"floor":9,"key":"Cables"},{"floor":17,"key":"Nunchaku"},{"floor":17,"key":"InkBottle"},{"floor":17,"key":"Turnip"}],"event_choices":[{"cards_removed":["Defend_B"],"damage_healed":0,"gold_gain":0,"player_choice":"Card Removal","damage_taken":7,"max_hp_gain":0,"max_hp_loss":0,"event_name":"Golden Wing","floor":4,"gold_loss":0},{"damage_healed":0,"gold_gain":0,"player_choice":"Grow","damage_taken":0,"max_hp_gain":0,"max_hp_loss":0,"event_name":"Living Wall","floor":5,"gold_loss":0,"cards_upgraded":["Storm"]},{"damage_healed":0,"gold_gain":0,"player_choice":"Take Wound","damage_taken":0,"relics_obtained":["Golden Idol"],"max_hp_gain":0,"max_hp_loss":0,"event_name":"Golden Idol","floor":13,"gold_loss":0,"cards_obtained":["Injury"]},{"damage_healed":0,"gold_gain":0,"player_choice":"Got Potions","damage_taken":0,"max_hp_gain":0,"max_hp_loss":0,"event_name":"Lab","floor":14,"gold_loss":0},{"damage_healed":0,"gold_gain":0,"cards_transformed":["Defend_B","Strike_B"],"player_choice":"Became Test Subject","damage_taken":0,"max_hp_gain":0,"max_hp_loss":0,"event_name":"Drug Dealer","floor":20,"gold_loss":0,"cards_obtained":["Multi-Cast","Chill"]}],"is_beta":false,"boss_relics":[{"not_picked":["Philosopher\u0027s Stone","SacredBark"],"picked":"Calling Bell"}],"items_purged_floors":[21],"is_endless":false,"potions_floor_spawned":[2,8,16],"killed_by":"Sentry and Sphere","ascension_level":20}}