{"host":"sc0o2qwpf9j16a4i","time":1609839205,"event":{"mods":["AchievementEnabler","BaseMod","BetterRewards","Block Reminder","Colored Map","Colored Powertips","Custom Start","Highlight Path","Minty Spire (QoL Compilation)","Relic Stats"],"gold_per_floor":[112,112,132,57,57,57,57,19,31,4,17,17,47,63,63,63,63],"floor_reached":16,"playtime":368,"items_purged":[],"score":296,"play_id":"72fc5dd3-9828-43c1-8b23-8d982b3a1c23","local_time":"20210105113325","is_ascension_mode":true,"campfire_choices":[{"floor":12,"key":"REST"},{"floor":15,"key":"REST"}],"circlet_count":0,"master_deck":["AscendersBane","Strike_G","Strike_G","Strike_G","Defend_G","Defend_G","Defend_G","Defend_G","Defend_G","Survivor","Neutralize","Dash","Heel Hook","Deadly Poison","Flying Knee","Footwork","Adrenaline","Deadly Poison","All Out Attack"],"relics":["Ring of the Snake","Meat on the Bone","Pear","MawBank","HornCleat","Bronze Scales"],"acts_visited":["Exordium"],"potions_floor_usage":[14],"damage_taken":[{"damage":13,"enemies":"Jaw Worm","floor":1,"turns":8},{"damage":2,"enemies":"2 Louse","floor":3,"turns":3},{"damage":3,"enemies":"Small Slimes","floor":11,"turns":3},{"damage":40,"enemies":"Gremlin Nob","floor":13,"turns":6},{"damage":0,"enemies":"3 Louse","floor":14,"turns":1},{"damage":90,"enemies":"Slime Boss","floor":16,"turns":15}],"seed_played":"-2195449954243932829","potions_obtained":[{"floor":11,"key":"Explosive Potion"},{"floor":13,"key":"Ancient Potion"},{"floor":14,"key":"FairyPotion"}],"is_trial":false,"path_per_floor":["M","?","M","?","?","?","T","?","T","$","M","R","E","M","R","B"],"character_chosen":"THE_SILENT","items_purchased":["Meat on the Bone","Dash","Heel Hook","Footwork"],"campfire_rested":2,"item_purchase_floors":[0,0,0,10],"current_hp_per_floor":[34,27,37,37,12,12,12,12,12,12,21,43,15,27,49,0,0],"gold":63,"neow_bonus":"","is_daily":false,"chose_seed":false,"campfire_upgraded":0,"win_rate":0.0,"timestamp":1609839205,"path_taken":["M","?","M","?","?","?","?","?","T","?","M","R","E","?","R","BOSS"],"items_purchased_type":["Relic","Card","Card","Card"],"build_version":"2020-12-22","purchased_purges":0,"victory":false,"max_hp_per_floor":[66,66,66,66,76,76,76,76,76,76,76,76,76,76,76,76,76],"relic_stats":{"counters":[17,89],"Bronze Scales":[103],"MawBank":156,"obtain_stats":[{"Blood Vial":9,"Tiny House":0,"Pear":5,"HornCleat":9,"Bronze Scales":14,"HoveringKite":17,"Whetstone":12,"War Paint":7,"Medical Kit":14,"MawBank":7,"Ring of the Snake":0,"Meat on the Bone":0},{"Blood Vial":5,"Tiny House":0,"Pear":13,"HornCleat":13,"Bronze Scales":8,"HoveringKite":9,"Whetstone":7,"War Paint":5,"Medical Kit":8,"MawBank":13,"Ring of the Snake":0,"Meat on the Bone":11},{"Blood Vial":21,"Tiny House":0,"Pear":64,"HornCleat":64,"Bronze Scales":32,"HoveringKite":43,"Whetstone":31,"War Paint":21,"Medical Kit":32,"MawBank":64,"Ring of the Snake":0,"Meat on the Bone":53}],"Ring of the Snake":[12],"Meat on the Bone":48},"card_choices":[{"not_picked":["Slice","Blade Dance"],"picked":"Deadly Poison","floor":1},{"not_picked":["Dodge and Roll","Deflect"],"picked":"Flying Knee","floor":3},{"not_picked":["Slice","Predator"],"picked":"Adrenaline","floor":11},{"not_picked":["Accuracy","Finisher"],"picked":"Deadly Poison","floor":13},{"not_picked":["Poisoned Stab","Dash"],"picked":"All Out Attack","floor":14}],"player_experience":547466,"relics_obtained":[{"floor":7,"key":"MawBank"},{"floor":9,"key":"HornCleat"},{"floor":13,"key":"Bronze Scales"}],"event_choices":[{"cards_removed":["Strike_G"],"damage_healed":0,"gold_gain":0,"player_choice":"Card Removal","damage_taken":7,"max_hp_gain":0,"max_hp_loss":0,"event_name":"Golden Wing","floor":2,"gold_loss":0},{"cards_removed":["Strike_G"],"damage_healed":0,"gold_gain":0,"player_choice":"Card Removal","damage_taken":0,"max_hp_gain":0,"max_hp_loss":0,"event_name":"The Cleric","floor":4,"gold_loss":75},{"damage_healed":0,"gold_gain":0,"player_choice":"Success","damage_taken":35,"relics_obtained":["Pear"],"max_hp_gain":0,"max_hp_loss":0,"event_name":"Scrap Ooze","floor":5,"gold_loss":0},{"damage_healed":0,"gold_gain":0,"player_choice":"Ignored","damage_taken":0,"max_hp_gain":0,"max_hp_loss":0,"event_name":"Liars Game","floor":6,"gold_loss":0},{"damage_healed":0,"gold_gain":0,"player_choice":"Left Gold","damage_taken":0,"max_hp_gain":0,"max_hp_loss":0,"event_name":"World of Goop","floor":8,"gold_loss":50}],"is_beta":false,"boss_relics":[],"items_purged_floors":[],"is_endless":false,"potions_floor_spawned":[11,13,14],"killed_by":"Slime Boss","ascension_level":20}}