{"host":"bu0lvejwxlz725fi","time":1609846484,"event":{"mods":["AchievementEnabler","BaseMod","Colored Powertips","Downfall","Hermit","Minty Spire (QoL Compilation)","Quick Restart","Robot Space Explorer","StSLib","The Bug Knight","The Disciple","The Hierophant","The Necromancer","The Servant 0.9.4"],"gold_per_floor":[119,132,151,151,24,24,24,35,59,79,116,141,175,194,194,295,345,360,360,12,12,12,12,29,29,29,52,72,72,19,19,19,19,19],"floor_reached":33,"playtime":4429,"items_purged":[],"score":282,"play_id":"ad6b630f-a35d-41c5-a428-97cffa6c85aa","local_time":"20210105123444","is_ascension_mode":false,"campfire_choices":[{"floor":6,"key":"REST"},{"floor":15,"key":"REST"},{"floor":23,"key":"REST"},{"floor":29,"key":"REST"},{"floor":32,"key":"REST"}],"circlet_count":0,"master_deck":["hermit:Defend_Hermit","hermit:Defend_Hermit","hermit:Defend_Hermit","hermit:Snapshot","hermit:Covet","hermit:NoHoldsBarred","hermit:Misfire","hermit:Roulette","hermit:Vantage+1","hermit:HeroicBravado","hermit:Glare","hermit:Scavenge","hermit:SprayPray","hermit:FatalDesire","hermit:Brawl","hermit:Feint","hermit:Roughhouse","hermit:Gestalt","hermit:Misfire+1","hermit:Maintenance","hermit:Snipe","hermit:Determination","Decay","hermit:Malice","hermit:Snipe","hermit:FlashPowder+1","hermit:Dive","Bite","Bite","Bite","Bite","Bite"],"relics":["hermit:Momento","Bag of Preparation","Vajra","Art of War","Tiny House","Mummified Hand","Letter Opener","Bottled Lightning"],"acts_visited":["Exordium","TheCity"],"potions_floor_usage":[2,12,13,13,16,18,27,28],"damage_taken":[{"damage":1,"enemies":"Cultist","floor":1,"turns":3},{"damage":0,"enemies":"2 Louse","floor":2,"turns":1},{"damage":6,"enemies":"Jaw Worm","floor":3,"turns":2},{"damage":13,"enemies":"3 Louse","floor":8,"turns":3},{"damage":0,"enemies":"Looter","floor":10,"turns":2},{"damage":9,"enemies":"Lagavulin","floor":11,"turns":5},{"damage":3,"enemies":"Large Slime","floor":12,"turns":3},{"damage":21,"enemies":"Gremlin Nob","floor":13,"turns":4},{"damage":16,"enemies":"Exordium Thugs","floor":14,"turns":5},{"damage":12,"enemies":"The Guardian","floor":16,"turns":8},{"damage":44,"enemies":"3 Byrds","floor":18,"turns":7},{"damage":10,"enemies":"Chosen","floor":24,"turns":3},{"damage":45,"enemies":"Shelled Parasite and Fungi","floor":27,"turns":7},{"damage":8,"enemies":"Snake Plant","floor":28,"turns":4},{"damage":71,"enemies":"Champ","floor":33,"turns":13}],"seed_played":"4399762020126075291","potions_obtained":[{"floor":2,"key":"Fruit Juice"},{"floor":3,"key":"Strength Potion"},{"floor":10,"key":"Fire Potion"},{"floor":12,"key":"Block Potion"},{"floor":14,"key":"Strength Potion"},{"floor":17,"key":"Swift Potion"},{"floor":18,"key":"DuplicationPotion"},{"floor":27,"key":"FearPotion"}],"is_trial":false,"path_per_floor":["M","M","M","?","$","R","?","M","T","M","E","M","E","M","R","B",null,"M","?","$","?","?","R","M","$","T","M","M","R","$","?","R","B"],"character_chosen":"HERMIT","items_purchased":["hermit:HeroicBravado","hermit:Glare","Mummified Hand","hermit:Snipe","hermit:Determination","hermit:Dive"],"campfire_rested":5,"item_purchase_floors":[5,5,20,20,20,30],"current_hp_per_floor":[74,79,73,57,57,80,73,60,60,60,51,48,27,11,35,23,85,41,41,41,41,41,66,56,56,56,11,3,28,28,28,45,0,0],"gold":19,"neow_bonus":"TRANSFORM_CARD","is_daily":false,"chose_seed":false,"campfire_upgraded":0,"win_rate":0.0,"timestamp":1609846484,"path_taken":["M","M","M","?","$","R","?","?","T","M","E","M","E","M","R","BOSS","M","?","$","?","?","R","?","?","T","M","M","R","$","?","R","BOSS"],"items_purchased_type":["Card","Card","Relic","Card","Card","Card"],"build_version":"2020-12-22","purchased_purges":0,"victory":false,"max_hp_per_floor":[75,80,80,80,80,80,80,80,80,80,80,80,80,80,80,80,85,85,85,85,85,85,85,85,85,85,85,85,85,85,59,59,59,59],"card_choices":[{"not_picked":["hermit:Coalescence","hermit:BigShot"],"picked":"hermit:Misfire","floor":1},{"not_picked":["hermit:Quickdraw","hermit:Glare"],"picked":"hermit:Roulette","floor":2},{"not_picked":["hermit:SprayPray","hermit:LoneWolf"],"picked":"hermit:Vantage","floor":3},{"not_picked":["hermit:FromBeyond","hermit:Feint"],"picked":"hermit:Scavenge","floor":8},{"not_picked":["hermit:LowProfile","hermit:TrackingShot"],"picked":"hermit:SprayPray","floor":10},{"not_picked":["hermit:HeroicBravado","hermit:Misfire"],"picked":"hermit:FatalDesire","floor":11},{"not_picked":["hermit:Enervate","hermit:LowProfile"],"picked":"hermit:Brawl","floor":12},{"not_picked":["hermit:LowProfile","hermit:Coalescence"],"picked":"hermit:PistolWhip","floor":13},{"not_picked":["hermit:HoleUp","hermit:LuckOfTheDraw"],"picked":"hermit:Feint","floor":14},{"not_picked":["hermit:DeadOrAlive","hermit:BlackWind"],"picked":"hermit:Roughhouse","floor":16},{"not_picked":["hermit:HighCaliber","hermit:Roulette"],"picked":"hermit:Gestalt","floor":17},{"not_picked":["hermit:WideOpen","hermit:Roulette"],"picked":"hermit:Misfire+1","floor":18},{"not_picked":["hermit:Misfire","hermit:GoldenBullet"],"picked":"hermit:Malice","floor":24},{"not_picked":["hermit:NoHoldsBarred","hermit:Malice"],"picked":"hermit:Snipe","floor":27},{"not_picked":["hermit:Dive","hermit:LowProfile"],"picked":"hermit:FlashPowder+1","floor":28}],"player_experience":190347,"relics_obtained":[{"floor":11,"key":"Vajra"},{"floor":13,"key":"Art of War"},{"floor":26,"key":"Bottled Lightning"}],"event_choices":[{"damage_healed":0,"gold_gain":0,"player_choice":"Entered Light","damage_taken":16,"max_hp_gain":0,"max_hp_loss":0,"event_name":"Shining Light","floor":4,"gold_loss":0,"cards_upgraded":["hermit:Vantage","hermit:Strike_Hermit"]},{"damage_healed":0,"gold_gain":0,"player_choice":"Success","damage_taken":7,"relics_obtained":["Bag of Preparation"],"max_hp_gain":0,"max_hp_loss":0,"event_name":"Scrap Ooze","floor":7,"gold_loss":0},{"damage_healed":0,"gold_gain":0,"player_choice":"Read","damage_taken":0,"max_hp_gain":0,"max_hp_loss":0,"event_name":"The Library","floor":19,"gold_loss":0,"cards_obtained":["hermit:Maintenance"]},{"damage_healed":0,"gold_gain":0,"player_choice":"Smashed Altar","damage_taken":0,"max_hp_gain":0,"max_hp_loss":0,"event_name":"Forgotten Altar","floor":21,"gold_loss":0,"cards_obtained":["Decay"]},{"cards_removed":["hermit:PistolWhip"],"damage_healed":0,"gold_gain":0,"player_choice":"Gave Card","damage_taken":0,"relics_obtained":["Letter Opener"],"max_hp_gain":0,"max_hp_loss":0,"event_name":"WeMeetAgain","floor":22,"gold_loss":0},{"damage_healed":0,"gold_gain":0,"player_choice":"Became a vampire","damage_taken":0,"max_hp_gain":0,"max_hp_loss":26,"event_name":"Vampires","floor":31,"gold_loss":0,"cards_obtained":["Bite","Bite","Bite","Bite","Bite"]}],"is_beta":false,"boss_relics":[{"not_picked":["Coffee Dripper","Runic Dome"],"picked":"Tiny House"}],"items_purged_floors":[],"is_endless":false,"potions_floor_spawned":[2,3,10,12,14,18,27],"killed_by":"Champ","ascension_level":0}}