{"host":"91blwi3hgehj6ch9","time":1609887549,"event":{"mods":["2.2 Compatiblity","AchievementEnabler","BaseMod","Colored Map","DeckTracker","Keyboard Shortcuts","Minty Spire (QoL Compilation)","Permanent Neow","Quick Restart","StSLib","SuperFastMode"],"gold_per_floor":[18,33,33,51,51,51,76,99,122,122,122,122],"floor_reached":11,"playtime":248,"items_purged":[],"score":110,"play_id":"a1164695-37ef-45e5-896e-6d9f638bfdc2","local_time":"20210106075909","is_ascension_mode":true,"campfire_choices":[{"data":"Caltrops","floor":6,"key":"SMITH"},{"data":"Concentrate","floor":10,"key":"SMITH"}],"circlet_count":0,"master_deck":["AscendersBane","Strike_G","Strike_G","Strike_G","Defend_G","Defend_G","Defend_G","Defend_G","Survivor","Neutralize","Calculated Gamble","Caltrops+1","Masterful Stab","Blade Dance","Acrobatics","Concentrate+1"],"relics":["Ring of the Snake","MealTicket","Art of War","Blood Vial"],"acts_visited":["Exordium"],"potions_floor_usage":[7,11],"damage_taken":[{"damage":2,"enemies":"Cultist","floor":1,"turns":4},{"damage":0,"enemies":"Small Slimes","floor":2,"turns":4},{"damage":0,"enemies":"2 Louse","floor":4,"turns":2},{"damage":23,"enemies":"Gremlin Nob","floor":7,"turns":4},{"damage":43,"enemies":"3 Sentries","floor":11,"turns":10}],"seed_played":"-5545683557668264494","potions_obtained":[{"floor":1,"key":"Block Potion"},{"floor":4,"key":"SpeedPotion"}],"is_trial":false,"path_per_floor":["M","M","?","M","?","R","E","T","T","R","E"],"character_chosen":"THE_SILENT","items_purchased":[],"campfire_rested":0,"item_purchase_floors":[],"current_hp_per_floor":[61,61,54,54,59,59,36,36,36,36,0,0],"gold":122,"neow_bonus":"TRANSFORM_TWO_CARDS","is_daily":false,"chose_seed":false,"campfire_upgraded":2,"win_rate":0.0,"timestamp":1609887549,"path_taken":["M","?","?","M","?","R","E","?","T","R","E"],"items_purchased_type":[],"build_version":"2020-12-22","purchased_purges":0,"victory":false,"max_hp_per_floor":[70,70,70,70,75,75,75,75,75,75,75,75],"card_choices":[{"not_picked":["Dash","Bouncing Flask"],"picked":"Masterful Stab","floor":1},{"not_picked":["Bane","Deadly Poison"],"picked":"Blade Dance","floor":2},{"not_picked":["Quick Slash","Masterful Stab"],"picked":"Acrobatics","floor":4},{"not_picked":["Deadly Poison","Poisoned Stab"],"picked":"Concentrate","floor":7}],"player_experience":87908,"relics_obtained":[{"floor":7,"key":"MealTicket"},{"floor":8,"key":"Art of War"},{"floor":9,"key":"Blood Vial"}],"event_choices":[{"cards_removed":["Strike_G"],"damage_healed":0,"gold_gain":0,"player_choice":"Card Removal","damage_taken":7,"max_hp_gain":0,"max_hp_loss":0,"event_name":"Golden Wing","floor":3,"gold_loss":0},{"damage_healed":0,"gold_gain":0,"player_choice":"Donut","damage_taken":0,"max_hp_gain":5,"max_hp_loss":0,"event_name":"Big Fish","floor":5,"gold_loss":0}],"is_beta":false,"boss_relics":[],"items_purged_floors":[],"is_endless":false,"potions_floor_spawned":[1,4],"killed_by":"3 Sentries","ascension_level":11}}