{"host":"i1h39d0gfh5c6uxl","time":1609872662,"event":{"mods":["AchievementEnabler","BaseMod","Colored Map","Colored Powertips","Highlight Path","Minty Spire (QoL Compilation)"],"gold_per_floor":[110,122,122,132,183,218,218,244,321,321,337,354,147,175,175,254,254,265,215,73,51,95,153,153,218,218,218,268,296,6,16,16,16,16],"floor_reached":33,"playtime":1511,"items_purged":["Strike_R","Strike_R","Strike_R"],"score":610,"play_id":"c6f2d885-eeea-4339-a7fd-06f278c361d9","local_time":"20210106025102","is_ascension_mode":true,"campfire_choices":[{"floor":7,"key":"REST"},{"floor":10,"key":"REST"},{"floor":15,"key":"REST"},{"data":"Armaments","floor":24,"key":"SMITH"},{"data":"Demon Form","floor":27,"key":"SMITH"},{"data":"Clothesline","floor":32,"key":"SMITH"}],"circlet_count":0,"master_deck":["AscendersBane","Strike_R","Defend_R","Defend_R","Defend_R","Defend_R","Bash","Good Instincts","Clothesline+1","Shrug It Off","Sword Boomerang","Armaments+1","Corruption","Body Slam+1","Demon Form+1","Juggernaut","HandOfGreed+1","Heavy Blade+1","Feed+1"],"relics":["Burning Blood","MealTicket","Torii","Molten Egg 2","Meat on the Bone","Membership Card","WingedGreaves","Snecko Eye","Calipers","Mummified Hand","Boot","Shuriken","Oddly Smooth Stone"],"acts_visited":["Exordium","TheCity"],"potions_floor_usage":[6,11,16,16,21,23,29],"damage_taken":[{"damage":1,"enemies":"Jaw Worm","floor":1,"turns":3},{"damage":6,"enemies":"Cultist","floor":2,"turns":3},{"damage":1,"enemies":"2 Louse","floor":4,"turns":3},{"damage":41,"enemies":"Lagavulin","floor":6,"turns":7},{"damage":48,"enemies":"Gremlin Nob","floor":8,"turns":5},{"damage":2,"enemies":"Looter","floor":11,"turns":4},{"damage":19,"enemies":"3 Louse","floor":12,"turns":5},{"damage":41,"enemies":"3 Sentries","floor":14,"turns":11},{"damage":31,"enemies":"The Guardian","floor":16,"turns":12},{"damage":23,"enemies":"Spheric Guardian","floor":18,"turns":5},{"damage":30,"enemies":"2 Thieves","floor":21,"turns":4},{"damage":0,"enemies":"Snecko","floor":22,"turns":2},{"damage":7,"enemies":"Book of Stabbing","floor":23,"turns":4},{"damage":1,"enemies":"Cultist and Chosen","floor":25,"turns":5},{"damage":19,"enemies":"Slavers","floor":29,"turns":5},{"damage":22,"enemies":"Shelled Parasite and Fungi","floor":31,"turns":4},{"damage":63,"enemies":"Collector","floor":33,"turns":6}],"seed_played":"4032668635593356670","potions_obtained":[{"floor":1,"key":"LiquidMemories"},{"floor":2,"key":"LiquidBronze"},{"floor":6,"key":"Swift Potion"},{"floor":14,"key":"GamblersBrew"},{"floor":18,"key":"Strength Potion"},{"floor":22,"key":"Strength Potion"},{"floor":23,"key":"FearPotion"}],"is_trial":false,"path_per_floor":["M","M","?","M","T","E","R","E","T","R","M","M","$","E","R","B",null,"M","?","$","M","M","E","R","M","T","R","?","E","$","M","R","B"],"character_chosen":"IRONCLAD","items_purchased":["Membership Card","HandOfGreed+1","Shuriken","Oddly Smooth Stone"],"campfire_rested":3,"item_purchase_floors":[13,20,30,30],"current_hp_per_floor":[73,73,66,71,71,36,58,16,16,38,54,53,68,45,67,54,70,53,53,68,44,50,49,49,54,54,54,54,53,68,52,52,0,0],"gold":16,"neow_bonus":"RANDOM_COLORLESS","is_daily":false,"chose_seed":false,"campfire_upgraded":3,"win_rate":0.0,"timestamp":1609872662,"path_taken":["M","M","?","M","?","E","R","E","T","R","?","M","$","E","R","BOSS","M","?","$","?","M","E","R","M","T","R","?","E","$","M","R","BOSS"],"items_purchased_type":["Relic","Card","Relic","Relic"],"build_version":"2020-12-22","purchased_purges":3,"victory":false,"max_hp_per_floor":[75,75,75,75,75,75,75,75,75,75,75,75,75,75,75,75,75,75,75,75,75,75,75,75,75,75,75,75,75,75,75,75,75,75],"card_choices":[{"not_picked":["Impatience","Finesse"],"picked":"Good Instincts","floor":0},{"not_picked":["Anger","Havoc"],"picked":"Clothesline","floor":1},{"not_picked":["Dropkick","Iron Wave"],"picked":"Shrug It Off","floor":2},{"not_picked":["Intimidate","Inflame"],"picked":"Sword Boomerang","floor":4},{"not_picked":["Thunderclap","Flex","Clash"],"picked":"SKIP","floor":6},{"not_picked":["Thunderclap+1","Sword Boomerang+1"],"picked":"Armaments","floor":8},{"not_picked":["Rupture","Metallicize"],"picked":"Corruption","floor":11},{"not_picked":["Warcry","Rage"],"picked":"Body Slam+1","floor":12},{"not_picked":["Whirlwind+1","Double Tap"],"picked":"Demon Form","floor":14},{"not_picked":["Bludgeon+1","Brutality"],"picked":"Juggernaut","floor":16},{"not_picked":["Whirlwind+1","Rupture","Inflame"],"picked":"SKIP","floor":18},{"not_picked":["Battle Trance","Havoc"],"picked":"Heavy Blade+1","floor":21},{"not_picked":["Flex","Carnage+1","Iron Wave+1"],"picked":"SKIP","floor":22},{"not_picked":["Wild Strike+1","Flex"],"picked":"Feed+1","floor":23},{"not_picked":["Flex","Perfected Strike+1","Heavy Blade+1"],"picked":"SKIP","floor":25},{"not_picked":["Wild Strike+1","Flex","Berserk"],"picked":"SKIP","floor":29},{"not_picked":["Combust","Cleave+1","Clash+1"],"picked":"SKIP","floor":31}],"player_experience":1312409,"relics_obtained":[{"floor":5,"key":"MealTicket"},{"floor":6,"key":"Torii"},{"floor":8,"key":"Molten Egg 2"},{"floor":9,"key":"Meat on the Bone"},{"floor":14,"key":"WingedGreaves"},{"floor":23,"key":"Calipers"},{"floor":26,"key":"Mummified Hand"},{"floor":29,"key":"Boot"}],"event_choices":[{"cards_removed":["Strike_R"],"damage_healed":0,"gold_gain":0,"player_choice":"Card Removal","damage_taken":7,"max_hp_gain":0,"max_hp_loss":0,"event_name":"Golden Wing","floor":3,"gold_loss":0},{"damage_healed":0,"gold_gain":0,"player_choice":"Bet on Owner","damage_taken":0,"max_hp_gain":0,"max_hp_loss":0,"event_name":"The Joust","floor":19,"gold_loss":50},{"damage_healed":0,"gold_gain":50,"player_choice":"Stole From Cult","damage_taken":0,"max_hp_gain":0,"max_hp_loss":0,"event_name":"Nest","floor":28,"gold_loss":0}],"is_beta":false,"boss_relics":[{"not_picked":["SacredBark","Fusion Hammer"],"picked":"Snecko Eye"}],"items_purged_floors":[13,20,30],"is_endless":false,"potions_floor_spawned":[1,2,6,14,18,22,23],"killed_by":"Collector","ascension_level":20}}