{"host":"474oh00kq6ni8dn3","time":1609857365,"event":{"mods":["AchievementEnabler","Aspiration","BaseMod","Bestiary","Colored Map","Colored Powertips","Conspire","Custom Start","Defuse TimeMaze Blight","Downfall","Duelist Mod","GifTheSpireLib","Googly Eyes","GungeonMod","Halation","Hubris","Infinite Spire","Jedi Mod","Minty Spire (QoL Compilation)","Permanent Neow","Quick Restart","Random Character Button","Replay The Spire","Shop Mod","StSLib","Stuff the Spire","The Construct","The Factory","The Jungle","Trackpad","Unceasing Turn Reminder","vexMod"],"gold_per_floor":[142,142,142,142,154,185,185],"floor_reached":6,"playtime":202,"items_purged":[],"score":79,"play_id":"ed8f0718-1729-426d-a6ff-2f9c4aa8c5ba","local_time":"20210105143605","is_ascension_mode":true,"campfire_choices":[],"circlet_count":0,"master_deck":["theDuelist:CastleWalls","theDuelist:CastleWalls","theDuelist:DarkMagician","theDuelist:MysticalElf","theDuelist:MysticalElf","theDuelist:NeoMagic","theDuelist:NeoMagic","theDuelist:Sparks","theDuelist:Sparks","theDuelist:Sparks","theDuelist:RainbowDarkDragon+1","theDuelist:SkilledDarkMagician"],"relics":["theDuelist:MillenniumPuzzle","theDuelist:CardPoolRelic","theDuelist:CardPoolBasicRelic","theDuelist:BoosterPackPoolRelic","theDuelist:CardPoolAddRelic","theDuelist:CardPoolMinusRelic","theDuelist:CardPoolSaveRelic","theDuelist:CardPoolOptionsRelic","Replay:Mystery Machine","DemoMod:GlassGuonStoneRelic","StuffTheSpire:CocoNut","theDuelist:AeroRelic"],"acts_visited":["Exordium"],"potions_floor_usage":[6],"damage_taken":[{"damage":0,"enemies":"Small Slimes","floor":1,"turns":3},{"damage":0,"enemies":"2 Louse","floor":5,"turns":2},{"damage":0,"enemies":"3 Sentries","floor":6,"turns":4}],"seed_played":"-3649020004776472320","potions_obtained":[{"floor":1,"key":"Block Potion"},{"floor":5,"key":"Elixir"}],"is_trial":false,"path_per_floor":["M","?","?","?","M","E"],"character_chosen":"THE_DUELIST","items_purchased":[],"campfire_rested":0,"item_purchase_floors":[],"current_hp_per_floor":[80,85,85,85,85,85,85],"gold":185,"neow_bonus":"RANDOM_COMMON_RELIC","is_daily":false,"chose_seed":false,"campfire_upgraded":0,"win_rate":0.0,"timestamp":1609857365,"path_taken":["M","?","?","?","M","E"],"items_purchased_type":[],"build_version":"2020-12-22","purchased_purges":0,"victory":false,"max_hp_per_floor":[80,85,85,92,92,92,92],"card_choices":[{"not_picked":["theDuelist:IrisEarthMother","theDuelist:RainbowMagician","theDuelist:RainbowKuriboh","theDuelist:RainbowOverdragon"],"picked":"theDuelist:RainbowDarkDragon","floor":1},{"not_picked":["theDuelist:BlizzardWarrior","theDuelist:SangaThunder","theDuelist:NeoMagic","theDuelist:DarkMagician"],"picked":"theDuelist:SkilledDarkMagician","floor":5}],"player_experience":81133,"relics_obtained":[{"floor":6,"key":"theDuelist:AeroRelic"}],"event_choices":[{"damage_healed":0,"gold_gain":0,"player_choice":"Donut","damage_taken":0,"max_hp_gain":5,"max_hp_loss":0,"event_name":"Big Fish","floor":2,"gold_loss":0},{"damage_healed":0,"gold_gain":0,"player_choice":"Success","damage_taken":7,"relics_obtained":["StuffTheSpire:CocoNut"],"max_hp_gain":0,"max_hp_loss":0,"event_name":"Scrap Ooze","floor":4,"gold_loss":0}],"is_beta":false,"boss_relics":[],"items_purged_floors":[],"is_endless":false,"potions_floor_spawned":[1,5],"killed_by":"3 Sentries","ascension_level":3}}