{"host":"5fasz840ryq7obdf","time":1609886463,"event":{"mods":["2.2 Compatiblity","AchievementEnabler","BaseMod","Bestiary","Better Altar","Better Skull","Better Third Choice","BetterRewards","Block Reminder","Colored Powertips","Curses Come First","Downfall","Minty Spire (QoL Compilation)","Quick Restart","Relic Sorter","Relic Stats","Shop Mod","Spicy Shops","StSLib","SuperFastMode","ojb\u0027s Better Paths Mod","ojb\u0027s Info Mod"],"gold_per_floor":[99,114,169,344,33,48,48,48,78,153,168,198,48,63,78,178,178,178,193,208,223,223,223,298,328,113,113,128,143,143,158,173,273,273,273,288,303,318,10,40,90,35,50,50,65,65,80,11,26,26],"floor_reached":51,"playtime":14118,"items_purged":[],"score":988,"play_id":"f230c248-d816-414e-a0f5-099f1e24522e","local_time":"20210105224103","daily_mods":["Specialized","Hoarder","downfall:WorldOfGoo"],"is_ascension_mode":false,"campfire_choices":[{"data":"Bash","floor":1.0,"key":"SMITH"},{"floor":8.0,"key":"RECALL"},{"data":"Corruption","floor":13.0,"key":"SMITH"},{"data":"Fire Breathing","floor":18.0,"key":"SMITH"},{"data":"True Grit","floor":27.0,"key":"SMITH"},{"data":"Intimidate","floor":35.0,"key":"SMITH"},{"data":"Dark Embrace","floor":44,"key":"SMITH"},{"data":"Dark Embrace","floor":46,"key":"SMITH"}],"circlet_count":0,"master_deck":["Strike_R+1","Strike_R+1","Strike_R+1","Strike_R+1","Strike_R+1","Defend_R+1","Defend_R+1","Defend_R+1","Defend_R+1","Bash+1","Pommel Strike","Pommel Strike","Pommel Strike","Pommel Strike","Pommel Strike","Pommel Strike","Pommel Strike","Pommel Strike","Pommel Strike","Pommel Strike","Pommel Strike","Pommel Strike","Pommel Strike","Pommel Strike","Corruption","Corruption+1","Corruption","Doubt","Doubt","Doubt","Fire Breathing+1","Fire Breathing","Fire Breathing","Feel No Pain","Feel No Pain","Feel No Pain","True Grit+1","True Grit","True Grit","Seeing Red","Seeing Red","Seeing Red","Offering","Offering","Offering","Armaments+1","Armaments+1","Armaments+1","Evolve","Evolve","Evolve","Sentinel","Sentinel","Sentinel","Intimidate","Intimidate+1","Intimidate","Demon Form","Demon Form","Demon Form","Juggernaut","Juggernaut","Juggernaut","Warcry+1","Warcry+1","Warcry+1","expansioncontent:CaCaw","expansioncontent:CaCaw","expansioncontent:CaCaw","Dark Embrace","Dark Embrace+1","Dark Embrace+1","Body Slam","Body Slam","Body Slam","Offering","Offering","Offering","Shockwave","Shockwave","Shockwave"],"relics":["Burning Blood","Nunchaku","Membership Card","Medical Kit","White Beast Statue","Paper Frog","Eternal Feather","sneckomod:BlankCard","downfall:HeartBlessingRed","downfall:HeartBlessingGreen","Sozu","Matryoshka","Oddly Smooth Stone","Kunai","OrangePellets","Philosopher\u0027s Stone","InkBottle","Letter Opener","Centennial Puzzle","Blood Vial","StrikeDummy","Shuriken","Bag of Marbles","ClockworkSouvenir","Du-Vu Doll"],"acts_visited":["Exordium","TheCity","TheBeyond"],"potions_floor_usage":[],"damage_taken":[{"damage":0.0,"enemies":"Small Slimes","floor":2.0,"turns":2.0},{"damage":32.0,"enemies":"Lagavulin Event","floor":3.0,"turns":5.0},{"damage":5.0,"enemies":"downfall:FleeingMerchant","floor":5.0,"turns":4.0},{"damage":18.0,"enemies":"Jaw Worm","floor":6.0,"turns":4.0},{"damage":28.0,"enemies":"Gremlin Nob","floor":9.0,"turns":5.0},{"damage":0.0,"enemies":"2 Louse","floor":11.0,"turns":2.0},{"damage":20.0,"enemies":"3 Sentries","floor":12.0,"turns":7.0},{"damage":0.0,"enemies":"Exordium Wildlife","floor":14.0,"turns":2.0},{"damage":5.0,"enemies":"3 Louse","floor":15.0,"turns":2.0},{"damage":26.0,"enemies":"downfall:Ironclad","floor":16.0,"turns":6.0},{"damage":12.0,"enemies":"Shell Parasite","floor":19.0,"turns":4.0},{"damage":8.0,"enemies":"Cultist and Chosen","floor":20.0,"turns":5.0},{"damage":30.0,"enemies":"Centurion and Healer","floor":21.0,"turns":5.0},{"damage":6.0,"enemies":"Book of Stabbing","floor":25.0,"turns":4.0},{"damage":12.0,"enemies":"downfall:FleeingMerchant","floor":26.0,"turns":4.0},{"damage":14.0,"enemies":"Sentry and Sphere","floor":28.0,"turns":4.0},{"damage":33.0,"enemies":"Snake Plant","floor":29.0,"turns":3.0},{"damage":18.0,"enemies":"Shelled Parasite and Fungi","floor":31.0,"turns":6.0},{"damage":0.0,"enemies":"Snecko","floor":32.0,"turns":4.0},{"damage":18.0,"enemies":"downfall:Defect","floor":33.0,"turns":7.0},{"damage":12.0,"enemies":"Orb Walker","floor":36.0,"turns":2.0},{"damage":35.0,"enemies":"3 Shapes","floor":37.0,"turns":3.0},{"damage":7.0,"enemies":"Spire Growth","floor":38.0,"turns":5.0},{"damage":30.0,"enemies":"downfall:FleeingMerchant","floor":39.0,"turns":4.0},{"damage":6.0,"enemies":"Reptomancer","floor":40.0,"turns":4.0},{"damage":14.0,"enemies":"downfall:FleeingMerchant","floor":42.0,"turns":3.0},{"damage":6,"enemies":"3 Darklings","floor":43,"turns":3},{"damage":6,"enemies":"Sphere and 2 Shapes","floor":45,"turns":2},{"damage":8,"enemies":"Writhing Mass","floor":47,"turns":4},{"damage":18,"enemies":"3 Darklings","floor":49,"turns":1},{"damage":14,"enemies":"downfall:Silent","floor":50,"turns":4}],"seed_played":"-8136925521176778862","potions_obtained":[{"floor":6.0,"key":"PowerPotion"},{"floor":9.0,"key":"SteroidPotion"},{"floor":11.0,"key":"Weak Potion"},{"floor":12.0,"key":"LiquidBronze"},{"floor":14.0,"key":"DuplicationPotion"},{"floor":16.0,"key":"Dexterity Potion"}],"is_trial":false,"path_per_floor":["R","M","?","?","$","M","T","R","E","T","M","E","R","M","M","B",null,"R","M","M","M","?","?","T","E","$","R","M","M","?","M","M","B",null,"R","M","M","M","$","E","T","$","M","R","M","R","M","$","M","B",null],"character_chosen":"IRONCLAD","items_purchased":["Membership Card","Feel No Pain","Medical Kit","Kunai","OrangePellets","InkBottle","expansioncontent:CaCaw","Letter Opener","StrikeDummy","Shuriken","Bag of Marbles","ClockworkSouvenir","Du-Vu Doll","Body Slam","Offering"],"campfire_rested":0,"item_purchase_floors":[5,5,5,26,26,39,39,39,42,42,42,42,48,48,48],"current_hp_per_floor":[80,80,54,54,55,43,43,43,21,21,27,13,37,43,44,24,80,80,74,72,48,48,48,48,48,42,69,61,34,34,22,28,16,80,80,74,45,44,20,20,20,14,16,58,60,80,78,78,68,62],"gold":26,"neow_bonus":"","is_daily":true,"chose_seed":false,"campfire_upgraded":7,"win_rate":0.0,"timestamp":1609886463,"path_taken":["R","M","?","?","$","M","T","R","E","?","M","E","R","M","M","BOSS","R","M","M","M","?","?","T","E","?","R","M","M","?","M","M","BOSS","R","M","M","?","$","E","T","$","M","R","M","R","M","?","M","BOSS"],"items_purchased_type":["Relic","Card","Relic","Relic","Relic","Relic","Card","Relic","Relic","Relic","Relic","Relic","Relic","Card","Card"],"build_version":"2020-12-22","purchased_purges":0,"victory":true,"max_hp_per_floor":[80,80,80,80,80,80,80,80,80,80,80,80,80,80,80,80,80,80,80,80,80,80,80,80,80,80,80,80,80,80,80,80,80,80,80,80,80,80,80,80,80,80,80,80,80,80,80,80,80,80],"relic_stats":{"counters":[31,120],"Eternal Feather":113,"Letter Opener":[158],"Medical Kit":[1],"Burning Blood":180,"Sozu":20,"Blood Vial":10,"OrangePellets":[24],"Nunchaku":[25],"Centennial Puzzle":[18],"Shuriken":[5],"Kunai":[26],"obtain_stats":[{"sneckomod:BlankCard":12,"downfall:HeartBlessingGreen":13,"Burning Blood":0,"ClockworkSouvenir":42,"Sozu":17,"Blood Vial":41,"Nunchaku":3,"Centennial Puzzle":40,"Matryoshka":24,"Philosopher\u0027s Stone":34,"Kunai":26,"InkBottle":39,"Paper Frog":9,"downfall:HeartBlessingRed":13,"Oddly Smooth Stone":25,"Eternal Feather":10,"Letter Opener":39,"Medical Kit":5,"White Beast Statue":7,"Du-Vu Doll":48,"OrangePellets":26,"Shuriken":42,"Bag of Marbles":42,"Membership Card":5,"StrikeDummy":42},{"sneckomod:BlankCard":7,"downfall:HeartBlessingGreen":7,"Burning Blood":0,"ClockworkSouvenir":26,"Sozu":10,"Blood Vial":25,"Nunchaku":2,"Centennial Puzzle":25,"Matryoshka":13,"Philosopher\u0027s Stone":20,"Kunai":15,"InkBottle":24,"Paper Frog":5,"downfall:HeartBlessingRed":7,"Oddly Smooth Stone":14,"Eternal Feather":5,"Letter Opener":24,"Medical Kit":3,"White Beast Statue":4,"Du-Vu Doll":29,"OrangePellets":15,"Shuriken":26,"Bag of Marbles":26,"Membership Card":3,"StrikeDummy":26},{"sneckomod:BlankCard":29,"downfall:HeartBlessingGreen":29,"Burning Blood":0,"ClockworkSouvenir":106,"Sozu":39,"Blood Vial":103,"Nunchaku":7,"Centennial Puzzle":103,"Matryoshka":53,"Philosopher\u0027s Stone":85,"Kunai":61,"InkBottle":99,"Paper Frog":20,"downfall:HeartBlessingRed":29,"Oddly Smooth Stone":57,"Eternal Feather":20,"Letter Opener":99,"Medical Kit":11,"White Beast Statue":15,"Du-Vu Doll":115,"OrangePellets":61,"Shuriken":106,"Bag of Marbles":106,"Membership Card":11,"StrikeDummy":106}],"InkBottle":[16]},"card_choices":[{"not_picked":["Iron Wave","Havoc","Wild Strike"],"picked":"SKIP","floor":2.0},{"not_picked":["Blood for Blood","Twin Strike"],"picked":"Corruption","floor":3.0},{"not_picked":["Dual Wield","Searing Blow"],"picked":"Fire Breathing","floor":5.0},{"not_picked":["Clash","Perfected Strike","Sever Soul"],"picked":"SKIP","floor":6.0},{"not_picked":["Flame Barrier","Hemokinesis"],"picked":"True Grit","floor":9.0},{"not_picked":["Headbutt","Uppercut","Inflame"],"picked":"SKIP","floor":11.0},{"not_picked":["Intimidate","Havoc"],"picked":"Seeing Red","floor":12.0},{"not_picked":["Clash","True Grit","Headbutt"],"picked":"SKIP","floor":14.0},{"not_picked":["Clash","Uppercut","Searing Blow"],"picked":"SKIP","floor":15.0},{"not_picked":["Double Tap","Reaper"],"picked":"Offering","floor":16.0},{"not_picked":["Burning Pact","Pommel Strike"],"picked":"Armaments+1","floor":19.0},{"not_picked":["Second Wind","Combust","Wild Strike+1"],"picked":"SKIP","floor":20.0},{"not_picked":["Rage","Entrench","Blood for Blood"],"picked":"SKIP","floor":21.0},{"not_picked":["Twin Strike","Wild Strike","Headbutt"],"picked":"SKIP","floor":25.0},{"not_picked":["Flame Barrier","Feel No Pain","Burning Pact"],"picked":"SKIP","floor":26.0},{"not_picked":["Clash","Shrug It Off"],"picked":"Evolve","floor":28.0},{"not_picked":["Sword Boomerang+1","Headbutt+1","Iron Wave"],"picked":"SKIP","floor":29.0},{"not_picked":["True Grit+1","Headbutt"],"picked":"Intimidate","floor":31.0},{"not_picked":["True Grit","Sword Boomerang+1"],"picked":"Demon Form","floor":32.0},{"not_picked":["Exhume","Reaper"],"picked":"Juggernaut","floor":33.0},{"not_picked":["Feel No Pain+1","Cleave+1","Thunderclap"],"picked":"SKIP","floor":36.0},{"not_picked":["Wild Strike","Sword Boomerang"],"picked":"Warcry+1","floor":37.0},{"not_picked":["Twin Strike","Warcry","Armaments"],"picked":"SKIP","floor":38.0},{"not_picked":["Shockwave","Cleave+1","Carnage+1"],"picked":"SKIP","floor":39.0},{"not_picked":["Shockwave","Hemokinesis+1","Intimidate+1"],"picked":"SKIP","floor":40.0},{"not_picked":["Twin Strike+1","Evolve"],"picked":"Dark Embrace","floor":42.0},{"not_picked":["Combust+1","Warcry","Twin Strike"],"picked":"SKIP","floor":43},{"not_picked":["Battle Trance+1","Flex","Fire Breathing+1"],"picked":"SKIP","floor":45},{"not_picked":["Dark Embrace+1","Wild Strike","Rage"],"picked":"SKIP","floor":47},{"not_picked":["Pommel Strike+1","Twin Strike"],"picked":"Shockwave","floor":49}],"player_experience":1532980,"relics_obtained":[{"floor":3.0,"key":"Nunchaku"},{"floor":7.0,"key":"White Beast Statue"},{"floor":9.0,"key":"Paper Frog"},{"floor":10.0,"key":"Eternal Feather"},{"floor":12.0,"key":"sneckomod:BlankCard"},{"floor":24.0,"key":"Matryoshka"},{"floor":25.0,"key":"Oddly Smooth Stone"},{"floor":40.0,"key":"Centennial Puzzle"},{"floor":41.0,"key":"Blood Vial"}],"event_choices":[{"damage_healed":0.0,"max_hp_gain":0.0,"max_hp_loss":9.0,"gold_gain":0.0,"event_name":"betterThird:BetterWriting","player_choice":"Simplicity","floor":22.0,"gold_loss":0.0,"damage_taken":0.0},{"damage_healed":0.0,"max_hp_gain":0.0,"max_hp_loss":0.0,"gold_gain":0.0,"event_name":"Vampires","player_choice":"Ignored","floor":23.0,"gold_loss":0.0,"damage_taken":0.0},{"damage_healed":0.0,"max_hp_gain":0.0,"max_hp_loss":0.0,"gold_gain":0.0,"cards_transformed":["Pommel Strike"],"event_name":"Transmorgrifier","player_choice":"Transformed","floor":30.0,"gold_loss":0.0,"damage_taken":0.0,"cards_obtained":["Sentinel"]}],"is_beta":false,"boss_relics":[{"not_picked":["Runic Dome","downfall:Hecktoplasm"],"picked":"Sozu"},{"not_picked":["Pandora\u0027s Box","SlaversCollar"],"picked":"Philosopher\u0027s Stone"}],"items_purged_floors":[],"is_endless":false,"potions_floor_spawned":[6,9,11,12,14,15,16,19,20,21,25,26,28,29,31,32,33,36,37,38,39,40,42,43,45,47,49],"ascension_level":0}}