{"host":"7t8rqoeeopyy0nh0","time":1609843952,"event":{"mods":["AchievementEnabler","BaseMod","Better Third Choice","BetterRewards","Colored Map","Colored Powertips","Conspire","Downfall","Hubris","Infinite Spire","Minty Spire (QoL Compilation)","Permanent Neow","Quick Restart","Rare Cards Sparkle","Replay The Spire","StSLib","The Jungle","The Servant 0.9.4"],"gold_per_floor":[114,114,133,146,157,157,30,30,30,30,30,58,78,78,78],"floor_reached":14,"playtime":375,"items_purged":["Strike_G"],"score":144,"play_id":"5d2a64f9-5a92-465c-8977-ce0a52097729","local_time":"20210105055232","is_ascension_mode":true,"campfire_choices":[{"data":"Neutralize","floor":6,"key":"SMITH"},{"data":"All Out Attack","floor":8,"key":"SMITH"},{"data":"Quick Slash","floor":10,"key":"SMITH"}],"circlet_count":0,"master_deck":["AscendersBane","Strike_G","Strike_G","Strike_G","Strike_G","Defend_G","Defend_G","Defend_G","Defend_G","Defend_G","Survivor","Neutralize+1","All Out Attack+1","Backflip","Quick Slash+1","PiercingWail","Corpse Explosion","Poisoned Stab"],"relics":["conspire:SlowCooker","Replay:Bottled Steam","Ice Cream"],"acts_visited":["Exordium"],"potions_floor_usage":[4,12],"damage_taken":[{"damage":9,"enemies":"Cultist","floor":1,"turns":6},{"damage":6,"enemies":"2 Louse","floor":3,"turns":3},{"damage":12,"enemies":"Jaw Worm","floor":4,"turns":4},{"damage":17,"enemies":"Exordium Wildlife","floor":5,"turns":6},{"damage":9,"enemies":"Lagavulin","floor":12,"turns":7},{"damage":8,"enemies":"Exordium Thugs","floor":13,"turns":3},{"damage":19,"enemies":"3 Sentries","floor":14,"turns":2}],"seed_played":"-3825030029507165856","potions_obtained":[{"floor":1,"key":"CunningPotion"},{"floor":5,"key":"SteroidPotion"},{"floor":12,"key":"Elixir"}],"is_trial":false,"path_per_floor":["M","?","M","M","M","R","$","R","T","R","$","E","M","E"],"character_chosen":"THE_SILENT","items_purchased":["PiercingWail"],"campfire_rested":0,"item_purchase_floors":[7],"current_hp_per_floor":[54,70,64,52,35,35,35,35,35,35,35,26,18,0,0],"gold":78,"neow_bonus":"BOSS_RELIC","is_daily":false,"chose_seed":false,"campfire_upgraded":3,"win_rate":0.0,"timestamp":1609843952,"path_taken":["M","?","M","M","M","R","$","R","T","R","$","E","M","E"],"items_purchased_type":["Card"],"build_version":"2020-12-22","purchased_purges":1,"victory":false,"max_hp_per_floor":[70,70,70,70,70,70,70,70,70,70,70,70,70,70,70],"card_choices":[{"not_picked":["hubris:SlightOfHand","Dodge and Roll"],"picked":"All Out Attack","floor":1},{"not_picked":["Skewer","Calculated Gamble"],"picked":"Backflip","floor":3},{"not_picked":["Hidden Blade","Dagger Spray"],"picked":"Quick Slash","floor":4},{"not_picked":["Finisher","Underhanded Strike","Bane"],"picked":"SKIP","floor":5},{"not_picked":["Quick Slash","Poisoned Stab"],"picked":"Corpse Explosion","floor":12},{"not_picked":["Hidden Blade","Distraction"],"picked":"Poisoned Stab","floor":13}],"player_experience":388171,"relics_obtained":[{"floor":9,"key":"Replay:Bottled Steam"},{"floor":12,"key":"Ice Cream"}],"event_choices":[{"damage_healed":16,"gold_gain":0,"player_choice":"Full Heal","damage_taken":0,"max_hp_gain":0,"max_hp_loss":0,"event_name":"Wheel of Change","floor":2,"gold_loss":0}],"is_beta":false,"boss_relics":[],"items_purged_floors":[7],"is_endless":false,"potions_floor_spawned":[1,5,12],"killed_by":"3 Sentries","ascension_level":12}}