{"host":"ryuep8ewa00k39z9","time":1609816764,"event":{"mods":["AchievementEnabler","BaseMod","Best Route Mod","Colored Map","Colored Powertips","Displayed Cursed Tome","Highlight Path","Minty Spire (QoL Compilation)","Quick Restart","SuperFastMode"],"gold_per_floor":[119,42,7,7,7,48,60,90,102,114,64,98,98,116,116,116,116],"floor_reached":16,"playtime":8805,"items_purged":[],"score":148,"play_id":"d3fbed03-7689-4a1a-8db4-396415dddfb8","local_time":"20210104211924","is_ascension_mode":true,"campfire_choices":[{"floor":7.0,"key":"REST"},{"data":"Meteor Strike","floor":10,"key":"SMITH"},{"floor":13,"key":"REST"},{"floor":15,"key":"REST"}],"circlet_count":0,"master_deck":["Strike_B","Strike_B","Strike_B","Defend_B","Defend_B","Defend_B","Defend_B","Zap","Dualcast","Capacitor","Loop","Regret","Meteor Strike+1","Darkness"],"relics":["Black Star","MawBank","Gambling Chip","Symbiotic Virus","CeramicFish","Gremlin Horn","Singing Bowl"],"acts_visited":["Exordium"],"potions_floor_usage":[8],"damage_taken":[{"damage":7.0,"enemies":"2 Louse","floor":1.0,"turns":3.0},{"damage":48.0,"enemies":"Gremlin Nob","floor":6.0,"turns":5.0},{"damage":0,"enemies":"Jaw Worm","floor":8,"turns":2},{"damage":40,"enemies":"Lagavulin","floor":12,"turns":6},{"damage":9,"enemies":"Small Slimes","floor":14,"turns":3},{"damage":42,"enemies":"Hexaghost","floor":16,"turns":8}],"seed_played":"9087727104129219068","potions_obtained":[{"floor":1.0,"key":"FocusPotion"},{"floor":6.0,"key":"Block Potion"}],"is_trial":false,"path_per_floor":["M","$","?","?","?","E","R","M","T","R","$","E","R","M","R","B"],"character_chosen":"DEFECT","items_purchased":["Loop","Darkness"],"campfire_rested":3,"item_purchase_floors":[2,11],"current_hp_per_floor":[61,61,75,75,75,27,49,49,49,49,49,11,34,27,50,8,8],"gold":116,"neow_bonus":"BOSS_RELIC","is_daily":false,"chose_seed":false,"campfire_upgraded":1,"win_rate":0.0,"timestamp":1609816764,"path_taken":["M","$","?","?","?","E","R","M","T","R","$","E","R","M","R","BOSS"],"items_purchased_type":["Card","Card"],"build_version":"2020-12-22","purchased_purges":0,"victory":false,"max_hp_per_floor":[75,75,75,75,75,75,75,75,75,75,75,77,77,79,79,79,79],"card_choices":[{"not_picked":["Genetic Algorithm","Coolheaded"],"picked":"Capacitor","floor":1.0},{"not_picked":["Glacier","Force Field"],"picked":"Meteor Strike","floor":6.0},{"not_picked":["Go for the Eyes","Reprogram","Cold Snap"],"picked":"SKIP","floor":8},{"not_picked":["Recycle","Rebound","Genetic Algorithm"],"picked":"Singing Bowl","floor":12},{"not_picked":["Genetic Algorithm","Reprogram","Beam Cell"],"picked":"Singing Bowl","floor":14}],"player_experience":3905337,"relics_obtained":[{"floor":6.0,"key":"Gambling Chip"},{"floor":6.0,"key":"Symbiotic Virus"},{"floor":9,"key":"CeramicFish"},{"floor":12,"key":"Gremlin Horn"},{"floor":12,"key":"Singing Bowl"}],"event_choices":[{"damage_healed":18.0,"max_hp_gain":0.0,"max_hp_loss":0.0,"gold_gain":0.0,"event_name":"The Cleric","player_choice":"Healed","floor":3.0,"gold_loss":35.0,"damage_taken":0.0},{"cards_removed":["Strike_B"],"damage_healed":0.0,"max_hp_gain":0.0,"max_hp_loss":0.0,"gold_gain":0.0,"event_name":"Living Wall","player_choice":"Forget","floor":4.0,"gold_loss":0.0,"damage_taken":0.0},{"damage_healed":0.0,"max_hp_gain":0.0,"max_hp_loss":0.0,"gold_gain":0.0,"event_name":"Big Fish","player_choice":"Box","floor":5.0,"gold_loss":0.0,"damage_taken":0.0,"relics_obtained":["MawBank"],"cards_obtained":["Regret"]}],"is_beta":false,"boss_relics":[],"items_purged_floors":[],"is_endless":false,"potions_floor_spawned":[1,6],"killed_by":"Hexaghost","ascension_level":8}}