{"host":"3iouabftir4t7z56","time":1609810658,"event":{"mods":["2.2 Compatiblity","Act Like it!","BaseMod","Colored Map","Hallownest","Minty Spire (QoL Compilation)","StSLib","The Bug Knight"],"gold_per_floor":[116,135,60,73,73,73,89,89,89,89,14,33,73,91,91,191,191,205,145,70,88,540,540,540],"floor_reached":23,"playtime":1302,"items_purged":["HollowMod:NailStrikeStart","HollowMod:NailStrikeStart"],"score":181,"play_id":"c0d51ae8-2299-41c3-8340-a2efe671aa91","local_time":"20210105023738","is_ascension_mode":false,"campfire_choices":[{"data":"HollowMod:GreatSlash","floor":6,"key":"SMITH"},{"data":"HollowMod:ShadowDash","floor":8,"key":"SMITH"},{"data":"HollowMod:WraithStrike","floor":10,"key":"SMITH"},{"data":"HollowMod:FocusHealStart","floor":15,"key":"SMITH"}],"circlet_count":0,"master_deck":["HollowMod:NailStrikeStart","HollowMod:NailStrikeStart","HollowMod:QuickDashStart","HollowMod:QuickDashStart","HollowMod:QuickDashStart","HollowMod:QuickDashStart","HollowMod:FocusHealStart+1","HollowMod:PogoStrike","HollowMod:GreatSlash+1","HollowMod:CycloneSlash","Bandage Up","HollowMod:WraithStrike+1","HollowMod:ShadowDash+1","HollowMod:BrokenVessel","HollowMod:SoulMaster"],"relics":["HollowMod:VesselMask","Boot","Velvet Choker"],"acts_visited":["Hallownest:Greenpath","Hallownest:CityofTears"],"potions_floor_usage":[16,16,16],"damage_taken":[{"damage":4,"enemies":"Hallownest:monsterHuskGuard","floor":1,"turns":4},{"damage":0,"enemies":"Hallownest:2_MossCreeps","floor":2,"turns":3},{"damage":1,"enemies":"Hallownest:2_Tiktiks_and_1_Crawlid","floor":4,"turns":2},{"damage":0,"enemies":"Hallownest:monsterMossCharger","floor":7,"turns":4},{"damage":3,"enemies":"Hallownest:1_Ooma_and_2_Uuma","floor":12,"turns":3},{"damage":4,"enemies":"Hallownest:1_Baldur_1_Crawlid_1_Warrior","floor":14,"turns":3},{"damage":31,"enemies":"Hallownest:BossFalseKnight","floor":16,"turns":11},{"damage":13,"enemies":"Hallownest:Flukemon_and_Top","floor":18,"turns":5},{"damage":22,"enemies":"Hallownest:Guard_and_Sentry","floor":21,"turns":5},{"damage":73,"enemies":"Hallownest:eliteWatcherKnight","floor":23,"turns":11}],"seed_played":"-807902277838693467","potions_obtained":[{"floor":1,"key":"Block Potion"},{"floor":12,"key":"Weak Potion"},{"floor":14,"key":"FearPotion"},{"floor":21,"key":"LiquidMemories"}],"is_trial":false,"path_per_floor":["M","M","$","M","?","R","M","R","T","R","?","M","$","M","R","B",null,"M","$","?","M","?","E"],"character_chosen":"THE_BUGKNIGHT","items_purchased":[],"campfire_rested":0,"item_purchase_floors":[],"current_hp_per_floor":[75,75,75,74,74,74,75,75,75,75,75,75,75,75,75,58,75,66,66,71,53,53,0,0],"gold":540,"neow_bonus":"RANDOM_COMMON_RELIC","is_daily":false,"chose_seed":false,"campfire_upgraded":4,"win_rate":0.0,"timestamp":1609810658,"path_taken":["M","M","$","M","?","R","M","R","T","R","?","M","$","M","R","BOSS","M","$","?","M","?","E"],"items_purchased_type":[],"build_version":"2020-12-22","purchased_purges":2,"victory":false,"max_hp_per_floor":[75,75,75,75,75,75,75,75,75,75,75,75,75,75,75,75,75,75,75,80,80,80,80,80],"card_choices":[{"not_picked":["HollowMod:HowlingWraiths","HollowMod:DoubleDash"],"picked":"HollowMod:GreatSlash","floor":1},{"not_picked":["HollowMod:LifebloodCocoon","HollowMod:VengefulVoid"],"picked":"HollowMod:CycloneSlash","floor":2},{"not_picked":["HollowMod:TaintedHusks","HollowMod:NewJinnsSoul","HollowMod:QuirrelsAssistance"],"picked":"SKIP","floor":4},{"not_picked":["Purity","Flash of Steel"],"picked":"Bandage Up","floor":5},{"not_picked":["HollowMod:FastStrike","HollowMod:HeavyBlow"],"picked":"HollowMod:WraithStrike","floor":5},{"not_picked":["HollowMod:HeavyBlow","HollowMod:SiblingsSouls"],"picked":"HollowMod:ShadowDash","floor":7},{"not_picked":["HollowMod:MidwifesHunger","HollowMod:CycloneSlash","HollowMod:BrokenVessel"],"picked":"SKIP","floor":12},{"not_picked":["HollowMod:MidwifesHunger","HollowMod:CycloneSlash"],"picked":"HollowMod:BrokenVessel","floor":12},{"not_picked":["HollowMod:SiblingsSouls","HollowMod:LuriensSpire","HollowMod:SoulSplash"],"picked":"SKIP","floor":14},{"not_picked":["HollowMod:ZotesMagnificence","HollowMod:LifebloodCore"],"picked":"HollowMod:SoulMaster","floor":16},{"not_picked":["HollowMod:NewLittleFool","HollowMod:TaintedHusks+1","HollowMod:QuirrelsAssistance+1"],"picked":"SKIP","floor":18},{"not_picked":["HollowMod:CornifersMapStart+1","HollowMod:SiblingsSouls","HollowMod:CycloneSlash"],"picked":"SKIP","floor":21}],"player_experience":618053,"relics_obtained":[],"event_choices":[],"is_beta":false,"boss_relics":[{"not_picked":["Cursed Key","Fusion Hammer"],"picked":"Velvet Choker"}],"items_purged_floors":[3,19],"is_endless":false,"potions_floor_spawned":[1,12,14,21],"killed_by":"Hallownest:eliteWatcherKnight","ascension_level":0}}