{"host":"xzhcbzki9vvz8ft5","time":1609882196,"event":{"mods":["AchievementEnabler","Act Like it!","BaseMod","Downfall","Hallownest","Hermit","Hubris","Jorbs\u0027s Wanderer Trilogy","Minty Spire (QoL Compilation)","Replay The Spire","StSLib","The Blackbeard","The Bug Knight","The Construct","The Cursed","The Disciple","The Hierophant","The Jungle","The Marked","The Mystic","The Necromancer","The Poker Player","The Saiyan","The Servant 0.9.4"],"gold_per_floor":[112,112,127,127,47,47,80,80,103,123,63,63,63,78,78,98,98,217,217,232,44,44,64,64,108,127,162,162,162,162,162,212,212],"floor_reached":32,"playtime":5214,"items_purged":[],"score":300,"play_id":"5063083a-d778-43ea-ba3d-0595c5ac3cdb","local_time":"20210105162956","is_ascension_mode":false,"campfire_choices":[{"floor":6,"key":"RECALL"},{"data":"theMarked:EmpowerWeapon","floor":8,"key":"SMITH"},{"data":"theMarked:SoldierOfQuellstein","floor":17,"key":"SMITH"},{"data":"theMarked:EmpowerWeapon","floor":31,"key":"SMITH"}],"circlet_count":0,"master_deck":["theMarked:Defend","theMarked:Defend","theMarked:Defend","theMarked:Defend","theMarked:SoldierOfQuellstein+1","theMarked:Aftermath","theMarked:SummonStrength","theMarked:DeterminationOfTheMarked","theMarked:EmpowerWeapon+1","theMarked:Frustration","theMarked:Indomitable","theMarked:PowerFlow+1","theMarked:WastefulAttack","theMarked:BanishingStrike","theMarked:Levitate","theMarked:SwordAndMagic","theMarked:Overcharge","theMarked:ShockingTouch","Slimebound:Tackle+1","Slimebound:Tackle+1","Slimebound:Tackle+1","theMarked:EmpowerWeapon+1","theMarked:BanishingStrike+1","theMarked:WardOff+1"],"relics":["theMarked:ArtifactOfAir","NeowsBlessing","Ring of Peace","Ring of Misfortune","Spirit Poop","Omamori","Golden Idol","Coffee Dripper","OrangePellets","hubris:Icosahedron","Molten Egg 2","Gambling Chip","Replay:Bottled Steam","SsserpentHead"],"acts_visited":["Exordium","TheCity"],"potions_floor_usage":[25,32],"damage_taken":[{"damage":0,"enemies":"Small Slimes","floor":1,"turns":1},{"damage":0,"enemies":"Cultist","floor":3,"turns":1},{"damage":0,"enemies":"HollowMod:MossKnight","floor":7,"turns":1},{"damage":0,"enemies":"Jaw Worm","floor":10,"turns":4},{"damage":0,"enemies":"2 Fungi Beasts","floor":14,"turns":4},{"damage":15,"enemies":"Exordium Thugs","floor":16,"turns":6},{"damage":48,"enemies":"Hexaghost","floor":18,"turns":11},{"damage":0,"enemies":"Chosen","floor":20,"turns":5},{"damage":5,"enemies":"Spheric Guardian","floor":23,"turns":3},{"damage":38,"enemies":"Gremlin Leader","floor":25,"turns":3},{"damage":7,"enemies":"Snecko","floor":26,"turns":4},{"damage":16,"enemies":"HollowMod:Nosk","floor":27,"turns":5},{"damage":7,"enemies":"Snake Plant","floor":32,"turns":2}],"seed_played":"-4785572382620976271","potions_obtained":[{"floor":10,"key":"Elixir"},{"floor":16,"key":"Slimebound:ThreeZeroPotion"},{"floor":18,"key":"Languid Potion"},{"floor":25,"key":"Elixir"}],"is_trial":false,"path_per_floor":["M","?","M","?","$","R","E","R","T","M","$","PTL","PTL","M","?","M","R","B",null,"M","$","?","M","?","E","M","E","T","?","?","R","M"],"character_chosen":"THE_DEFAULT","items_purchased":["theMarked:DeterminationOfTheMarked","theMarked:EmpowerWeapon","theMarked:PowerFlow+1","theMarked:Overcharge","OrangePellets"],"campfire_rested":0,"item_purchase_floors":[5,5,11,21,21],"current_hp_per_floor":[70,70,70,70,70,70,70,70,70,70,70,70,70,70,70,55,55,7,70,70,70,70,65,65,27,20,4,4,4,4,4,0,0],"gold":212,"neow_bonus":"THREE_ENEMY_KILL","is_daily":false,"chose_seed":false,"campfire_upgraded":3,"win_rate":0.0,"timestamp":1609882196,"path_taken":["M","?","M","?","$","R","E","R","T","?","?","PTL","PTL","?","?","M","R","BOSS","M","$","?","M","?","E","?","E","T","?","?","R","?"],"items_purchased_type":["Card","Card","Card","Card","Relic"],"build_version":"2020-12-22","purchased_purges":0,"victory":false,"max_hp_per_floor":[70,70,70,70,70,70,70,70,70,70,70,70,70,70,70,70,70,70,70,70,70,70,70,70,70,70,70,70,70,70,70,70,70],"card_choices":[{"not_picked":["theMarked:WastefulAttack","theMarked:EmpowerWeapon"],"picked":"theMarked:Aftermath","floor":1},{"not_picked":["theMarked:Frustration","theMarked:StartUp"],"picked":"theMarked:SummonStrength","floor":3},{"not_picked":["theMarked:DeterminationOfTheMarked","theMarked:WastefulAttack"],"picked":"theMarked:Frustration","floor":7},{"not_picked":["theMarked:WardOff","theMarked:Seal"],"picked":"theMarked:Indomitable","floor":10},{"not_picked":["theMarked:Panic","theMarked:Improvise"],"picked":"theMarked:WastefulAttack","floor":14},{"not_picked":["theMarked:WastefulAttack","theMarked:Static"],"picked":"theMarked:BanishingStrike","floor":16},{"not_picked":["theMarked:Snap","theMarked:SuspiciousRaven"],"picked":"theMarked:Levitate","floor":18},{"not_picked":["theMarked:AttractMetal","theMarked:BanishingWave"],"picked":"theMarked:SwordAndMagic","floor":20},{"not_picked":["theMarked:Parry","theMarked:WardOff+1"],"picked":"theMarked:ShockingTouch","floor":23},{"not_picked":["theMarked:ElectricStrings+1","theMarked:LightningStrikesTwice+1"],"picked":"theMarked:EmpowerWeapon","floor":25},{"not_picked":["theMarked:Aftermath","theMarked:EnhanceMovement"],"picked":"theMarked:BanishingStrike+1","floor":26},{"not_picked":["theMarked:ComboAttacks","theMarked:Polarize"],"picked":"theMarked:WardOff+1","floor":27}],"player_experience":590702,"relics_obtained":[{"floor":2,"key":"Ring of Peace"},{"floor":2,"key":"Ring of Misfortune"},{"floor":7,"key":"Omamori"},{"floor":25,"key":"Molten Egg 2"},{"floor":27,"key":"Gambling Chip"},{"floor":28,"key":"Replay:Bottled Steam"}],"event_choices":[{"cards_removed":["Looming Evil"],"damage_healed":0,"gold_gain":0,"player_choice":"Offered Curse","damage_taken":0,"relics_obtained":["Spirit Poop"],"max_hp_gain":0,"max_hp_loss":0,"event_name":"Bonfire Elementals","floor":4,"gold_loss":0},{"damage_healed":0,"gold_gain":0,"player_choice":"Take Wound","damage_taken":0,"relics_obtained":["Golden Idol"],"max_hp_gain":0,"max_hp_loss":0,"event_name":"Golden Idol","floor":15,"gold_loss":0,"cards_obtained":["Injury"]},{"damage_healed":0,"gold_gain":0,"player_choice":"Ignored","damage_taken":0,"max_hp_gain":0,"max_hp_loss":0,"event_name":"Ghosts","floor":29,"gold_loss":0},{"damage_healed":0,"gold_gain":0,"player_choice":"Trade","damage_taken":0,"relics_obtained":["SsserpentHead"],"max_hp_gain":0,"max_hp_loss":0,"event_name":"FaceTrader","floor":30,"gold_loss":0}],"is_beta":false,"boss_relics":[{"not_picked":["Ring of Chaos","Honey Jar"],"picked":"Coffee Dripper"}],"items_purged_floors":[],"is_endless":false,"potions_floor_spawned":[10,16,18,23,25],"killed_by":"Snake Plant","ascension_level":0}}