{"host":"j4g6ia6asvpyu2b0","time":1609860396,"event":{"mods":["BaseMod","Colored Map","Minty Spire (QoL Compilation)","Permanent Neow","Quick Restart","Relic Stats","StSLib","Unceasing Turn Reminder"],"gold_per_floor":[112,287,287,304,317,346,346,346,372,400,1,1,34,34,34,131,131,142,67,67,80,93,119,134,161,161,161,161,161,161,176,176,275,275,289,289,307,327,327,352,64,93,93,122,18,34,54,20,20,20,20],"floor_reached":50,"playtime":1397,"items_purged":["Doubt","Strike_B+1"],"score":844,"play_id":"458eeb79-aee9-4586-bd07-7cb140258c3e","local_time":"20210105082636","is_ascension_mode":true,"campfire_choices":[{"data":"Buffer","floor":8.0,"key":"SMITH"},{"data":"Sunder","floor":12.0,"key":"SMITH"},{"data":"Loop","floor":15.0,"key":"SMITH"},{"data":"Storm","floor":27,"key":"SMITH"},{"data":"Capacitor","floor":30,"key":"SMITH"},{"data":"Electrodynamics","floor":32,"key":"SMITH"},{"floor":49,"key":"RECALL"}],"circlet_count":0,"master_deck":["Defend_B","Defend_B","Defend_B","Defend_B","Zap+1","Dualcast","Gash+1","Sunder+1","Buffer+1","Loop+1","Storm+1","Cold Snap","Core Surge","Electrodynamics+1","Coolheaded+1","FTL","Hologram+1","Darkness+1","Hologram+1","Consume+1","White Noise+1","Rainbow+1","Capacitor+1","Darkness+1","Core Surge","Darkness+1","Storm","Conserve Battery+1","Panacea+1","Blind+1","Coolheaded+1","Conserve Battery+1","Reinforced Body+1","Fusion+1","Machine Learning","Coolheaded+1","Defragment"],"relics":["Cracked Core","Bag of Marbles","Vajra","Nunchaku","Pear","Toxic Egg 2","Gremlin Horn","Oddly Smooth Stone","Coffee Dripper","Art of War","White Beast Statue","Nuclear Battery","Sundial","Membership Card","Strawberry","Akabeko","Bronze Scales","Mummified Hand","Dream Catcher"],"acts_visited":["Exordium","TheCity","TheBeyond"],"potions_floor_usage":[25,38,40,47,50],"damage_taken":[{"damage":0.0,"enemies":"Small Slimes","floor":1.0,"turns":3.0},{"damage":2.0,"enemies":"Jaw Worm","floor":4.0,"turns":3.0},{"damage":0.0,"enemies":"2 Louse","floor":5.0,"turns":2.0},{"damage":15.0,"enemies":"3 Sentries","floor":6.0,"turns":6.0},{"damage":0.0,"enemies":"Lagavulin","floor":10.0,"turns":7.0},{"damage":10.0,"enemies":"3 Sentries","floor":13.0,"turns":5.0},{"damage":2.0,"enemies":"Hexaghost","floor":16.0,"turns":9.0},{"damage":0.0,"enemies":"2 Thieves","floor":18.0,"turns":1.0},{"damage":0.0,"enemies":"Spheric Guardian","floor":21.0,"turns":3.0},{"damage":0.0,"enemies":"Snake Plant","floor":22.0,"turns":2.0},{"damage":10,"enemies":"Gremlin Leader","floor":23,"turns":4},{"damage":0,"enemies":"Snecko","floor":24,"turns":2},{"damage":14,"enemies":"Slavers","floor":25,"turns":3},{"damage":6,"enemies":"Shelled Parasite and Fungi","floor":31,"turns":4},{"damage":37,"enemies":"Champ","floor":33,"turns":6},{"damage":0,"enemies":"3 Shapes","floor":35,"turns":3},{"damage":0,"enemies":"3 Darklings","floor":37,"turns":2},{"damage":26,"enemies":"4 Shapes","floor":38,"turns":3},{"damage":33,"enemies":"Giant Head","floor":40,"turns":9},{"damage":6,"enemies":"Reptomancer","floor":42,"turns":5},{"damage":29,"enemies":"Nemesis","floor":44,"turns":5},{"damage":5,"enemies":"Spire Growth","floor":46,"turns":3},{"damage":0,"enemies":"3 Darklings","floor":47,"turns":3},{"damage":15,"enemies":"Donu and Deca","floor":50,"turns":1}],"seed_played":"-8348138128985272547","potions_obtained":[{"floor":4.0,"key":"LiquidMemories"},{"floor":5.0,"key":"PowerPotion"},{"floor":10.0,"key":"PowerPotion"},{"floor":13.0,"key":"FearPotion"},{"floor":22.0,"key":"Strength Potion"},{"floor":24,"key":"Swift Potion"},{"floor":25,"key":"AttackPotion"},{"floor":31,"key":"Swift Potion"},{"floor":33,"key":"FairyPotion"},{"floor":37,"key":"PowerPotion"},{"floor":38,"key":"Regen Potion"},{"floor":40,"key":"Energy Potion"},{"floor":44,"key":"Swift Potion"},{"floor":46,"key":"PowerPotion"},{"floor":47,"key":"Weak Potion"}],"is_trial":false,"path_per_floor":["M","?","?","M","M","E","?","R","T","E","$","R","E","T","R","B",null,"M","?","?","M","M","E","M","E","T","R","?","$","R","M","R","B",null,"M","?","M","M","?","E","$","E","T","E","?","M","M","$","R","B"],"character_chosen":"DEFECT","items_purchased":["Storm","Toxic Egg 2","Cold Snap","Membership Card","Strawberry","Conserve Battery+1","Defragment"],"campfire_rested":0,"item_purchase_floors":[11,11,11,41,41,41,48],"current_hp_per_floor":[68,68,53,51,51,36,33,33,33,43,43,43,33,33,33,31,72,72,72,72,72,72,62,62,48,48,48,48,48,48,42,42,5,65,65,65,65,39,29,11,18,12,12,13,13,8,8,8,8,0,0],"gold":20,"neow_bonus":"UPGRADE_CARD","is_daily":false,"chose_seed":false,"campfire_upgraded":6,"win_rate":0.0,"timestamp":1609860396,"path_taken":["M","?","?","M","M","E","?","R","T","E","$","R","E","?","R","BOSS","M","?","?","M","M","E","M","E","T","R","?","$","R","M","R","BOSS","M","?","M","M","?","E","$","E","T","E","?","M","M","$","R","BOSS"],"items_purchased_type":["Card","Relic","Card","Relic","Relic","Card","Card"],"build_version":"2020-12-22","purchased_purges":2,"victory":false,"max_hp_per_floor":[75,75,75,75,75,75,75,75,75,85,85,85,85,85,85,85,85,85,85,85,85,85,85,85,85,85,85,85,85,85,85,85,85,85,85,85,85,85,85,85,92,92,92,92,92,92,92,92,92,92,92],"relic_stats":{"Nunchaku":[10],"Dream Catcher":0,"Gremlin Horn":[20,20],"counters":[24,92],"Sundial":[0],"Mummified Hand":[13],"Bronze Scales":[33],"Art of War":[9],"obtain_stats":[{"Pear":10,"Gremlin Horn":13,"Vajra":7,"Oddly Smooth Stone":14,"White Beast Statue":25,"Akabeko":42,"Nuclear Battery":34,"Nunchaku":9,"Dream Catcher":45,"Sundial":40,"Mummified Hand":44,"Strawberry":41,"Bronze Scales":43,"Bag of Marbles":6,"Coffee Dripper":17,"Art of War":23,"Membership Card":41,"Toxic Egg 2":11,"Cracked Core":0},{"Pear":5,"Gremlin Horn":6,"Vajra":4,"Oddly Smooth Stone":6,"White Beast Statue":13,"Akabeko":20,"Nuclear Battery":15,"Nunchaku":4,"Dream Catcher":21,"Sundial":19,"Mummified Hand":21,"Strawberry":19,"Bronze Scales":20,"Bag of Marbles":4,"Coffee Dripper":7,"Art of War":11,"Membership Card":19,"Toxic Egg 2":5,"Cracked Core":0},{"Pear":20,"Gremlin Horn":24,"Vajra":13,"Oddly Smooth Stone":24,"White Beast Statue":48,"Akabeko":80,"Nuclear Battery":58,"Nunchaku":13,"Dream Catcher":85,"Sundial":75,"Mummified Hand":85,"Strawberry":75,"Bronze Scales":80,"Bag of Marbles":13,"Coffee Dripper":33,"Art of War":43,"Membership Card":75,"Toxic Egg 2":20,"Cracked Core":0}]},"card_choices":[{"not_picked":["Steam","FTL"],"picked":"Gash","floor":1.0},{"not_picked":["Sweeping Beam","Streamline"],"picked":"Sunder","floor":4.0},{"not_picked":["Turbo","Hologram"],"picked":"Buffer","floor":5.0},{"not_picked":["Go for the Eyes","Steam","Force Field"],"picked":"SKIP","floor":6.0},{"not_picked":["Redo","Consume"],"picked":"Loop","floor":10.0},{"not_picked":["Go for the Eyes","Steam+1"],"picked":"Core Surge","floor":13.0},{"not_picked":["All For One","Creative AI"],"picked":"Electrodynamics","floor":16.0},{"not_picked":["Redo+1","Cold Snap"],"picked":"Coolheaded+1","floor":18.0},{"not_picked":["Consume+1","FTL"],"picked":"Darkness+1","floor":21.0},{"not_picked":["Steam Power+1","Rip and Tear"],"picked":"Hologram+1","floor":22.0},{"not_picked":["Chaos+1","Coolheaded+1"],"picked":"Consume+1","floor":23},{"not_picked":["Conserve Battery+1","Leap+1"],"picked":"White Noise+1","floor":24},{"not_picked":["Go for the Eyes","Recycle+1"],"picked":"Rainbow+1","floor":25},{"not_picked":["Static Discharge","Go for the Eyes"],"picked":"Darkness+1","floor":31},{"not_picked":["Meteor Strike","Machine Learning"],"picked":"Core Surge","floor":33},{"not_picked":["Skim+1","Rebound+1"],"picked":"Darkness+1","floor":35},{"not_picked":["Streamline","Defragment"],"picked":"Storm","floor":37},{"not_picked":["Scrape+1","Sunder"],"picked":"Conserve Battery+1","floor":38},{"not_picked":["Magnetism","Finesse+1"],"picked":"Panacea+1","floor":39},{"not_picked":["HandOfGreed","Mind Blast"],"picked":"Blind+1","floor":39},{"not_picked":["Turbo+1","BootSequence+1"],"picked":"Coolheaded+1","floor":40},{"not_picked":["Rebound","Conserve Battery+1"],"picked":"Reinforced Body+1","floor":42},{"not_picked":["Genetic Algorithm+1","Beam Cell+1"],"picked":"Fusion+1","floor":44},{"not_picked":["Streamline+1","Redo+1"],"picked":"Machine Learning","floor":46},{"not_picked":["Reinforced Body+1","Steam+1"],"picked":"Coolheaded+1","floor":47}],"player_experience":718263,"relics_obtained":[{"floor":6.0,"key":"Bag of Marbles"},{"floor":9.0,"key":"Nunchaku"},{"floor":10.0,"key":"Pear"},{"floor":13.0,"key":"Gremlin Horn"},{"floor":14.0,"key":"Oddly Smooth Stone"},{"floor":23,"key":"Art of War"},{"floor":25,"key":"White Beast Statue"},{"floor":40,"key":"Sundial"},{"floor":42,"key":"Akabeko"},{"floor":43,"key":"Bronze Scales"},{"floor":44,"key":"Mummified Hand"}],"event_choices":[{"damage_healed":0.0,"max_hp_gain":0.0,"max_hp_loss":0.0,"gold_gain":175.0,"event_name":"Liars Game","player_choice":"AGREE","floor":2.0,"gold_loss":0.0,"damage_taken":0.0,"cards_obtained":["Doubt"]},{"damage_healed":0.0,"max_hp_gain":0.0,"max_hp_loss":0.0,"gold_gain":0.0,"event_name":"Shining Light","player_choice":"Entered Light","floor":3.0,"gold_loss":0.0,"damage_taken":15.0,"cards_upgraded":["Strike_B","Gash"]},{"damage_healed":0.0,"max_hp_gain":0.0,"max_hp_loss":0.0,"gold_gain":0.0,"event_name":"Scrap Ooze","player_choice":"Success","floor":7.0,"gold_loss":0.0,"damage_taken":3.0,"relics_obtained":["Vajra"]},{"cards_removed":["Strike_B"],"damage_healed":0.0,"max_hp_gain":0.0,"max_hp_loss":0.0,"gold_gain":0.0,"event_name":"Beggar","player_choice":"Gave Gold","floor":19.0,"gold_loss":75.0,"damage_taken":0.0},{"damage_healed":0.0,"max_hp_gain":0.0,"max_hp_loss":0.0,"gold_gain":0.0,"cards_transformed":["Strike_B","Strike_B"],"event_name":"Drug Dealer","player_choice":"Became Test Subject","floor":20.0,"gold_loss":0.0,"damage_taken":0.0,"cards_obtained":["FTL","Hologram"]},{"damage_healed":0,"gold_gain":0,"player_choice":"Read","damage_taken":0,"max_hp_gain":0,"max_hp_loss":0,"event_name":"The Library","floor":28,"gold_loss":0,"cards_obtained":["Capacitor"]},{"damage_healed":0,"gold_gain":0,"player_choice":"Ignored","damage_taken":0,"max_hp_gain":0,"max_hp_loss":0,"event_name":"Tomb of Lord Red Mask","floor":36,"gold_loss":0},{"damage_healed":0,"gold_gain":0,"player_choice":"Memory 3","damage_taken":10,"max_hp_gain":0,"max_hp_loss":0,"event_name":"SensoryStone","floor":39,"gold_loss":0},{"damage_healed":0,"gold_gain":0,"player_choice":"Paid Gold","damage_taken":0,"relics_obtained":["Dream Catcher"],"max_hp_gain":0,"max_hp_loss":0,"event_name":"WeMeetAgain","floor":45,"gold_loss":104}],"is_beta":false,"boss_relics":[{"not_picked":["Tiny House","Runic Pyramid"],"picked":"Coffee Dripper"},{"not_picked":["Empty Cage","FrozenCore"],"picked":"Nuclear Battery"}],"items_purged_floors":[11,41],"is_endless":false,"potions_floor_spawned":[4,5,10,13,22,24,25,31,33,35,37,38,40,42,44,46,47],"killed_by":"Donu and Deca","ascension_level":6}}