{"host":"es89jqq87guwhc1m","time":1609823550,"event":{"mods":["BaseMod","Colored Map","DeckTracker","Lobotomy","Minty Spire (QoL Compilation)","StSLib","SuperFastMode"],"gold_per_floor":[111,124,74,74,26,26,40,74,74,74,84,117,117,134,134,237,237,257,257,274,290,50,85,96,96,119,130,150,166,166,166,166,271,271,282,294,311,140,192,192,192,192,242,256,270,299,318,318,318,318,318,318,51,85,85],"floor_reached":56,"playtime":6986,"items_purged":["Strike_R","GalaxyChild"],"score":2136,"play_id":"7cc22086-dd5f-48ff-b15b-d2fb6718f606","local_time":"20210105141230","is_ascension_mode":false,"campfire_choices":[{"data":"Bash","floor":6.0,"key":"SMITH"},{"data":"Exhume","floor":13.0,"key":"SMITH"},{"data":"Armaments","floor":15.0,"key":"SMITH"},{"data":"True Grit","floor":25.0,"key":"SMITH"},{"data":"Feel No Pain","floor":30.0,"key":"SMITH"},{"data":"Juggernaut","floor":32.0,"key":"SMITH"},{"data":"Feel No Pain","floor":40,"key":"SMITH"},{"data":"Burning Pact","floor":42,"key":"SMITH"},{"floor":49,"key":"RECALL"},{"data":"Second Wind","floor":52,"key":"SMITH"}],"circlet_count":0,"master_deck":["Strike_R","Strike_R","Defend_R","Defend_R","Defend_R","Defend_R","Bash+1","BigBird","Anger","ShyLook","Clothesline","Sword Boomerang","WallGazer","Exhume+1","Wellcheers","MHz","Dropkick","Variant","Shrug It Off","SpiderBud","Armaments+1","VoidDream","Juggernaut+1","BlackSwan","Second Wind+1","OSAHOGD","True Grit+1","Feel No Pain+1","Burning Pact+1","Shrug It Off","BlueStar","Power Through","Berserk","Bloodletting","Berserk","Second Wind+1","RedShoes","Warcry+1","Feel No Pain+1","Power Through+1","SnowQueen","Purity","Secret Technique","Feel No Pain","CENSORED"],"relics":["Burning Blood","CogitoBucket","Letter Opener","Kunai","Incense Burner","Thread and Needle","LuminousBracelet","Coffee Dripper","Unceasing Top","BackwardClock","Centennial Puzzle","Nunchaku","Runic Cube","AtMidnight","TreeSap","Ginger","Molten Egg 2","Anchor","Art of War"],"acts_visited":["Exordium","TheCity","TheBeyond","TheEnding"],"potions_floor_usage":[44,46,50,55],"damage_taken":[{"damage":15.0,"enemies":"Jaw Worm","floor":1.0,"turns":6.0},{"damage":3.0,"enemies":"2 Louse","floor":2.0,"turns":3.0},{"damage":0.0,"enemies":"Small Slimes","floor":7.0,"turns":4.0},{"damage":15.0,"enemies":"Lagavulin","floor":8.0,"turns":7.0},{"damage":9.0,"enemies":"Red Slaver","floor":11.0,"turns":4.0},{"damage":23.0,"enemies":"3 Sentries","floor":12.0,"turns":9.0},{"damage":14.0,"enemies":"Blue Slaver","floor":14.0,"turns":4.0},{"damage":36.0,"enemies":"Slime Boss","floor":16.0,"turns":14.0},{"damage":5.0,"enemies":"2 Thieves","floor":18.0,"turns":4.0},{"damage":3.0,"enemies":"Shell Parasite","floor":20.0,"turns":5.0},{"damage":2.0,"enemies":"Shelled Parasite and Fungi","floor":21.0,"turns":6.0},{"damage":7.0,"enemies":"Book of Stabbing","floor":23.0,"turns":7.0},{"damage":39.0,"enemies":"Snake Plant","floor":24.0,"turns":8.0},{"damage":12.0,"enemies":"Centurion and Healer","floor":27.0,"turns":8.0},{"damage":2.0,"enemies":"3 Cultists","floor":28.0,"turns":5.0},{"damage":17.0,"enemies":"Cultist and Chosen","floor":29.0,"turns":6.0},{"damage":27.0,"enemies":"Automaton","floor":33.0,"turns":8.0},{"damage":87.0,"enemies":"Orb Walker","floor":35.0,"turns":35.0},{"damage":3.0,"enemies":"3 Shapes","floor":36.0,"turns":5.0},{"damage":0.0,"enemies":"Transient","floor":37.0,"turns":1.0},{"damage":15.0,"enemies":"2 Orb Walkers","floor":39.0,"turns":4.0},{"damage":29,"enemies":"Jaw Worm Horde","floor":44,"turns":4},{"damage":3,"enemies":"Writhing Mass","floor":45,"turns":5},{"damage":4,"enemies":"Nemesis","floor":46,"turns":8},{"damage":3,"enemies":"Transient","floor":47,"turns":5},{"damage":49,"enemies":"Awakened One","floor":50,"turns":25},{"damage":4,"enemies":"Shield and Spear","floor":54,"turns":5},{"damage":54,"enemies":"The Heart","floor":55,"turns":8}],"seed_played":"-5652243483779536657","potions_obtained":[{"floor":2.0,"key":"Swift Potion"},{"floor":11.0,"key":"Dexterity Potion"},{"floor":12.0,"key":"Explosive Potion"},{"floor":14.0,"key":"Regen Potion"},{"floor":18.0,"key":"SpeedPotion"},{"floor":21.0,"key":"ElixirPotion"},{"floor":33.0,"key":"Weak Potion"},{"floor":45,"key":"PowerPotion"}],"is_trial":false,"path_per_floor":["M","M","?","?","$","R","M","E","T","T","M","E","R","M","R","B",null,"M","?","M","M","$","E","M","R","T","M","M","M","R","?","R","B",null,"M","M","M","$","?","R","?","R","T","M","M","E","M","?","R","B",null,"R","$","E","B",null],"character_chosen":"IRONCLAD","items_purchased":["Sword Boomerang","Feel No Pain","Burning Pact","Shrug It Off","Feel No Pain","Feel No Pain","Block Potion","Anchor"],"campfire_rested":0,"item_purchase_floors":[5,22,22,22,38,53,53,53],"current_hp_per_floor":[71,74,74,79,79,79,85,76,76,76,76,62,62,69,69,81,100,100,100,100,100,100,100,84,84,84,81,88,83,83,83,83,74,90,76,80,80,80,74,74,74,74,74,59,67,76,76,66,66,66,66,66,66,66,57],"gold":85,"neow_bonus":"","is_daily":false,"chose_seed":false,"campfire_upgraded":9,"win_rate":0.0,"timestamp":1609823550,"path_taken":["M","M","?","?","?","R","M","E","T","?","M","E","R","M","R","BOSS","M","?","M","?","$","E","M","R","T","M","M","M","R","?","R","BOSS","M","M","M","$","?","R","?","R","T","M","M","E","?","?","R","BOSS","R","$","E","BOSS"],"items_purchased_type":["Card","Card","Card","Card","Card","Card","Potion","Relic"],"build_version":"2020-12-22","purchased_purges":2,"victory":true,"max_hp_per_floor":[80,80,80,85,85,85,85,85,85,85,85,85,85,100,100,100,100,100,100,100,100,100,100,100,100,100,100,100,100,100,100,100,90,90,80,80,80,80,80,80,76,76,76,76,76,76,76,76,76,66,66,66,66,66,66],"card_choices":[{"not_picked":["BeautyBeast","Porccubus"],"picked":"BigBird","floor":1.0},{"not_picked":["Heavy Blade","Perfected Strike"],"picked":"Anger","floor":1.0},{"not_picked":["Laetitia","CrumblingArmor"],"picked":"ShyLook","floor":2.0},{"not_picked":["Searing Blow","Heavy Blade"],"picked":"Clothesline","floor":2.0},{"not_picked":["BeautyBeast","SpiderBud"],"picked":"WallGazer","floor":7.0},{"not_picked":["True Grit","Pommel Strike"],"picked":"Exhume","floor":7.0},{"not_picked":["FairyFestival","PunishingBird"],"picked":"Wellcheers","floor":8.0},{"not_picked":["Uppercut","Perfected Strike","Sword Boomerang"],"picked":"SKIP","floor":8.0},{"not_picked":["Scorched","CherryBlossoms"],"picked":"MHz","floor":11.0},{"not_picked":["Dark Embrace","Disarm"],"picked":"Dropkick","floor":11.0},{"not_picked":["OSAHOGD","OldLady"],"picked":"Variant","floor":12.0},{"not_picked":["Pommel Strike","Iron Wave"],"picked":"Shrug It Off","floor":12.0},{"not_picked":["OSAHOGD","Rudolta"],"picked":"SpiderBud","floor":14.0},{"not_picked":["Twin Strike","Pommel Strike"],"picked":"Armaments","floor":14.0},{"not_picked":["FairyFestival","UniverseFragment"],"picked":"VoidDream","floor":16.0},{"not_picked":["Exhume","Double Tap"],"picked":"Juggernaut","floor":16.0},{"not_picked":["RedShoes","PunishingBird"],"picked":"BlackSwan","floor":18.0},{"not_picked":["Evolve","Twin Strike"],"picked":"Second Wind","floor":18.0},{"not_picked":["MeatLantern","MeltingLove"],"picked":"OSAHOGD","floor":20.0},{"not_picked":["Wild Strike","Pommel Strike"],"picked":"True Grit","floor":20.0},{"not_picked":["HeroicMonk","BeautyBeast"],"picked":"GalaxyChild","floor":21.0},{"not_picked":["Rage+1","Cleave","Clash"],"picked":"SKIP","floor":21.0},{"not_picked":["LaLuna","CherryBlossoms","BeautyBeast"],"picked":"Singing Bowl","floor":23.0},{"not_picked":["Intimidate","Clash","Body Slam"],"picked":"SKIP","floor":23.0},{"not_picked":["Intimidate","Clash","Body Slam"],"picked":"SKIP","floor":23.0},{"not_picked":["Intimidate","Clash","Body Slam"],"picked":"SKIP","floor":23.0},{"not_picked":["PunishingBird","Bloodbath"],"picked":"BlueStar","floor":24.0},{"not_picked":["Cleave","Sever Soul"],"picked":"Power Through","floor":24.0},{"not_picked":["Shrug It Off","True Grit+1","Berserk"],"picked":"SKIP","floor":27.0},{"not_picked":["Shrug It Off","True Grit+1"],"picked":"Berserk","floor":27.0},{"not_picked":["Anger","Flex"],"picked":"Bloodletting","floor":28.0},{"not_picked":["Double Tap","Cleave+1","Clash"],"picked":"SKIP","floor":29.0},{"not_picked":["PunishingBird","LongBird","Scorched"],"picked":"Singing Bowl","floor":33.0},{"not_picked":["Brutality","Fiend Fire"],"picked":"Berserk","floor":33.0},{"not_picked":["Infernal Blade+1","Iron Wave"],"picked":"Second Wind+1","floor":35.0},{"not_picked":["Scorched","Porccubus","LittleHelper"],"picked":"Singing Bowl","floor":35.0},{"not_picked":["QueenOfHatred","BigBadWolf"],"picked":"RedShoes","floor":36.0},{"not_picked":["Pommel Strike+1","Rampage"],"picked":"Warcry+1","floor":36.0},{"not_picked":["BigBadWolf","LongBird","UniverseFragment"],"picked":"Singing Bowl","floor":37.0},{"not_picked":["Sword Boomerang+1","Flame Barrier+1","Headbutt+1"],"picked":"SKIP","floor":37.0},{"not_picked":["Fire Breathing","Bloodletting+1","Twin Strike"],"picked":"SKIP","floor":44},{"not_picked":["Porccubus","MeatLantern","CherryBlossoms"],"picked":"Singing Bowl","floor":45},{"not_picked":["Bludgeon","Warcry+1","Anger"],"picked":"SKIP","floor":45},{"not_picked":["Mercenary","QueenBee","DreamingCurrent"],"picked":"Singing Bowl","floor":46},{"not_picked":["Warcry","Whirlwind+1"],"picked":"Power Through+1","floor":46},{"not_picked":["Freischutz","GalaxyChild"],"picked":"SnowQueen","floor":47},{"not_picked":["Sword Boomerang+1","Power Through","Cleave+1"],"picked":"SKIP","floor":47},{"not_picked":["Secret Technique","The Bomb"],"picked":"Purity","floor":48},{"not_picked":["Enlightenment","Metamorphosis"],"picked":"Secret Technique","floor":48},{"not_picked":["MeltingLove","Woodsman","QueenOfHatred"],"picked":"Singing Bowl","floor":54},{"not_picked":["BodiesMountain","DreamingCurrent"],"picked":"CENSORED","floor":54},{"not_picked":["Armaments","Havoc","Heavy Blade+1"],"picked":"SKIP","floor":54}],"player_experience":1625813,"relics_obtained":[{"floor":8.0,"key":"Letter Opener"},{"floor":9.0,"key":"Kunai"},{"floor":10.0,"key":"Incense Burner"},{"floor":12.0,"key":"Thread and Needle"},{"floor":23.0,"key":"Unceasing Top"},{"floor":26.0,"key":"Centennial Puzzle"},{"floor":35.0,"key":"AtMidnight"},{"floor":39,"key":"Ginger"},{"floor":46,"key":"Molten Egg 2"},{"floor":54,"key":"Art of War"}],"event_choices":[{"cards_removed":["Strike_R"],"damage_healed":0.0,"max_hp_gain":0.0,"max_hp_loss":0.0,"gold_gain":0.0,"event_name":"The Cleric","player_choice":"Card Removal","floor":3.0,"gold_loss":50.0,"damage_taken":0.0},{"damage_healed":0.0,"max_hp_gain":5.0,"max_hp_loss":0.0,"gold_gain":0.0,"event_name":"Big Fish","player_choice":"Donut","floor":4.0,"gold_loss":0.0,"damage_taken":0.0},{"cards_removed":["Strike_R"],"damage_healed":0.0,"max_hp_gain":0.0,"max_hp_loss":0.0,"gold_gain":0.0,"event_name":"Bonfire Elementals","player_choice":"Offered Basic","floor":19.0,"gold_loss":0.0,"damage_taken":0.0},{"damage_healed":0.0,"max_hp_gain":0.0,"max_hp_loss":0.0,"gold_gain":0.0,"event_name":"WeMeetAgain","player_choice":"Gave Potion","floor":31.0,"gold_loss":0.0,"damage_taken":0.0,"relics_obtained":["Nunchaku"]},{"damage_healed":0.0,"max_hp_gain":0.0,"max_hp_loss":0.0,"gold_gain":0.0,"event_name":"Mysterious Sphere","player_choice":"Fight","floor":39.0,"gold_loss":0.0,"damage_taken":0.0},{"damage_healed":0,"gold_gain":0,"player_choice":"Max HP","damage_taken":0,"max_hp_gain":0,"max_hp_loss":4,"event_name":"Winding Halls","floor":41,"gold_loss":0},{"damage_healed":0,"gold_gain":0,"player_choice":"Memory 3","damage_taken":10,"max_hp_gain":0,"max_hp_loss":0,"event_name":"SensoryStone","floor":48,"gold_loss":0}],"is_beta":false,"boss_relics":[{"not_picked":["Sozu","Busted Crown"],"picked":"Coffee Dripper"},{"not_picked":["Tiny House","Cursed Key"],"picked":"Runic Cube"}],"items_purged_floors":[22,38],"is_endless":false,"potions_floor_spawned":[2,11,12,14,18,21,29,33,36,45,47],"ascension_level":0}}