{"host":"nptej036rrbiurf5","time":1609809433,"event":{"mods":["BaseMod","Colored Map","Colored Powertips","DeckTracker","Minty Spire (QoL Compilation)","StSLib","SuperFastMode"],"gold_per_floor":[119,133,148,158,175,175,194,222,222,297,277,306,318,344,344,417,417,431,35,49,49,68,97,113,113,136,136,136],"floor_reached":27,"playtime":830,"items_purged":["Strike_R"],"score":514,"play_id":"d771ab10-828b-431c-a132-5a2daeaf0c18","local_time":"20210105101713","is_ascension_mode":true,"campfire_choices":[{"data":"Fiend Fire","floor":6.0,"key":"SMITH"},{"data":"Rampage","floor":15.0,"key":"SMITH"}],"circlet_count":0,"master_deck":["AscendersBane","Strike_R","Strike_R","Strike_R","Defend_R","Defend_R","Defend_R","Bash","Limit Break","Fiend Fire+1","Sword Boomerang","Flame Barrier","Rampage+1","Flex","Battle Trance","Double Tap","Burning Pact","Warcry","Evolve","Immolate","Bloodletting","Shrug It Off","Fire Breathing"],"relics":["Burning Blood","StoneCalendar","Paper Frog","Gambling Chip","The Courier","Mark of Pain","Bag of Preparation","TheAbacus","Eternal Feather","Nilry\u0027s Codex","Ancient Tea Set"],"acts_visited":["Exordium","TheCity"],"potions_floor_usage":[23],"damage_taken":[{"damage":0.0,"enemies":"2 Louse","floor":1.0,"turns":2.0},{"damage":11.0,"enemies":"Small Slimes","floor":2.0,"turns":3.0},{"damage":0.0,"enemies":"Cultist","floor":3.0,"turns":3.0},{"damage":11.0,"enemies":"Looter","floor":4.0,"turns":2.0},{"damage":1.0,"enemies":"2 Fungi Beasts","floor":5.0,"turns":4.0},{"damage":12.0,"enemies":"Large Slime","floor":7.0,"turns":4.0},{"damage":20.0,"enemies":"Lagavulin","floor":8.0,"turns":4.0},{"damage":9.0,"enemies":"Gremlin Nob","floor":12.0,"turns":3.0},{"damage":6.0,"enemies":"Lots of Slimes","floor":13.0,"turns":3.0},{"damage":20.0,"enemies":"3 Sentries","floor":14.0,"turns":7.0},{"damage":2.0,"enemies":"Hexaghost","floor":16.0,"turns":7.0},{"damage":0.0,"enemies":"Spheric Guardian","floor":18.0,"turns":1.0},{"damage":7.0,"enemies":"Chosen","floor":20.0,"turns":4.0},{"damage":6,"enemies":"Snecko","floor":22,"turns":4},{"damage":26,"enemies":"Book of Stabbing","floor":23,"turns":3},{"damage":12,"enemies":"3 Cultists","floor":24,"turns":4},{"damage":20,"enemies":"Centurion and Healer","floor":27,"turns":2}],"seed_played":"-7785980083331180339","potions_obtained":[{"floor":1.0,"key":"DuplicationPotion"},{"floor":5.0,"key":"Explosive Potion"},{"floor":13.0,"key":"EntropicBrew"},{"floor":16.0,"key":"Dexterity Potion"},{"floor":22,"key":"Fire Potion"},{"floor":23,"key":"LiquidMemories"}],"is_trial":false,"path_per_floor":["M","M","M","M","M","R","M","E","T","?","?","E","M","E","R","B",null,"M","$","M","?","M","E","M","?","T","M"],"character_chosen":"IRONCLAD","items_purchased":["Bag of Preparation","Bloodletting","TheAbacus"],"campfire_rested":0,"item_purchase_floors":[19,19,19],"current_hp_per_floor":[68,63,68,63,68,68,62,48,48,37,37,34,34,20,20,24,57,63,63,62,62,62,42,36,15,15,0,0],"gold":136,"neow_bonus":"TRANSFORM_TWO_CARDS","is_daily":false,"chose_seed":false,"campfire_upgraded":2,"win_rate":0.0,"timestamp":1609809433,"path_taken":["M","M","M","M","M","R","M","E","T","?","?","E","?","E","R","BOSS","M","$","M","?","M","E","M","?","T","M"],"items_purchased_type":["Relic","Card","Relic"],"build_version":"2020-12-22","purchased_purges":1,"victory":false,"max_hp_per_floor":[68,68,68,68,68,68,68,68,68,68,68,68,68,68,68,68,68,68,68,68,68,68,68,68,68,68,68,68],"card_choices":[{"not_picked":["Hemokinesis","Wild Strike"],"picked":"Sword Boomerang","floor":1.0},{"not_picked":["Headbutt","Clothesline"],"picked":"Flame Barrier","floor":2.0},{"not_picked":["Anger","Headbutt"],"picked":"Rampage","floor":3.0},{"not_picked":["Carnage","Body Slam","Exhume"],"picked":"SKIP","floor":4.0},{"not_picked":["Cleave","Heavy Blade"],"picked":"Flex","floor":5.0},{"not_picked":["Anger","Pommel Strike"],"picked":"Battle Trance","floor":7.0},{"not_picked":["Twin Strike","Headbutt"],"picked":"Double Tap","floor":8.0},{"not_picked":["Battle Trance","Iron Wave"],"picked":"Burning Pact","floor":12.0},{"not_picked":["Entrench","Perfected Strike"],"picked":"Warcry","floor":13.0},{"not_picked":["Headbutt","Cleave"],"picked":"Evolve","floor":14.0},{"not_picked":["Double Tap","Brutality"],"picked":"Immolate","floor":16.0},{"not_picked":["Body Slam","Flex","Combust"],"picked":"SKIP","floor":18.0},{"not_picked":["Perfected Strike","Whirlwind+1","True Grit"],"picked":"SKIP","floor":20.0},{"not_picked":["Entrench","Infernal Blade+1","Sword Boomerang"],"picked":"SKIP","floor":22},{"not_picked":["Iron Wave","Havoc"],"picked":"Shrug It Off","floor":23},{"not_picked":["Sword Boomerang","Clash"],"picked":"Fire Breathing","floor":24}],"player_experience":875588,"relics_obtained":[{"floor":8.0,"key":"StoneCalendar"},{"floor":9.0,"key":"Paper Frog"},{"floor":12.0,"key":"Gambling Chip"},{"floor":14.0,"key":"The Courier"},{"floor":23,"key":"Eternal Feather"},{"floor":25,"key":"Nilry\u0027s Codex"},{"floor":26,"key":"Ancient Tea Set"}],"event_choices":[{"damage_healed":0.0,"max_hp_gain":0.0,"max_hp_loss":0.0,"gold_gain":75.0,"event_name":"World of Goop","player_choice":"Gather Gold","floor":10.0,"gold_loss":0.0,"damage_taken":11.0},{"damage_healed":0.0,"max_hp_gain":0.0,"max_hp_loss":0.0,"gold_gain":0.0,"event_name":"The Woman in Blue","player_choice":"Bought 1 Potion","floor":11.0,"gold_loss":0.0,"damage_taken":0.0},{"damage_healed":0,"gold_gain":0,"player_choice":"Ignored","damage_taken":0,"max_hp_gain":0,"max_hp_loss":0,"event_name":"The Mausoleum","floor":21,"gold_loss":0},{"damage_healed":0,"gold_gain":0,"player_choice":"Obtained Book","damage_taken":21,"max_hp_gain":0,"max_hp_loss":0,"event_name":"Cursed Tome","floor":25,"gold_loss":0}],"is_beta":false,"boss_relics":[{"not_picked":["Astrolabe","Black Blood"],"picked":"Mark of Pain"}],"items_purged_floors":[19],"is_endless":false,"potions_floor_spawned":[1,5,7,13,14,16,22,23],"killed_by":"Centurion and Healer","ascension_level":20}}