{"host":"6dypmz777xraikqf","time":1609831280,"event":{"mods":["AchievementEnabler","BaseMod","BetterRewards","Colored Map","Colored Powertips","Downfall","Highlight Path","Hubris","Infinite Spire","Minty Spire (QoL Compilation)","Replay The Spire","StSLib"],"gold_per_floor":[113,113,175,200,200,240,262,262,262,308,308,354,529,558,558,664,664,660,660,660,660,660,660,698,336,336,362,391,391,48,58,58],"floor_reached":31,"playtime":1158,"items_purged":["Defend_R","Doubt","Strike_R"],"score":552,"play_id":"eb797c79-e7f3-4fb0-8aa2-ac8ba572acbb","local_time":"20210105072120","is_ascension_mode":true,"campfire_choices":[{"data":"hubris:Envy","floor":8,"key":"PURGE"},{"floor":15,"key":"DIG"}],"circlet_count":0,"master_deck":["Strike_R","Strike_R","Strike_R","Strike_R","Defend_R+1","Defend_R","Defend_R+1","Bash","Battle Trance","Evolve","Wild Strike","hubris:StunningStrike","Inflame","Demon Form","Flex+1","RitualDagger","Limit Break+1","Shrug It Off","True Grit+1","Double Tap"],"relics":["Burning Blood","Another Sword","Replay:Multitool","Replay:Bandana","Ring of Searing","ReplayTheSpireMod:Ring of Addiction","Chameleon Ring","Toy Ornithopter","War Paint","HornCleat","hubris:64BitClover","Boot","Omamori","ChewingGum","hubris:Icosahedron","infinitespire:EmpoweringShard","Smiling Mask","Lantern","Matryoshka","Oddly Smooth Stone"],"acts_visited":["Exordium","TheCity"],"potions_floor_usage":[6,6,7,10,10,12,24,27,28,31],"damage_taken":[{"damage":0,"enemies":"Small Slimes","floor":1,"turns":3},{"damage":3,"enemies":"2 Louse","floor":4,"turns":3},{"damage":38,"enemies":"Replay:BlueRogue","floor":6,"turns":5},{"damage":0,"enemies":"infinitespire:Voidling","floor":7,"turns":3},{"damage":16,"enemies":"Lagavulin","floor":10,"turns":3},{"damage":10,"enemies":"Replay:BlueRogue","floor":12,"turns":3},{"damage":14,"enemies":"3 Louse","floor":14,"turns":5},{"damage":41,"enemies":"The Guardian","floor":16,"turns":10},{"damage":11,"enemies":"2 Thieves","floor":18,"turns":4},{"damage":22,"enemies":"Gremlin Leader","floor":24,"turns":5},{"damage":0,"enemies":"3 Byrds","floor":27,"turns":3},{"damage":21,"enemies":"Centurion and Healer","floor":28,"turns":5},{"damage":77,"enemies":"Nightmare","floor":31,"turns":5}],"seed_played":"-4246475417048875599","potions_obtained":[{"floor":3,"key":"ColorlessPotion"},{"floor":3,"key":"Languid Potion"},{"floor":5,"key":"Swift Potion"},{"floor":5,"key":"AttackPotion"},{"floor":5,"key":"SkillPotion"},{"floor":6,"key":"BloodPotion"},{"floor":10,"key":"Energy Potion"},{"floor":14,"key":"Milkshake"},{"floor":16,"key":"Strength Potion"},{"floor":23,"key":"FearPotion"},{"floor":23,"key":"Fire Potion"},{"floor":24,"key":"Fire Potion"},{"floor":27,"key":"Weak Potion"}],"is_trial":false,"path_per_floor":["M","?","?","M","?","E","M","R","T","E","?","E","?","M","R_BF","B",null,"M","?","?","T","?","R","E","$","T","M","M","R","$","NM"],"character_chosen":"IRONCLAD","items_purchased":["Another Sword","Battle Trance","Evolve","Energy Potion","Lantern","Limit Break","Double Tap","Oddly Smooth Stone"],"campfire_rested":0,"item_purchase_floors":[0,0,0,0,25,25,30,30],"current_hp_per_floor":[46,51,51,54,54,32,68,68,68,68,68,69,69,61,61,26,69,64,64,64,64,58,58,47,47,47,58,48,71,71,0,0],"gold":58,"neow_bonus":"","is_daily":false,"chose_seed":false,"campfire_upgraded":0,"win_rate":0.0,"timestamp":1609831280,"path_taken":["M","?","?","?","?","E","M","R","T","E","?","E","?","M","R_BF","BOSS","M","?","?","?","?","R","E","?","T","M","?","R","$","NM"],"items_purchased_type":["Relic","Card","Card","Potion","Relic","Card","Card","Relic"],"build_version":"2020-12-22","purchased_purges":3,"victory":false,"max_hp_per_floor":[80,85,85,85,85,85,85,85,85,85,85,85,85,85,85,83,83,83,81,81,81,79,79,79,79,79,79,79,79,79,79,79],"card_choices":[{"not_picked":["Clothesline","ReplayTheSpireMod:LeadingStrike"],"picked":"Wild Strike","floor":1},{"not_picked":["ReplayReversal","Twin Strike","ReplayTheSpireMod:Strike From Hell"],"picked":"SKIP","floor":4},{"not_picked":["Entrench","ReplayTheSpireMod:LeadingStrike"],"picked":"hubris:StunningStrike","floor":6},{"not_picked":["Body Slam","Clash","Carnage"],"picked":"SKIP","floor":7},{"not_picked":["Headbutt","Dark Embrace","Juggernaut"],"picked":"SKIP","floor":10},{"not_picked":["Rupture","Feel No Pain","Headbutt"],"picked":"SKIP","floor":12},{"not_picked":["Warcry","ReplayTheSpireMod:Strike From Hell","Sword Boomerang"],"picked":"SKIP","floor":14},{"not_picked":["Eclipse","Juggernaut"],"picked":"Demon Form","floor":16},{"not_picked":["Run Through","Thunderclap"],"picked":"Flex+1","floor":18},{"not_picked":["Clash","Sentinel+1","Berserk"],"picked":"SKIP","floor":24},{"not_picked":["Thunderclap+1","Iron Wave"],"picked":"Shrug It Off","floor":27},{"not_picked":["Rage","Havoc"],"picked":"True Grit+1","floor":28}],"player_experience":114586,"relics_obtained":[{"floor":3,"key":"Replay:Bandana"},{"floor":5,"key":"Ring of Searing"},{"floor":5,"key":"ReplayTheSpireMod:Ring of Addiction"},{"floor":5,"key":"Chameleon Ring"},{"floor":5,"key":"Toy Ornithopter"},{"floor":6,"key":"War Paint"},{"floor":9,"key":"HornCleat"},{"floor":10,"key":"hubris:64BitClover"},{"floor":12,"key":"Boot"},{"floor":15,"key":"Omamori"},{"floor":21,"key":"infinitespire:EmpoweringShard"},{"floor":24,"key":"Smiling Mask"},{"floor":26,"key":"Matryoshka"}],"event_choices":[{"damage_healed":0,"gold_gain":0,"player_choice":"Donut","damage_taken":0,"max_hp_gain":5,"max_hp_loss":0,"event_name":"Big Fish","floor":2,"gold_loss":0},{"damage_healed":0,"gold_gain":175,"player_choice":"AGREE","damage_taken":0,"max_hp_gain":0,"max_hp_loss":0,"event_name":"Liars Game","floor":13,"gold_loss":0,"cards_obtained":["Doubt"]},{"damage_healed":0,"gold_gain":0,"player_choice":"Joined the Cult","damage_taken":6,"max_hp_gain":0,"max_hp_loss":0,"event_name":"Nest","floor":22,"gold_loss":0,"cards_obtained":["RitualDagger"]}],"is_beta":false,"boss_relics":[{"not_picked":["hubris:HollowSoul","Electric Blood"],"picked":"ChewingGum"}],"items_purged_floors":[0,25,30],"is_endless":false,"potions_floor_spawned":[6,10,14,16,24,27],"killed_by":"Nightmare","ascension_level":8}}