{"host":"7sy3dyg71hje4mzx","time":1609847462,"event":{"mods":["BaseMod","Downfall","Minty Spire (QoL Compilation)","StSLib"],"gold_per_floor":[99,109,120,120,139,57,57,57,71,106,168,183,197,197,211,211,211,211],"floor_reached":16,"playtime":1762,"items_purged":[],"score":104,"play_id":"0a770ea1-ec61-406e-ad48-9e513ec0083f","local_time":"20210105225102","is_ascension_mode":false,"campfire_choices":[{"data":"Guardian:CurlUp","floor":1,"key":"SMITH"},{"data":"Guardian:Emergency","floor":8,"key":"SMITH"}],"circlet_count":0,"master_deck":["Guardian:Strike_Guardian","Guardian:Strike_Guardian","Guardian:Strike_Guardian","Guardian:Strike_Guardian","Guardian:Defend_Guardian+1","Guardian:Defend_Guardian","Guardian:Defend_Guardian","Guardian:Defend_Guardian","Guardian:CurlUp+1","Guardian:TwinSlam","Guardian:Incinerate","Guardian:ShieldSpikes+1","Guardian:Gem_Crimson","Guardian:BronzeOrb","Guardian:Recover","Guardian:Emergency+1","Guardian:Gem_Red","Guardian:BaubleBeam","Guardian:Planning","Guardian:Suspension","Guardian:Gem_Red","Guardian:Gem_Blue","Guardian:Gem_White","Guardian:Gem_Crimson","Guardian:Gem_Blue","Guardian:TimeCapacitor"],"relics":["Guardian:ModeShifter","Vajra","Nunchaku","War Paint","Regal Pillow","Guardian:PickAxe"],"acts_visited":["Exordium"],"potions_floor_usage":[11,11,16,16],"damage_taken":[{"damage":1,"enemies":"Jaw Worm","floor":2,"turns":5},{"damage":1,"enemies":"Cultist","floor":3,"turns":3},{"damage":0,"enemies":"2 Louse","floor":5,"turns":3},{"damage":0,"enemies":"downfall:FleeingMerchant","floor":6,"turns":4},{"damage":0,"enemies":"Blue Slaver","floor":9,"turns":5},{"damage":16,"enemies":"Gremlin Nob","floor":10,"turns":5},{"damage":18,"enemies":"Gremlin Nob","floor":11,"turns":5},{"damage":0,"enemies":"Large Slime","floor":12,"turns":5},{"damage":1,"enemies":"Exordium Thugs","floor":13,"turns":7},{"damage":10,"enemies":"Exordium Thugs","floor":14,"turns":6},{"damage":2,"enemies":"Blue Slaver","floor":15,"turns":3},{"damage":34,"enemies":"downfall:Ironclad","floor":16,"turns":9}],"seed_played":"-8150161763844196361","potions_obtained":[{"floor":9,"key":"Weak Potion"},{"floor":10,"key":"Block Potion"},{"floor":12,"key":"Strength Potion"},{"floor":13,"key":"ColorlessPotion"}],"is_trial":false,"path_per_floor":["R","M","M","?","M","$","T","R","M","E","?","M","M","?","M","B"],"character_chosen":"GUARDIAN","items_purchased":["Guardian:Emergency"],"campfire_rested":0,"item_purchase_floors":[6],"current_hp_per_floor":[80,79,78,78,78,78,78,78,78,62,44,44,43,27,25,0,0,0],"gold":211,"neow_bonus":"RANDOM_COMMON_RELIC","is_daily":false,"chose_seed":false,"campfire_upgraded":2,"win_rate":0.0,"timestamp":1609847462,"path_taken":["R","M","M","?","M","$","T","R","?","E","?","M","M","?","M","BOSS"],"items_purchased_type":["Card"],"build_version":"2020-12-22","purchased_purges":0,"victory":false,"max_hp_per_floor":[80,80,80,80,80,80,80,80,80,80,80,80,80,80,80,80,80,80],"card_choices":[{"not_picked":["Guardian:ChargeCore","Guardian:Gem_Cyan"],"picked":"Guardian:Incinerate","floor":2},{"not_picked":["Guardian:Gem_Green","Guardian:VentSteam"],"picked":"Guardian:ShieldSpikes","floor":3},{"not_picked":["Guardian:Gem_Cyan","Guardian:Gem_Green"],"picked":"Guardian:BronzeOrb","floor":5},{"not_picked":["Guardian:CrystalBeam","Guardian:Emergency"],"picked":"Guardian:Recover","floor":6},{"not_picked":["Guardian:VentSteam","Guardian:Gem_Green"],"picked":"Guardian:Gem_Red","floor":9},{"not_picked":["Guardian:Repulse","Guardian:Gem_Blue"],"picked":"Guardian:BaubleBeam","floor":10},{"not_picked":["Guardian:WalkerClaw","Guardian:DecasProtection"],"picked":"Guardian:Planning","floor":11},{"not_picked":["Guardian:Gem_Red","Guardian:Clone"],"picked":"Guardian:Suspension","floor":12},{"not_picked":["Guardian:SentryBeam","Guardian:TemporalShield"],"picked":"Guardian:Gem_Red","floor":13},{"not_picked":["Guardian:ShieldCharger","Guardian:VentSteam"],"picked":"Guardian:TimeCapacitor","floor":15}],"player_experience":166316,"relics_obtained":[{"floor":7,"key":"Nunchaku"},{"floor":10,"key":"War Paint"},{"floor":11,"key":"Regal Pillow"}],"event_choices":[],"is_beta":false,"boss_relics":[],"items_purged_floors":[],"is_endless":false,"potions_floor_spawned":[9,10,12,13,14],"killed_by":"downfall:Ironclad","ascension_level":0}}