{"host":"w9yruvs4bqht6bhw","time":1609813229,"event":{"mods":["BaseMod","Colored Powertips","Minty Spire (QoL Compilation)"],"gold_per_floor":[112,112,72,85,13,46,46,59,107,107,140,165,19,34,34,162,162,178,191,210,110,110,110],"floor_reached":22,"playtime":686,"items_purged":["Strike_R","Strike_R"],"score":274,"play_id":"d50e2fc0-6953-45e9-a64b-c8f2b277e7fb","local_time":"20210104212029","is_ascension_mode":true,"campfire_choices":[{"data":"Rampage","floor":7,"key":"SMITH"},{"data":"Defend_R","floor":10,"key":"SMITH"},{"floor":15,"key":"REST"}],"circlet_count":0,"master_deck":["Strike_R+1","Strike_R","Strike_R","Defend_R","Defend_R","Defend_R","Defend_R+1","Bash+1","Rampage+1","Iron Wave+1","Battle Trance","Rampage","Limit Break","Flex+1","Spot Weakness"],"relics":["Burning Blood","Golden Idol","Strawberry","Whetstone","Nunchaku","Sozu"],"acts_visited":["Exordium","TheCity"],"potions_floor_usage":[6,6,11,12,22],"damage_taken":[{"damage":2,"enemies":"Jaw Worm","floor":1,"turns":3},{"damage":6,"enemies":"Cultist","floor":4,"turns":3},{"damage":37,"enemies":"Lagavulin","floor":6,"turns":6},{"damage":1,"enemies":"2 Louse","floor":8,"turns":3},{"damage":24,"enemies":"Gremlin Nob","floor":11,"turns":4},{"damage":14,"enemies":"Exordium Wildlife","floor":12,"turns":4},{"damage":3,"enemies":"Red Slaver","floor":14,"turns":3},{"damage":35,"enemies":"Hexaghost","floor":16,"turns":8},{"damage":14,"enemies":"Spheric Guardian","floor":18,"turns":4},{"damage":30,"enemies":"Shell Parasite","floor":19,"turns":5},{"damage":21,"enemies":"Shelled Parasite and Fungi","floor":20,"turns":4},{"damage":25,"enemies":"Centurion and Healer","floor":22,"turns":5}],"seed_played":"-6770874099923734816","potions_obtained":[{"floor":3,"key":"EssenceOfSteel"},{"floor":3,"key":"FearPotion"},{"floor":3,"key":"FearPotion"},{"floor":6,"key":"SpeedPotion"},{"floor":8,"key":"AttackPotion"}],"is_trial":false,"path_per_floor":["M","?","?","M","$","E","R","M","T","R","E","M","$","M","R","B",null,"M","M","M","$","M"],"character_chosen":"IRONCLAD","items_purchased":["Rampage","Rampage"],"campfire_rested":1,"item_purchase_floors":[5,13],"current_hp_per_floor":[76,74,74,74,74,50,50,55,55,55,37,29,29,32,56,27,68,60,36,21,21,0,0],"gold":110,"neow_bonus":"UPGRADE_CARD","is_daily":false,"chose_seed":false,"campfire_upgraded":2,"win_rate":0.0,"timestamp":1609813229,"path_taken":["M","?","?","M","$","E","R","?","T","R","E","M","?","M","R","BOSS","M","M","M","$","M"],"items_purchased_type":["Card","Card"],"build_version":"2020-12-22","purchased_purges":2,"victory":false,"max_hp_per_floor":[80,74,74,74,74,81,81,81,81,81,81,81,81,81,81,81,81,81,81,81,81,81,81],"card_choices":[{"not_picked":["Twin Strike","Flex","Armaments"],"picked":"SKIP","floor":1},{"not_picked":["Flex","Dropkick","Burning Pact"],"picked":"SKIP","floor":4},{"not_picked":["Offering","Wild Strike"],"picked":"Iron Wave","floor":6},{"not_picked":["Rage","Power Through","True Grit"],"picked":"SKIP","floor":8},{"not_picked":["Searing Blow","Dropkick"],"picked":"Battle Trance","floor":11},{"not_picked":["Power Through","Hemokinesis","Metallicize"],"picked":"SKIP","floor":12},{"not_picked":["Rage","Armaments","Second Wind"],"picked":"SKIP","floor":14},{"not_picked":["Exhume","Bludgeon"],"picked":"Limit Break","floor":16},{"not_picked":["Bloodletting","Perfected Strike","Dual Wield"],"picked":"SKIP","floor":18},{"not_picked":["Carnage","Infernal Blade"],"picked":"Flex+1","floor":19},{"not_picked":["Whirlwind+1","True Grit+1"],"picked":"Spot Weakness","floor":20}],"player_experience":329295,"relics_obtained":[{"floor":6,"key":"Strawberry"},{"floor":9,"key":"Whetstone"},{"floor":11,"key":"Nunchaku"}],"event_choices":[{"damage_healed":0,"gold_gain":0,"player_choice":"Lose Max HP","damage_taken":0,"relics_obtained":["Golden Idol"],"max_hp_gain":0,"max_hp_loss":6,"event_name":"Golden Idol","floor":2,"gold_loss":0},{"damage_healed":0,"gold_gain":0,"player_choice":"Bought 3 Potions","damage_taken":0,"max_hp_gain":0,"max_hp_loss":0,"event_name":"The Woman in Blue","floor":3,"gold_loss":0}],"is_beta":false,"boss_relics":[{"not_picked":["Philosopher\u0027s Stone","Coffee Dripper"],"picked":"Sozu"}],"items_purged_floors":[13,21],"is_endless":false,"potions_floor_spawned":[6,8,18,19],"killed_by":"Centurion and Healer","ascension_level":8}}