{"host":"exyz3r55z4kt6m9o","time":1609833794,"event":{"mods":["2.2 Compatiblity","AchievementEnabler","Aspiration","BaseMod","Better Altar","Better Match","Better Note","Better Sensory Stone","Better Skull","Better Third Choice","BetterRewards","Colored Powertips","Energized Spire","Friendly Minions","GifTheSpireLib","Infinite Spire","Ironclad Rager","Jorbs\u0027s Wanderer Trilogy","Luminous","Marisa????????","Minty Spire (QoL Compilation)","Permanent Neow","Rare Cards Sparkle","Reimu??????","Relic Filter","Replay The Spire","Spicy Shops","StSLib","The Bladedancer","The Blue Laboratory","The Gatherer","The Hayseed","The Mystic","The Runesmith","Wandering Minibosses","yUi"],"gold_per_floor":[360,370,15,33,49,78,78,78,78],"floor_reached":8,"playtime":399,"items_purged":["Regret"],"score":58,"play_id":"b4ca5973-75ac-4618-bb30-d18f6a3287ab","local_time":"20210105030314","is_ascension_mode":false,"campfire_choices":[{"floor":7,"key":"REST"}],"circlet_count":0,"master_deck":["Runesmith:Strike_RS","Runesmith:Strike_RS","Runesmith:Strike_RS","Runesmith:Strike_RS","Runesmith:Defend_RS","Runesmith:Defend_RS","Runesmith:Defend_RS","Runesmith:Defend_RS","Runesmith:CraftFirestone","Runesmith:Fortify","Runesmith:Refine","Runesmith:CraftIncendium","Runesmith:PoweredAnvil","Runesmith:ChiselStab","Runesmith:Grindstone"],"relics":["Runesmith:BrokenRuby","Membership Card","Pear","Oddly Smooth Stone"],"acts_visited":["Exordium"],"potions_floor_usage":[6],"damage_taken":[{"damage":6,"enemies":"Cultist","floor":1,"turns":4},{"damage":7,"enemies":"Small Slimes","floor":2,"turns":3},{"damage":3,"enemies":"Jaw Worm","floor":4,"turns":4},{"damage":20,"enemies":"Red Slaver","floor":5,"turns":5},{"damage":22,"enemies":"3 Sentries","floor":6,"turns":5},{"damage":47,"enemies":"Gremlin Nob","floor":8,"turns":5}],"seed_played":"1581473767784394443","potions_obtained":[{"floor":1,"key":"BlessingOfTheForge"},{"floor":4,"key":"ZuzhouPotion:ReiMu"}],"is_trial":false,"path_per_floor":["M","M","$","M","M","E","R","E"],"character_chosen":"RUNESMITH_CLASS","items_purchased":["Membership Card","Runesmith:PoweredAnvil","Pear"],"campfire_rested":1,"item_purchase_floors":[3,3,3],"current_hp_per_floor":[64,57,67,64,44,22,46,0,0],"gold":78,"neow_bonus":"TWO_FIFTY_GOLD","is_daily":false,"chose_seed":false,"campfire_upgraded":0,"win_rate":0.0,"timestamp":1609833794,"path_taken":["M","M","$","?","M","E","R","E"],"items_purchased_type":["Relic","Card","Relic"],"build_version":"2020-12-22","purchased_purges":1,"victory":false,"max_hp_per_floor":[70,70,80,80,80,80,80,80,80],"card_choices":[{"not_picked":["Runesmith:Overpower","Runesmith:CraftProtectio"],"picked":"Runesmith:Refine","floor":1},{"not_picked":["Runesmith:EnergizedChisel","Runesmith:CraftObretio"],"picked":"Runesmith:CraftIncendium","floor":2},{"not_picked":["Runesmith:StaticCage","Runesmith:CraftReservo"],"picked":"Runesmith:ChiselStab","floor":4},{"not_picked":["Runesmith:HeatedChisel","Runesmith:NegativeSpace","Runesmith:BackupBattery"],"picked":"SKIP","floor":5},{"not_picked":["Runesmith:Overpower","Runesmith:EarthShield"],"picked":"Runesmith:Grindstone","floor":6}],"player_experience":665781,"relics_obtained":[{"floor":6,"key":"Oddly Smooth Stone"}],"event_choices":[],"is_beta":false,"boss_relics":[],"items_purged_floors":[3],"is_endless":false,"potions_floor_spawned":[1,4],"killed_by":"Gremlin Nob","ascension_level":0}}