{"host":"bux1pdxjwq4dkad9","time":1609829212,"event":{"mods":["BaseMod","Colored Map","Minty Spire (QoL Compilation)","Quick Restart","Spicy Shops","StSLib","SuperFastMode","°æ“≈ŒÔMod°øºÚµ•”Œœ∑"],"gold_per_floor":[109,109,109,109,132,165,179,219,219,232,157,182,200,31,31,126,126,150,40,65,89,108,148,148,198,222,261,261,302,334,109,109,212,212,233,264,325,345,99,139,139,187,187,234,272,313,338,356,356,356,356,356,356,18,59,59],"floor_reached":57,"playtime":2318,"items_purged":["Strike_G","Strike_G","Strike_G","Defend_G","Defend_G+1","Defend_G"],"score":4105,"play_id":"74cbd21b-c14e-4627-9ac0-b9282abee82f","local_time":"20210105144652","is_ascension_mode":true,"campfire_choices":[{"data":"Footwork","floor":15.0,"key":"SMITH"},{"data":"Tactician","floor":28,"key":"SMITH"},{"floor":32,"key":"RECALL"},{"data":"Prepared","floor":41,"key":"SMITH"},{"data":"Acrobatics","floor":49,"key":"SMITH"},{"data":"Malaise","floor":53,"key":"SMITH"}],"circlet_count":0,"master_deck":["AscendersBane","Strike_G+1","Defend_G","Defend_G","Survivor","Neutralize+1","Backflip","Footwork+1","Acrobatics","Terror","Corpse Explosion","Acrobatics+1","Prepared+1","Tactician+1","Adrenaline","Malaise+1","PiercingWail","Venomology","Madness"],"relics":["Ring of the Snake","AT_LudenTempest","NeowsBlessing","Golden Idol","Calipers","Akabeko","Anchor","Happy Flower","Medical Kit","SlaversCollar","CeramicFish","Molten Egg 2","Pen Nib","The Specimen","Orichalcum","HoveringKite","WingedGreaves","Ice Cream","Membership Card","Mercury Hourglass","Pear","Mummified Hand","HornCleat","Toy Ornithopter","OrangePellets","TungstenRod"],"acts_visited":["Exordium","TheCity","TheBeyond","TheEnding"],"potions_floor_usage":[23,45,46,47,48,50,51,55,56,56,56,56,56],"damage_taken":[{"damage":0.0,"enemies":"2 Louse","floor":1.0,"turns":1.0},{"damage":0.0,"enemies":"Small Slimes","floor":5.0,"turns":1.0},{"damage":0.0,"enemies":"3 Sentries","floor":6.0,"turns":1.0},{"damage":0.0,"enemies":"Jaw Worm","floor":7.0,"turns":2.0},{"damage":0.0,"enemies":"Lagavulin","floor":8.0,"turns":5.0},{"damage":0.0,"enemies":"Red Slaver","floor":10.0,"turns":2.0},{"damage":0.0,"enemies":"Exordium Thugs","floor":12.0,"turns":2.0},{"damage":0.0,"enemies":"Blue Slaver","floor":13.0,"turns":2.0},{"damage":0.0,"enemies":"Hexaghost","floor":16.0,"turns":8.0},{"damage":1.0,"enemies":"Chosen","floor":18.0,"turns":3.0},{"damage":0.0,"enemies":"3 Byrds","floor":20.0,"turns":2.0},{"damage":0.0,"enemies":"Snecko","floor":21.0,"turns":3.0},{"damage":3.0,"enemies":"Centurion and Healer","floor":22.0,"turns":5.0},{"damage":0,"enemies":"Slavers","floor":23,"turns":2},{"damage":0,"enemies":"Gremlin Leader","floor":25,"turns":5},{"damage":0,"enemies":"Slavers","floor":27,"turns":2},{"damage":0,"enemies":"Book of Stabbing","floor":29,"turns":3},{"damage":0,"enemies":"Snake Plant","floor":30,"turns":2},{"damage":0,"enemies":"Automaton","floor":33,"turns":5},{"damage":0,"enemies":"3 Darklings","floor":35,"turns":1},{"damage":0,"enemies":"Mind Bloom Boss Battle","floor":36,"turns":4},{"damage":9,"enemies":"2 Orb Walkers","floor":37,"turns":3},{"damage":0,"enemies":"Orb Walker","floor":38,"turns":2},{"damage":0,"enemies":"Giant Head","floor":40,"turns":4},{"damage":0,"enemies":"Nemesis","floor":42,"turns":1},{"damage":0,"enemies":"Reptomancer","floor":44,"turns":2},{"damage":0,"enemies":"Giant Head","floor":45,"turns":1},{"damage":0,"enemies":"Reptomancer","floor":46,"turns":2},{"damage":0,"enemies":"Sphere and 2 Shapes","floor":47,"turns":2},{"damage":0,"enemies":"Maw","floor":48,"turns":3},{"damage":0,"enemies":"Time Eater","floor":50,"turns":8},{"damage":0,"enemies":"Donu and Deca","floor":51,"turns":5},{"damage":0,"enemies":"Shield and Spear","floor":55,"turns":1},{"damage":0,"enemies":"The Heart","floor":56,"turns":4}],"seed_played":"6919483600969200354","potions_obtained":[{"floor":7.0,"key":"CunningPotion"},{"floor":10.0,"key":"Weak Potion"},{"floor":12.0,"key":"SteroidPotion"},{"floor":16.0,"key":"Swift Potion"},{"floor":29,"key":"Weak Potion"},{"floor":37,"key":"Energy Potion"},{"floor":45,"key":"Energy Potion"},{"floor":47,"key":"EntropicBrew"}],"is_trial":false,"path_per_floor":["M","?","?","T","M","E","M","E","T","M","$","M","M","$","R","B",null,"M","?","M","M","M","E","?","E","T","E","R","E","M","$","R","B",null,"M","?","?","M","$","E","R","E","T","E","E","E","M","M","R","B","B",null,"R","$","E","B",null],"character_chosen":"THE_SILENT","items_purchased":["Medical Kit","Membership Card","Madness","OrangePellets"],"campfire_rested":0,"item_purchase_floors":[14,39,54,54],"current_hp_per_floor":[59,36,16,16,16,16,16,16,16,16,16,16,16,16,16,16,54,53,53,53,53,50,50,50,50,50,50,50,50,50,50,50,50,62,62,62,53,53,53,53,53,63,63,63,63,63,68,73,73,76,76,76,76,76,76,76],"gold":59,"neow_bonus":"THREE_ENEMY_KILL","is_daily":false,"chose_seed":false,"campfire_upgraded":5,"win_rate":0.0,"timestamp":1609829212,"path_taken":["M","?","?","?","M","E","M","E","T","M","$","M","?","$","R","BOSS","M","?","?","M","M","E","?","E","T","E","R","E","M","?","R","BOSS","M","?","?","M","?","E","R","E","T","E","E","E","M","M","R","BOSS","BOSS","R","$","E","BOSS"],"items_purchased_type":["Relic","Relic","Card","Relic"],"build_version":"2020-12-22","purchased_purges":6,"victory":true,"max_hp_per_floor":[66,66,66,66,66,66,66,66,66,66,66,66,66,66,66,66,66,66,66,66,66,66,66,66,66,66,66,66,66,66,66,66,66,66,66,66,66,66,66,66,66,76,76,76,76,76,76,76,76,76,76,76,76,76,76,76],"card_choices":[{"not_picked":["PiercingWail","Dagger Throw","Bane"],"picked":"SKIP","floor":1.0},{"not_picked":["Sucker Punch","Bane"],"picked":"Backflip","floor":5.0},{"not_picked":["Accuracy","Slice"],"picked":"Footwork","floor":6.0},{"not_picked":["Deflect","Blade Dance"],"picked":"Acrobatics","floor":7.0},{"not_picked":["A Thousand Cuts","Crippling Poison","Cloak And Dagger"],"picked":"SKIP","floor":8.0},{"not_picked":["Underhanded Strike","Flying Knee"],"picked":"Terror","floor":10.0},{"not_picked":["Infinite Blades","Blade Dance","Slice"],"picked":"SKIP","floor":12.0},{"not_picked":["Distraction","Dodge and Roll","Underhanded Strike"],"picked":"SKIP","floor":13.0},{"not_picked":["Storm of Steel","Wraith Form v2"],"picked":"Corpse Explosion","floor":16.0},{"not_picked":["Sucker Punch","Quick Slash","Choke"],"picked":"SKIP","floor":18.0},{"not_picked":["Bane","Dagger Spray"],"picked":"Acrobatics","floor":20.0},{"not_picked":["Deadly Poison+1","Dodge and Roll","Heel Hook"],"picked":"SKIP","floor":21.0},{"not_picked":["Backflip","PiercingWail"],"picked":"Prepared","floor":22.0},{"not_picked":["Noxious Fumes","Choke","Eviscerate"],"picked":"SKIP","floor":23},{"not_picked":["Underhanded Strike+1","Eviscerate+1"],"picked":"Tactician","floor":25},{"not_picked":["Cloak And Dagger","Terror","PiercingWail"],"picked":"SKIP","floor":27},{"not_picked":["Backflip","Outmaneuver","Cloak And Dagger"],"picked":"SKIP","floor":29},{"not_picked":["Acrobatics","Deflect"],"picked":"Adrenaline","floor":30},{"not_picked":["Unload+1","Glass Knife+1"],"picked":"Malaise","floor":33},{"not_picked":["Finisher+1","Bouncing Flask","Blade Dance+1"],"picked":"SKIP","floor":35},{"not_picked":["Masterful Stab+1","Escape Plan","Dodge and Roll"],"picked":"SKIP","floor":38},{"not_picked":["Infinite Blades+1","Masterful Stab+1","Underhanded Strike+1"],"picked":"SKIP","floor":40},{"not_picked":["Outmaneuver","PiercingWail","Noxious Fumes"],"picked":"SKIP","floor":42},{"not_picked":["Outmaneuver","Noxious Fumes"],"picked":"PiercingWail","floor":42},{"not_picked":["Venomology","Cloak And Dagger","Tactician"],"picked":"SKIP","floor":44},{"not_picked":["Cloak And Dagger","Tactician"],"picked":"Venomology","floor":44},{"not_picked":["Deadly Poison","Outmaneuver","Choke+1"],"picked":"SKIP","floor":45},{"not_picked":["Endless Agony+1","Tactician","Dagger Spray+1"],"picked":"SKIP","floor":46},{"not_picked":["Escape Plan","Well Laid Plans","Terror"],"picked":"SKIP","floor":47},{"not_picked":["Sucker Punch+1","Quick Slash+1","Backstab+1"],"picked":"SKIP","floor":48},{"not_picked":["Leg Sweep","Expertise+1","Crippling Poison+1"],"picked":"SKIP","floor":55}],"player_experience":2338832,"relics_obtained":[{"floor":4.0,"key":"Calipers"},{"floor":6.0,"key":"Akabeko"},{"floor":8.0,"key":"Anchor"},{"floor":9.0,"key":"Happy Flower"},{"floor":23,"key":"CeramicFish"},{"floor":25,"key":"Molten Egg 2"},{"floor":26,"key":"Pen Nib"},{"floor":27,"key":"The Specimen"},{"floor":29,"key":"Orichalcum"},{"floor":36,"key":"WingedGreaves"},{"floor":37,"key":"Ice Cream"},{"floor":40,"key":"Mercury Hourglass"},{"floor":42,"key":"Pear"},{"floor":44,"key":"Mummified Hand"},{"floor":45,"key":"HornCleat"},{"floor":46,"key":"Toy Ornithopter"},{"floor":55,"key":"TungstenRod"}],"event_choices":[{"damage_healed":0.0,"max_hp_gain":0.0,"max_hp_loss":0.0,"gold_gain":0.0,"event_name":"Golden Idol","player_choice":"Take Damage","floor":2.0,"gold_loss":0.0,"damage_taken":23.0,"relics_obtained":["Golden Idol"]},{"damage_healed":0.0,"max_hp_gain":0.0,"max_hp_loss":0.0,"gold_gain":0.0,"event_name":"Shining Light","player_choice":"Entered Light","floor":3.0,"gold_loss":0.0,"damage_taken":20.0,"cards_upgraded":["Strike_G","Neutralize"]},{"cards_removed":["Strike_G"],"damage_healed":0.0,"max_hp_gain":0.0,"max_hp_loss":0.0,"gold_gain":0.0,"event_name":"Designer","player_choice":"Upgrade and Remove","floor":19.0,"gold_loss":110.0,"damage_taken":0.0,"cards_upgraded":["Defend_G"]},{"damage_healed":0,"gold_gain":0,"player_choice":"Ignored","damage_taken":0,"max_hp_gain":0,"max_hp_loss":0,"event_name":"N\u0027loth","floor":24,"gold_loss":0},{"damage_healed":0,"gold_gain":0,"player_choice":"Fight","damage_taken":0,"max_hp_gain":0,"max_hp_loss":0,"event_name":"MindBloom","floor":36,"gold_loss":0},{"damage_healed":0,"gold_gain":0,"player_choice":"Fight","damage_taken":0,"max_hp_gain":0,"max_hp_loss":0,"event_name":"Mysterious Sphere","floor":37,"gold_loss":0}],"is_beta":false,"boss_relics":[{"not_picked":["Fusion Hammer","Runic Pyramid"],"picked":"SlaversCollar"},{"not_picked":["Cursed Key","Busted Crown"],"picked":"HoveringKite"}],"items_purged_floors":[11,31,31,39,54,54],"is_endless":false,"potions_floor_spawned":[7,10,12,13,16,18,21,22,29,33,35,37,45,47],"ascension_level":20}}