{"host":"r6jigiblrojhp6xe","time":1609829192,"event":{"mods":["AchievementEnabler","BaseMod","DeckTracker","Minty Spire (QoL Compilation)","Quick Restart","Rare Cards Sparkle","Relic Stats","StSLib","SuperFastMode","The Cursed","everything is the same but u backflip on backflip"],"gold_per_floor":[115,115,129,54,71,71,12,12,12,46,60,60,60,70,70,141,141,152,77,96,41,41,69,69,69,96,96,139,159,159,181,181,256,256,270,295,312,212,212,212,212,212,284,284,42,42,42,56,56,56,56],"floor_reached":52,"playtime":1538,"items_purged":["Defend_G","Masterful Stab"],"score":2018,"play_id":"a5a8f38f-5e5e-4d6f-9cf6-3a16189abc52","local_time":"20210105154632","is_ascension_mode":true,"campfire_choices":[{"data":"Envenom","floor":6.0,"key":"SMITH"},{"data":"Neutralize","floor":8.0,"key":"SMITH"},{"data":"Eviscerate","floor":12.0,"key":"SMITH"},{"data":"Survivor","floor":15.0,"key":"SMITH"},{"data":"Phantasmal Killer","floor":24,"key":"SMITH"},{"data":"Prepared","floor":27,"key":"SMITH"},{"data":"Reflex","floor":30,"key":"SMITH"},{"data":"Acrobatics","floor":32,"key":"SMITH"},{"data":"Venomology","floor":40,"key":"SMITH"},{"floor":41,"key":"DIG"},{"floor":42,"key":"DIG"},{"data":"Reflex","floor":47,"key":"SMITH"},{"floor":49,"key":"DIG"}],"circlet_count":0,"master_deck":["AscendersBane","Defend_G+1","Survivor+1","Neutralize+1","Envenom+1","Reflex+1","Eviscerate+1","Acrobatics+1","Die Die Die","Dagger Throw","Phantasmal Killer+1","Prepared+1","Backflip+1","Venomology+1","Calculated Gamble+1","Reflex+1"],"relics":["Ring of the Serpent","Unceasing Top","Pantograph","Empty Cage","Matryoshka","Snake Skull","CeramicFish","Shovel","WingedGreaves","War Paint","Boot","Regal Pillow","Bottled Tornado","Medical Kit","Anchor"],"acts_visited":["Exordium","TheCity","TheBeyond"],"potions_floor_usage":[35,36,48,50,51,51],"damage_taken":[{"damage":6.0,"enemies":"Cultist","floor":1.0,"turns":5.0},{"damage":0.0,"enemies":"2 Louse","floor":3.0,"turns":3.0},{"damage":1.0,"enemies":"Small Slimes","floor":5.0,"turns":4.0},{"damage":22.0,"enemies":"Lagavulin","floor":10.0,"turns":5.0},{"damage":3.0,"enemies":"Exordium Wildlife","floor":11.0,"turns":4.0},{"damage":0.0,"enemies":"2 Fungi Beasts","floor":14.0,"turns":2.0},{"damage":13.0,"enemies":"Hexaghost","floor":16.0,"turns":7.0},{"damage":0.0,"enemies":"Chosen","floor":18.0,"turns":3.0},{"damage":0.0,"enemies":"Spheric Guardian","floor":20.0,"turns":2.0},{"damage":0,"enemies":"Slavers","floor":23,"turns":1},{"damage":0,"enemies":"Gremlin Leader","floor":28,"turns":2},{"damage":9,"enemies":"Cultist and Chosen","floor":29,"turns":3},{"damage":0,"enemies":"3 Cultists","floor":31,"turns":2},{"damage":0,"enemies":"Automaton","floor":33,"turns":3},{"damage":0,"enemies":"Orb Walker","floor":35,"turns":2},{"damage":0,"enemies":"Mind Bloom Boss Battle","floor":36,"turns":3},{"damage":6,"enemies":"3 Darklings","floor":37,"turns":3},{"damage":0,"enemies":"4 Shapes","floor":48,"turns":3},{"damage":37,"enemies":"Donu and Deca","floor":50,"turns":5},{"damage":40,"enemies":"Awakened One","floor":51,"turns":5}],"seed_played":"5036869170289706267","potions_obtained":[{"floor":5.0,"key":"ColorlessPotion"},{"floor":14.0,"key":"ColorlessPotion"},{"floor":16.0,"key":"DistilledChaos"},{"floor":18.0,"key":"SmokeBomb"},{"floor":36,"key":"Strength Potion"}],"is_trial":false,"path_per_floor":["M","?","M","?","M","R","$","R","T","E","M","R","?","M","R","B",null,"M","$","M","$","?","E","R","?","T","R","E","M","R","M","R","B",null,"M","?","M","$","?","R","R","R","T","?","$","?","R","M","R","B","B",null],"character_chosen":"THE_SILENT","items_purchased":["Acrobatics","Block Potion","Medical Kit","Reflex"],"campfire_rested":0,"item_purchase_floors":[7,21,45,45],"current_hp_per_floor":[53,53,53,53,52,52,52,52,52,30,27,27,20,20,20,32,53,53,53,53,53,53,53,53,53,53,53,53,44,44,44,44,60,60,60,60,54,54,54,54,54,54,54,54,54,54,54,54,54,20,5],"gold":56,"neow_bonus":"REMOVE_TWO","is_daily":false,"chose_seed":false,"campfire_upgraded":10,"win_rate":0.0,"timestamp":1609829192,"path_taken":["M","?","M","?","M","R","$","R","T","E","M","R","?","M","R","BOSS","M","$","M","$","?","E","R","?","T","R","E","M","R","M","R","BOSS","M","?","M","$","?","R","R","R","T","?","$","?","R","M","R","BOSS","BOSS"],"items_purchased_type":["Card","Potion","Relic","Card"],"build_version":"2020-12-22","purchased_purges":2,"victory":true,"max_hp_per_floor":[60,60,60,60,60,60,60,60,60,60,60,60,60,60,60,60,60,60,60,60,60,60,60,60,60,60,60,60,60,60,60,60,60,60,60,60,60,60,60,60,60,60,60,57,57,57,57,57,57,57,57],"relic_stats":{"Regal Pillow":0,"Shovel":3,"counters":[20,67],"Pantograph":69,"CeramicFish":27,"Snake Skull":[192],"War Paint":["Defend_G"],"Boot":[9],"Medical Kit":[6],"obtain_stats":[{"Regal Pillow":43,"CeramicFish":26,"Snake Skull":26,"War Paint":41,"Bottled Tornado":43,"Empty Cage":17,"Boot":42,"Medical Kit":45,"Anchor":49,"Matryoshka":23,"Shovel":28,"Pantograph":10,"WingedGreaves":36,"Unceasing Top":9,"Ring of the Serpent":34,"Ring of the Snake":0},{"Regal Pillow":17,"CeramicFish":10,"Snake Skull":10,"War Paint":17,"Bottled Tornado":17,"Empty Cage":7,"Boot":17,"Medical Kit":17,"Anchor":18,"Matryoshka":10,"Shovel":11,"Pantograph":4,"WingedGreaves":16,"Unceasing Top":3,"Ring of the Serpent":14,"Ring of the Snake":0},{"Regal Pillow":54,"CeramicFish":36,"Snake Skull":36,"War Paint":54,"Bottled Tornado":54,"Empty Cage":30,"Boot":54,"Medical Kit":54,"Anchor":57,"Matryoshka":36,"Shovel":38,"Pantograph":17,"WingedGreaves":51,"Unceasing Top":12,"Ring of the Serpent":46,"Ring of the Snake":0}],"Unceasing Top":[1]},"card_choices":[{"not_picked":["Acrobatics","Poisoned Stab"],"picked":"Masterful Stab","floor":1.0},{"not_picked":["Outmaneuver","Cloak And Dagger"],"picked":"Reflex","floor":3.0},{"not_picked":["Deadly Poison","Outmaneuver"],"picked":"Eviscerate","floor":5.0},{"not_picked":["Cloak And Dagger","Acrobatics","Deflect"],"picked":"SKIP","floor":10.0},{"not_picked":["Slice","Sucker Punch"],"picked":"Die Die Die","floor":11.0},{"not_picked":["Slice","Quick Slash"],"picked":"Dagger Throw","floor":14.0},{"not_picked":["Storm of Steel","Burst"],"picked":"Phantasmal Killer","floor":16.0},{"not_picked":["Concentrate","Blur"],"picked":"Prepared","floor":18.0},{"not_picked":["Deadly Poison","Dodge and Roll","Slice"],"picked":"SKIP","floor":20.0},{"not_picked":["Footwork","Bouncing Flask"],"picked":"Backflip+1","floor":23},{"not_picked":["Sucker Punch","Underhanded Strike"],"picked":"Venomology","floor":28},{"not_picked":["Dagger Spray","Slice","Skewer"],"picked":"SKIP","floor":29},{"not_picked":["Noxious Fumes","Dagger Spray"],"picked":"Calculated Gamble+1","floor":31},{"not_picked":["Acrobatics","Expertise+1","PiercingWail+1"],"picked":"SKIP","floor":35},{"not_picked":["Blade Dance","Terror","Choke"],"picked":"SKIP","floor":37},{"not_picked":["Sucker Punch","Dash","Backflip"],"picked":"SKIP","floor":48}],"player_experience":565305,"relics_obtained":[{"floor":9.0,"key":"Unceasing Top"},{"floor":10.0,"key":"Pantograph"},{"floor":23,"key":"Matryoshka"},{"floor":26,"key":"Snake Skull"},{"floor":26,"key":"CeramicFish"},{"floor":28,"key":"Shovel"},{"floor":36,"key":"WingedGreaves"},{"floor":41,"key":"War Paint"},{"floor":42,"key":"Boot"},{"floor":43,"key":"Regal Pillow"},{"floor":43,"key":"Bottled Tornado"},{"floor":49,"key":"Anchor"}],"event_choices":[{"damage_healed":0.0,"max_hp_gain":0.0,"max_hp_loss":0.0,"gold_gain":0.0,"cards_transformed":["Defend_G"],"event_name":"Living Wall","player_choice":"Change","floor":2.0,"gold_loss":0.0,"damage_taken":0.0,"cards_obtained":["Envenom"]},{"cards_removed":["Strike_G"],"damage_healed":0.0,"max_hp_gain":0.0,"max_hp_loss":0.0,"gold_gain":0.0,"event_name":"The Cleric","player_choice":"Card Removal","floor":4.0,"gold_loss":75.0,"damage_taken":0.0},{"cards_removed":["Strike_G"],"damage_healed":0.0,"max_hp_gain":0.0,"max_hp_loss":0.0,"gold_gain":0.0,"event_name":"Golden Wing","player_choice":"Card Removal","floor":13.0,"gold_loss":0.0,"damage_taken":7.0},{"damage_healed":0.0,"max_hp_gain":0.0,"max_hp_loss":0.0,"gold_gain":0.0,"event_name":"The Mausoleum","player_choice":"Ignored","floor":22.0,"gold_loss":0.0,"damage_taken":0.0},{"cards_removed":["Defend_G"],"damage_healed":0,"gold_gain":0,"player_choice":"Elegance","damage_taken":0,"max_hp_gain":0,"max_hp_loss":0,"event_name":"Back to Basics","floor":25,"gold_loss":0},{"damage_healed":0,"gold_gain":0,"player_choice":"Fight","damage_taken":0,"max_hp_gain":0,"max_hp_loss":0,"event_name":"MindBloom","floor":36,"gold_loss":0},{"damage_healed":0,"gold_gain":0,"player_choice":"Ignored","damage_taken":0,"max_hp_gain":0,"max_hp_loss":0,"event_name":"Tomb of Lord Red Mask","floor":39,"gold_loss":0},{"damage_healed":0,"gold_gain":0,"player_choice":"Max HP","damage_taken":0,"max_hp_gain":0,"max_hp_loss":3,"event_name":"Winding Halls","floor":44,"gold_loss":0},{"damage_healed":0,"gold_gain":0,"player_choice":"Memory 1","damage_taken":0,"max_hp_gain":0,"max_hp_loss":0,"event_name":"SensoryStone","floor":46,"gold_loss":0}],"is_beta":false,"boss_relics":[{"not_picked":["Black Star","Runic Dome"],"picked":"Empty Cage"},{"not_picked":["Pandora\u0027s Box","Tiny House"],"picked":"Ring of the Serpent"}],"items_purged_floors":[19,38],"is_endless":false,"potions_floor_spawned":[5,14,16,18,31,33,36,48],"ascension_level":20}}