{"host":"zxkjcgzis4pm3za5","time":1609862309,"event":{"mods":["AchievementEnabler","BaseMod","Colored Map","Colored Powertips","Minty Spire (QoL Compilation)","Quick Restart","RNG Fix","Random Character Button","StSLib"],"gold_per_floor":[211,229,241,258,270,270,298,298,352,352,372,372,372],"floor_reached":12,"playtime":322,"items_purged":[],"score":135,"play_id":"be4b6799-7b3d-49e8-ae13-63fd61985f70","local_time":"20210105212829","is_ascension_mode":true,"campfire_choices":[{"data":"Fire Breathing","floor":6,"key":"SMITH"},{"data":"Corruption","floor":8,"key":"SMITH"}],"circlet_count":0,"master_deck":["AscendersBane","Strike_R","Strike_R","Strike_R","Strike_R","Strike_R","Defend_R","Defend_R","Defend_R","Defend_R","Bash","Thunderclap","True Grit","Iron Wave","Brutality","Fire Breathing+1","Corruption+1","Sentinel"],"relics":["Burning Blood","Paper Frog","Blood Vial","Golden Idol"],"acts_visited":["Exordium"],"potions_floor_usage":[7],"damage_taken":[{"damage":1,"enemies":"Cultist","floor":1,"turns":3},{"damage":11,"enemies":"Jaw Worm","floor":2,"turns":6},{"damage":5,"enemies":"Small Slimes","floor":3,"turns":4},{"damage":14,"enemies":"3 Louse","floor":4,"turns":4},{"damage":31,"enemies":"Exordium Wildlife","floor":5,"turns":8},{"damage":20,"enemies":"3 Sentries","floor":7,"turns":4},{"damage":10,"enemies":"2 Fungi Beasts","floor":11,"turns":3},{"damage":52,"enemies":"Gremlin Nob","floor":12,"turns":4}],"seed_played":"-2527472556302682028","potions_obtained":[{"floor":1,"key":"BloodPotion"},{"floor":3,"key":"GamblersBrew"},{"floor":7,"key":"ElixirPotion"},{"floor":11,"key":"Dexterity Potion"}],"is_trial":false,"path_per_floor":["M","M","M","M","M","R","E","R","T","?","M","E"],"character_chosen":"IRONCLAD","items_purchased":[],"campfire_rested":0,"item_purchase_floors":[],"current_hp_per_floor":[77,72,73,65,40,40,42,42,42,42,40,0,0],"gold":372,"neow_bonus":"HUNDRED_GOLD","is_daily":false,"chose_seed":false,"campfire_upgraded":2,"win_rate":0.0,"timestamp":1609862309,"path_taken":["M","M","M","M","M","R","E","R","T","?","M","E"],"items_purchased_type":[],"build_version":"2020-12-22","purchased_purges":0,"victory":false,"max_hp_per_floor":[80,80,80,80,80,80,80,80,80,74,74,74,74],"card_choices":[{"not_picked":["Body Slam","Warcry"],"picked":"Thunderclap","floor":1},{"not_picked":["Heavy Blade","Warcry"],"picked":"True Grit","floor":2},{"not_picked":["Intimidate","Infernal Blade"],"picked":"Iron Wave","floor":3},{"not_picked":["Body Slam","Reckless Charge"],"picked":"Brutality","floor":4},{"not_picked":["Warcry","Perfected Strike"],"picked":"Fire Breathing","floor":5},{"not_picked":["Twin Strike","Dark Embrace"],"picked":"Corruption","floor":7},{"not_picked":["Wild Strike","Reckless Charge"],"picked":"Sentinel","floor":11}],"player_experience":185236,"relics_obtained":[{"floor":7,"key":"Paper Frog"},{"floor":9,"key":"Blood Vial"}],"event_choices":[{"damage_healed":0,"gold_gain":0,"player_choice":"Lose Max HP","damage_taken":0,"relics_obtained":["Golden Idol"],"max_hp_gain":0,"max_hp_loss":6,"event_name":"Golden Idol","floor":10,"gold_loss":0}],"is_beta":false,"boss_relics":[],"items_purged_floors":[],"is_endless":false,"potions_floor_spawned":[1,3,7,11],"killed_by":"Gremlin Nob","ascension_level":13}}