{"host":"9l4mw5jqza9qz9hr","time":1609842687,"event":{"mods":["AchievementEnabler","Always Whale","BaseMod","Colored Map","Minty Spire (QoL Compilation)","StSLib","SuperFastMode"],"gold_per_floor":[112,37,37,56,69,69,123,141,141,166,196,196,196,212,212,315,315,325,71,271,59,73,100,118,152,152,183,202,215,240,255,255,360,360,380,380,398,398,101,115,140,140,217,236,236,236,270,280,280,280],"floor_reached":51,"playtime":1905,"items_purged":["Strike_R","Strike_R","Strike_R","Strike_R"],"score":1496,"play_id":"d04a4b36-8ee3-40e5-ad14-8d540109a91e","local_time":"20210105193127","is_ascension_mode":true,"campfire_choices":[{"data":"Body Slam","floor":6.0,"key":"SMITH"},{"data":"Armaments","floor":12.0,"key":"SMITH"},{"data":"Body Slam","floor":15.0,"key":"SMITH"},{"data":"Barricade","floor":32.0,"key":"SMITH"},{"data":"Apotheosis","floor":46.0,"key":"SMITH"},{"floor":49,"key":"REST"}],"circlet_count":0,"master_deck":["AscendersBane","Defend_R","Defend_R","Defend_R","Bash","Body Slam+1","Power Through","Flame Barrier","Armaments+1","Body Slam+1","Shrug It Off","Barricade+1","Ghostly Armor+1","Flash of Steel","Brutality","True Grit+1","Double Tap","Shrug It Off","Offering","Dark Embrace+1","Apotheosis+1","Flame Barrier+1"],"relics":["Burning Blood","NeowsBlessing","Anchor","Mummified Hand","Sundial","Odd Mushroom","Velvet Choker","Medical Kit","Happy Flower","Lantern","Paper Frog","Bottled Lightning","Pen Nib","Sozu","Bag of Preparation","MealTicket","Blue Candle","Lizard Tail"],"acts_visited":["Exordium","TheCity","TheBeyond"],"potions_floor_usage":[48,48,50],"damage_taken":[{"damage":0.0,"enemies":"Small Slimes","floor":1.0,"turns":1.0},{"damage":0.0,"enemies":"Cultist","floor":4.0,"turns":1.0},{"damage":0.0,"enemies":"2 Louse","floor":5.0,"turns":1.0},{"damage":43.0,"enemies":"Lagavulin","floor":7.0,"turns":10.0},{"damage":0.0,"enemies":"Blue Slaver","floor":8.0,"turns":4.0},{"damage":21.0,"enemies":"Gremlin Nob","floor":10.0,"turns":5.0},{"damage":18.0,"enemies":"The Mushroom Lair","floor":11.0,"turns":6.0},{"damage":0.0,"enemies":"Lots of Slimes","floor":14.0,"turns":4.0},{"damage":15.0,"enemies":"The Guardian","floor":16.0,"turns":13.0},{"damage":0.0,"enemies":"Spheric Guardian","floor":18.0,"turns":2.0},{"damage":0.0,"enemies":"2 Thieves","floor":22.0,"turns":4.0},{"damage":0.0,"enemies":"Gremlin Leader","floor":23.0,"turns":7.0},{"damage":1.0,"enemies":"Snake Plant","floor":24.0,"turns":5.0},{"damage":7.0,"enemies":"Slavers","floor":25.0,"turns":6.0},{"damage":0.0,"enemies":"Gremlin Leader","floor":27.0,"turns":6.0},{"damage":3.0,"enemies":"Snecko","floor":28.0,"turns":4.0},{"damage":7.0,"enemies":"Cultist and Chosen","floor":29.0,"turns":7.0},{"damage":2.0,"enemies":"Book of Stabbing","floor":30.0,"turns":3.0},{"damage":18.0,"enemies":"3 Cultists","floor":31.0,"turns":6.0},{"damage":14.0,"enemies":"Champ","floor":33.0,"turns":8.0},{"damage":10.0,"enemies":"3 Shapes","floor":35.0,"turns":6.0},{"damage":1.0,"enemies":"Orb Walker","floor":37.0,"turns":3.0},{"damage":9.0,"enemies":"3 Darklings","floor":40.0,"turns":4.0},{"damage":9.0,"enemies":"Nemesis","floor":41.0,"turns":5.0},{"damage":40.0,"enemies":"4 Shapes","floor":44.0,"turns":4.0},{"damage":12.0,"enemies":"Reptomancer","floor":47.0,"turns":7.0},{"damage":34,"enemies":"Transient","floor":48,"turns":5},{"damage":13,"enemies":"Donu and Deca","floor":50,"turns":9}],"seed_played":"4301965925259884437","potions_obtained":[{"floor":5.0,"key":"ColorlessPotion"},{"floor":8.0,"key":"GamblersBrew"},{"floor":10.0,"key":"Strength Potion"},{"floor":11.0,"key":"Weak Potion"},{"floor":13.0,"key":"Swift Potion"},{"floor":23.0,"key":"Ancient Potion"},{"floor":24.0,"key":"BloodPotion"},{"floor":29.0,"key":"DistilledChaos"}],"is_trial":false,"path_per_floor":["M","$","?","M","M","R","E","M","T","E","?","R","?","M","R","B",null,"M","$","?","$","M","E","M","E","T","E","M","M","E","M","R","B",null,"M","?","M","?","$","M","E","$","T","M","?","R","E","M","R","B",null],"character_chosen":"IRONCLAD","items_purchased":["Medical Kit","Flash of Steel","Bag of Preparation"],"campfire_rested":1,"item_purchase_floors":[19,21,39],"current_hp_per_floor":[78,78,78,80,80,80,43,49,49,34,22,22,22,28,28,19,65,71,71,71,71,77,80,80,79,79,80,80,79,80,68,68,60,75,71,61,66,66,66,63,60,75,75,41,41,41,35,23,47,40],"gold":280,"neow_bonus":"THREE_ENEMY_KILL","is_daily":false,"chose_seed":false,"campfire_upgraded":5,"win_rate":0.0,"timestamp":1609842687,"path_taken":["M","$","?","M","?","R","E","M","T","E","?","R","?","?","R","BOSS","M","$","?","$","M","E","M","E","T","E","M","M","E","M","R","BOSS","M","?","M","?","$","M","E","$","T","M","?","R","E","?","R","BOSS"],"items_purchased_type":["Relic","Card","Relic"],"build_version":"2020-12-22","purchased_purges":4,"victory":true,"max_hp_per_floor":[80,80,80,80,80,80,80,80,80,80,80,80,80,80,80,80,80,80,80,80,80,80,80,80,80,80,80,80,80,80,80,80,80,80,80,80,80,80,80,80,80,80,80,80,80,80,80,80,80,80],"card_choices":[{"not_picked":["Thunderclap","Flex"],"picked":"Body Slam","floor":1.0},{"not_picked":["Searing Blow","Rage","Iron Wave"],"picked":"SKIP","floor":4.0},{"not_picked":["Iron Wave","Clothesline"],"picked":"Power Through","floor":5.0},{"not_picked":["Shockwave","Evolve"],"picked":"Flame Barrier","floor":7.0},{"not_picked":["Sword Boomerang","Clothesline"],"picked":"Armaments","floor":8.0},{"not_picked":["Armaments","Immolate"],"picked":"Body Slam","floor":10.0},{"not_picked":["Clash","Wild Strike"],"picked":"Shrug It Off","floor":11.0},{"not_picked":["Carnage","Flex","Blood for Blood"],"picked":"SKIP","floor":14.0},{"not_picked":["Demon Form","Bludgeon"],"picked":"Barricade","floor":16.0},{"not_picked":["Wild Strike","Twin Strike"],"picked":"Ghostly Armor+1","floor":18.0},{"not_picked":["Pummel","Ghostly Armor","Clash+1"],"picked":"SKIP","floor":22.0},{"not_picked":["Heavy Blade","Thunderclap","Clothesline+1"],"picked":"SKIP","floor":23.0},{"not_picked":["Armaments","Perfected Strike","Rupture"],"picked":"SKIP","floor":24.0},{"not_picked":["Perfected Strike+1","Warcry","Whirlwind"],"picked":"SKIP","floor":25.0},{"not_picked":["Flex","Power Through"],"picked":"Brutality","floor":27.0},{"not_picked":["Spot Weakness+1","Thunderclap","Anger+1"],"picked":"SKIP","floor":28.0},{"not_picked":["Cleave","Rampage"],"picked":"True Grit+1","floor":29.0},{"not_picked":["Intimidate","Sentinel"],"picked":"Double Tap","floor":30.0},{"not_picked":["Warcry+1","Body Slam"],"picked":"Shrug It Off","floor":31.0},{"not_picked":["Brutality","Immolate"],"picked":"Offering","floor":33.0},{"not_picked":["Iron Wave+1","Perfected Strike+1"],"picked":"Dark Embrace+1","floor":35.0},{"not_picked":["Good Instincts","Bandage Up"],"picked":"Apotheosis","floor":36.0},{"not_picked":["Disarm","Body Slam+1"],"picked":"Flame Barrier+1","floor":37.0},{"not_picked":["Iron Wave","Seeing Red","Armaments+1"],"picked":"SKIP","floor":40.0},{"not_picked":["Twin Strike","Thunderclap+1","Havoc+1"],"picked":"SKIP","floor":41.0},{"not_picked":["Pommel Strike+1","Havoc","True Grit+1"],"picked":"SKIP","floor":44.0},{"not_picked":["Iron Wave+1","Cleave+1","Armaments"],"picked":"SKIP","floor":47.0},{"not_picked":["Limit Break","Body Slam","Clothesline"],"picked":"SKIP","floor":48}],"player_experience":171983,"relics_obtained":[{"floor":7.0,"key":"Anchor"},{"floor":9.0,"key":"Mummified Hand"},{"floor":10.0,"key":"Sundial"},{"floor":11.0,"key":"Odd Mushroom"},{"floor":23.0,"key":"Happy Flower"},{"floor":25.0,"key":"Lantern"},{"floor":26.0,"key":"Paper Frog"},{"floor":27.0,"key":"Bottled Lightning"},{"floor":30.0,"key":"Pen Nib"},{"floor":41.0,"key":"MealTicket"},{"floor":43.0,"key":"Blue Candle"},{"floor":47.0,"key":"Lizard Tail"}],"event_choices":[{"cards_removed":["Strike_R"],"damage_healed":0.0,"max_hp_gain":0.0,"max_hp_loss":0.0,"gold_gain":0.0,"event_name":"Purifier","player_choice":"Purged","floor":3.0,"gold_loss":0.0,"damage_taken":0.0},{"damage_healed":0.0,"max_hp_gain":0.0,"max_hp_loss":0.0,"gold_gain":0.0,"event_name":"Mushrooms","player_choice":"Fought Mushrooms","floor":11.0,"gold_loss":0.0,"damage_taken":0.0},{"damage_healed":0.0,"max_hp_gain":0.0,"max_hp_loss":0.0,"gold_gain":0.0,"event_name":"Lab","player_choice":"Got Potions","floor":13.0,"gold_loss":0.0,"damage_taken":0.0},{"damage_healed":0.0,"max_hp_gain":0.0,"max_hp_loss":0.0,"gold_gain":250.0,"event_name":"The Joust","player_choice":"Bet on Owner","floor":20.0,"gold_loss":50.0,"damage_taken":0.0},{"damage_healed":0.0,"max_hp_gain":0.0,"max_hp_loss":0.0,"gold_gain":0.0,"event_name":"SensoryStone","player_choice":"Memory 3","floor":36.0,"gold_loss":0.0,"damage_taken":10.0},{"cards_removed":["Defend_R"],"damage_healed":0.0,"max_hp_gain":0.0,"max_hp_loss":0.0,"gold_gain":0.0,"event_name":"Falling","player_choice":"Removed Skill","floor":38.0,"gold_loss":0.0,"damage_taken":0.0},{"damage_healed":0.0,"max_hp_gain":0.0,"max_hp_loss":0.0,"gold_gain":0.0,"event_name":"SecretPortal","player_choice":"Ignored","floor":45.0,"gold_loss":0.0,"damage_taken":0.0}],"is_beta":false,"boss_relics":[{"not_picked":["Mark of Pain","Runic Dome"],"picked":"Velvet Choker"},{"not_picked":["Philosopher\u0027s Stone","Busted Crown"],"picked":"Sozu"}],"items_purged_floors":[2,19,21,39],"is_endless":false,"potions_floor_spawned":[5,8,10,11,23,24,29,31,33,40,47,48],"ascension_level":10}}