{"host":"w9yruvs4bqht6bhw","time":1609819862,"event":{"mods":["BaseMod","Colored Powertips","Minty Spire (QoL Compilation)"],"gold_per_floor":[113,113,129,129,5,40,40,50,50,50,70,84,98,114,114,211,211,227,238,238,258,11,37,37,56,56,56,56],"floor_reached":27,"playtime":1200,"items_purged":["Strike_G"],"score":249,"play_id":"0965f771-c449-4e06-bb05-efcf2e5403a3","local_time":"20210104231102","is_ascension_mode":true,"campfire_choices":[{"data":"Madness","floor":7,"key":"SMITH"},{"data":"Slice","floor":10,"key":"SMITH"},{"floor":15,"key":"REST"},{"floor":24,"key":"REST"}],"circlet_count":0,"master_deck":["Strike_G","Strike_G","Strike_G","Strike_G","Defend_G","Defend_G","Defend_G","Defend_G","Defend_G","Survivor","Neutralize+1","Madness+1","Slice+1","Leg Sweep","Poisoned Stab","Quick Slash","Poisoned Stab","Poisoned Stab","Burst","Envenom","Blade Dance+1","Infinite Blades+1","Flying Knee+1"],"relics":["Ring of the Snake","The Courier","Letter Opener","Busted Crown","Shovel","Kunai","Ornamental Fan"],"acts_visited":["Exordium","TheCity"],"potions_floor_usage":[8,16,16,23,23,25],"damage_taken":[{"damage":5,"enemies":"Jaw Worm","floor":1,"turns":6},{"damage":0,"enemies":"2 Louse","floor":3,"turns":4},{"damage":26,"enemies":"3 Sentries","floor":6,"turns":13},{"damage":0,"enemies":"Cultist","floor":8,"turns":4},{"damage":0,"enemies":"Blue Slaver","floor":11,"turns":3},{"damage":0,"enemies":"Looter","floor":12,"turns":2},{"damage":2,"enemies":"Large Slime","floor":13,"turns":6},{"damage":5,"enemies":"2 Fungi Beasts","floor":14,"turns":3},{"damage":38,"enemies":"Slime Boss","floor":16,"turns":12},{"damage":0,"enemies":"3 Byrds","floor":18,"turns":7},{"damage":11,"enemies":"Spheric Guardian","floor":19,"turns":4},{"damage":18,"enemies":"Centurion and Healer","floor":21,"turns":6},{"damage":28,"enemies":"Gremlin Leader","floor":23,"turns":5},{"damage":23,"enemies":"Snake Plant","floor":25,"turns":6},{"damage":5,"enemies":"Snecko","floor":27,"turns":2}],"seed_played":"-3299682273256827085","potions_obtained":[{"floor":3,"key":"FearPotion"},{"floor":8,"key":"Fruit Juice"},{"floor":14,"key":"Strength Potion"},{"floor":16,"key":"SteroidPotion"},{"floor":21,"key":"Strength Potion"},{"floor":23,"key":"DuplicationPotion"}],"is_trial":false,"path_per_floor":["M","?","M","?","$","E","R","M","T","R","M","M","M","M","R","B",null,"M","M","?","M","$","E","R","M","T","M"],"character_chosen":"THE_SILENT","items_purchased":["Poisoned Stab","Shovel"],"campfire_rested":2,"item_purchase_floors":[5,22],"current_hp_per_floor":[65,65,65,65,65,39,39,44,44,44,44,44,42,37,59,21,75,75,64,48,30,30,2,24,1,1,0,0],"gold":56,"neow_bonus":"RANDOM_COLORLESS","is_daily":false,"chose_seed":false,"campfire_upgraded":2,"win_rate":0.0,"timestamp":1609819862,"path_taken":["M","?","M","?","$","E","R","M","T","R","?","M","M","M","R","BOSS","M","M","?","M","$","E","R","M","T","M"],"items_purchased_type":["Card","Relic"],"build_version":"2020-12-22","purchased_purges":1,"victory":false,"max_hp_per_floor":[70,70,70,70,70,70,70,75,75,75,75,75,75,75,75,75,75,75,75,75,75,75,75,75,75,75,75,75],"card_choices":[{"not_picked":["Finesse","Impatience"],"picked":"Madness","floor":0},{"not_picked":["Deadly Poison","Dodge and Roll"],"picked":"Slice","floor":1},{"not_picked":["Deflect","Poisoned Stab"],"picked":"Leg Sweep","floor":3},{"not_picked":["Backflip","Masterful Stab"],"picked":"Quick Slash","floor":6},{"not_picked":["Outmaneuver","Calculated Gamble"],"picked":"Poisoned Stab","floor":8},{"not_picked":["Bane","Calculated Gamble"],"picked":"Poisoned Stab","floor":11},{"not_picked":["Deadly Poison","Bouncing Flask","Dagger Throw"],"picked":"SKIP","floor":12},{"not_picked":["Crippling Poison","Well Laid Plans","Dagger Spray"],"picked":"SKIP","floor":13},{"not_picked":["Flying Knee","Dagger Throw"],"picked":"Burst","floor":14},{"not_picked":["Malaise","Corpse Explosion"],"picked":"Envenom","floor":16},{"not_picked":[],"picked":"Blade Dance+1","floor":18},{"not_picked":[],"picked":"Infinite Blades+1","floor":19},{"not_picked":[],"picked":"Flying Knee+1","floor":21},{"not_picked":["Eviscerate"],"picked":"SKIP","floor":23},{"not_picked":["Masterful Stab+1"],"picked":"SKIP","floor":25}],"player_experience":335234,"relics_obtained":[{"floor":6,"key":"The Courier"},{"floor":9,"key":"Letter Opener"},{"floor":23,"key":"Kunai"},{"floor":26,"key":"Ornamental Fan"}],"event_choices":[{"damage_healed":0,"gold_gain":0,"player_choice":"Grow","damage_taken":0,"max_hp_gain":0,"max_hp_loss":0,"event_name":"Living Wall","floor":2,"gold_loss":0,"cards_upgraded":["Neutralize"]},{"damage_healed":0,"gold_gain":0,"player_choice":"Ignored","damage_taken":0,"max_hp_gain":0,"max_hp_loss":0,"event_name":"Transmorgrifier","floor":4,"gold_loss":0},{"damage_healed":0,"gold_gain":0,"player_choice":"Obtained Book","damage_taken":16,"max_hp_gain":0,"max_hp_loss":0,"event_name":"Cursed Tome","floor":20,"gold_loss":0}],"is_beta":false,"boss_relics":[{"not_picked":["Philosopher\u0027s Stone","Empty Cage"],"picked":"Busted Crown"}],"items_purged_floors":[5],"is_endless":false,"potions_floor_spawned":[3,8,14,16,21,23],"killed_by":"Snecko","ascension_level":1}}