{"host":"vumwfieg2b2mnrfl","time":1609880747,"event":{"mods":["AchievementEnabler","BaseMod","Minty Spire (QoL Compilation)","Rare Cards Sparkle","Relic Stats"],"gold_per_floor":[119,69,69,87,107,141,158,185,185,185,205,54,54,68,68,168,168,185,185,202,152,172,225,258,258,258,287,326,339,339,355,355,457,457,477,477,305,171,184,184,217,68,68,103,115,129,155,155,155],"floor_reached":48,"playtime":2750,"items_purged":["Strike_P","Defend_P","Finesse"],"score":707,"play_id":"cc424e33-8b55-4b53-b78d-697fca013f8f","local_time":"20210105150547","is_ascension_mode":true,"campfire_choices":[{"floor":10.0,"key":"REST"},{"data":"Eruption","floor":15.0,"key":"SMITH"},{"floor":25,"key":"REST"},{"data":"Establishment","floor":30,"key":"SMITH"},{"floor":32,"key":"REST"},{"data":"MentalFortress","floor":40,"key":"SMITH"}],"circlet_count":0,"master_deck":["Strike_P","Strike_P","Strike_P","Defend_P","Defend_P","Eruption+1","Vigilance","CutThroughFate","Consecrate","Meditate","Protect","Establishment+1","FlurryOfBlows","SandsOfTime","Protect","ReachHeaven","Wish","WheelKick","Wireheading+1","Crescendo+1","Protect","EmptyBody","Adaptation","DevaForm","MentalFortress+1","MentalFortress+1","EmptyFist","CarveReality","WindmillStrike","CutThroughFate+1","MentalFortress","Alpha"],"relics":["HolyWater","NeowsBlessing","Meat on the Bone","Shovel","CloakClasp","PreservedInsect","Black Star","WingedGreaves","The Courier","Lizard Tail","Smiling Mask","Shuriken","CaptainsWheel","Art of War","Membership Card","Yang","Mercury Hourglass","Letter Opener","White Beast Statue","Kunai","Vajra"],"acts_visited":["Exordium","TheCity","TheBeyond"],"potions_floor_usage":[24,31,46,48,48,48],"damage_taken":[{"damage":0.0,"enemies":"Jaw Worm","floor":1.0,"turns":1.0},{"damage":0.0,"enemies":"2 Louse","floor":4.0,"turns":1.0},{"damage":0.0,"enemies":"Cultist","floor":5.0,"turns":1.0},{"damage":31.0,"enemies":"3 Sentries","floor":6.0,"turns":6.0},{"damage":6.0,"enemies":"Red Slaver","floor":7.0,"turns":4.0},{"damage":36.0,"enemies":"Gremlin Nob","floor":8.0,"turns":4.0},{"damage":3.0,"enemies":"2 Fungi Beasts","floor":11.0,"turns":2.0},{"damage":2.0,"enemies":"3 Louse","floor":14.0,"turns":3.0},{"damage":31.0,"enemies":"Slime Boss","floor":16.0,"turns":7.0},{"damage":0.0,"enemies":"Spheric Guardian","floor":18.0,"turns":5.0},{"damage":0.0,"enemies":"Chosen","floor":20.0,"turns":3.0},{"damage":5.0,"enemies":"Snecko","floor":22.0,"turns":5.0},{"damage":22.0,"enemies":"Book of Stabbing","floor":23.0,"turns":4.0},{"damage":33,"enemies":"Slavers","floor":24,"turns":4},{"damage":20,"enemies":"Gremlin Leader","floor":27,"turns":3},{"damage":19,"enemies":"Snake Plant","floor":28,"turns":3},{"damage":8,"enemies":"Chosen and Byrds","floor":29,"turns":5},{"damage":10,"enemies":"Shelled Parasite and Fungi","floor":31,"turns":5},{"damage":12,"enemies":"Champ","floor":33,"turns":11},{"damage":35,"enemies":"3 Darklings","floor":35,"turns":6},{"damage":3,"enemies":"Orb Walker","floor":39,"turns":5},{"damage":0,"enemies":"Giant Head","floor":41,"turns":7},{"damage":15,"enemies":"Sphere and 2 Shapes","floor":44,"turns":6},{"damage":33,"enemies":"Spire Growth","floor":45,"turns":4},{"damage":13,"enemies":"4 Shapes","floor":46,"turns":5},{"damage":49,"enemies":"Nemesis","floor":47,"turns":7},{"damage":27,"enemies":"Sphere and 2 Shapes","floor":48,"turns":3}],"seed_played":"-2002867637905335578","potions_obtained":[{"floor":1.0,"key":"Weak Potion"},{"floor":11.0,"key":"Regen Potion"},{"floor":14.0,"key":"ColorlessPotion"},{"floor":16.0,"key":"Energy Potion"},{"floor":24,"key":"GamblersBrew"},{"floor":28,"key":"FearPotion"},{"floor":31,"key":"LiquidMemories"},{"floor":36,"key":"CultistPotion"},{"floor":36,"key":"EntropicBrew"},{"floor":46,"key":"BottledMiracle"}],"is_trial":false,"path_per_floor":["M","?","?","M","M","E","M","E","T","R","M","$","$","M","R","B",null,"M","?","M","?","M","E","E","R","T","E","M","M","R","M","R","B",null,"M","?","$","$","M","R","E","$","T","M","M","M","E","M"],"character_chosen":"WATCHER","items_purchased":["PreservedInsect","Membership Card","MentalFortress","EmptyFist","CarveReality","Letter Opener"],"campfire_rested":3,"item_purchase_floors":[12,37,38,38,38,42],"current_hp_per_floor":[72,72,72,72,72,41,47,23,23,44,41,41,41,39,39,20,72,72,72,72,72,67,45,36,57,57,37,30,34,34,36,57,45,72,37,37,37,37,46,46,46,46,46,43,22,21,23,0,0],"gold":155,"neow_bonus":"THREE_ENEMY_KILL","is_daily":false,"chose_seed":false,"campfire_upgraded":3,"win_rate":0.0,"timestamp":1609880747,"path_taken":["M","?","?","?","M","E","M","E","T","R","M","?","$","M","R","BOSS","M","?","M","?","M","E","E","R","T","E","M","M","R","?","R","BOSS","M","?","?","$","M","R","E","$","T","M","?","M","E","M"],"items_purchased_type":["Relic","Relic","Card","Card","Card","Relic"],"build_version":"2020-12-22","purchased_purges":3,"victory":false,"max_hp_per_floor":[72,72,72,72,72,72,72,72,72,72,72,72,72,72,72,72,72,72,72,72,72,72,72,72,72,72,72,72,72,72,72,72,72,72,72,72,72,72,72,72,72,72,72,72,72,72,72,72,72],"relic_stats":{"counters":[27,120],"Yang":[50],"PreservedInsect":299,"CloakClasp":[356],"Letter Opener":[36],"Smiling Mask":-30,"Mercury Hourglass":[87],"Lizard Tail":36,"Shovel":0,"Shuriken":[26],"Black Star":5,"Art of War":[9],"Kunai":[2],"obtain_stats":[{"NeowsBlessing":0,"Vajra":47,"Yang":41,"PreservedInsect":12,"The Courier":23,"CloakClasp":9,"Letter Opener":42,"Smiling Mask":24,"White Beast Statue":43,"Mercury Hourglass":41,"Lizard Tail":24,"CaptainsWheel":27,"Shovel":8,"Shuriken":26,"HolyWater":34,"WingedGreaves":23,"Black Star":17,"Art of War":27,"Membership Card":37,"Kunai":47,"PureWater":0,"Meat on the Bone":6},{"NeowsBlessing":0,"Vajra":26,"Yang":22,"PreservedInsect":7,"The Courier":13,"CloakClasp":6,"Letter Opener":22,"Smiling Mask":14,"White Beast Statue":22,"Mercury Hourglass":22,"Lizard Tail":14,"CaptainsWheel":15,"Shovel":6,"Shuriken":14,"HolyWater":19,"WingedGreaves":13,"Black Star":9,"Art of War":15,"Membership Card":20,"Kunai":26,"PureWater":0,"Meat on the Bone":4},{"NeowsBlessing":0,"Vajra":117,"Yang":95,"PreservedInsect":19,"The Courier":46,"CloakClasp":17,"Letter Opener":95,"Smiling Mask":50,"White Beast Statue":95,"Mercury Hourglass":95,"Lizard Tail":50,"CaptainsWheel":53,"Shovel":17,"Shuriken":50,"HolyWater":77,"WingedGreaves":46,"Black Star":29,"Art of War":53,"Membership Card":83,"Kunai":117,"PureWater":0,"Meat on the Bone":9}],"Meat on the Bone":144},"card_choices":[{"not_picked":["WreathOfFlame","PathToVictory"],"picked":"CutThroughFate","floor":1.0},{"not_picked":["CrushJoints","FollowUp"],"picked":"Meditate","floor":4.0},{"not_picked":["ForeignInfluence","Prostrate"],"picked":"Protect","floor":5.0},{"not_picked":["MentalFortress","Halt"],"picked":"Establishment","floor":6.0},{"not_picked":["Protect","ClearTheMind"],"picked":"FlurryOfBlows","floor":7.0},{"not_picked":["Swivel","Alpha"],"picked":"SandsOfTime","floor":8.0},{"not_picked":["CrushJoints","EmptyBody"],"picked":"Protect","floor":11.0},{"not_picked":["InnerPeace","Halt"],"picked":"ReachHeaven","floor":14.0},{"not_picked":["Blasphemy","Establishment"],"picked":"Wish","floor":16.0},{"not_picked":["Protect","PathToVictory","ThirdEye+1"],"picked":"SKIP","floor":18.0},{"not_picked":["CrushJoints","JustLucky","Consecrate"],"picked":"SKIP","floor":20.0},{"not_picked":["Prostrate","Crescendo"],"picked":"WheelKick","floor":22.0},{"not_picked":["BattleHymn","Collect"],"picked":"Wireheading+1","floor":23.0},{"not_picked":["Establishment","CrushJoints","Worship"],"picked":"SKIP","floor":24},{"not_picked":["DevaForm","ThirdEye"],"picked":"Crescendo+1","floor":27},{"not_picked":["Adaptation","PathToVictory"],"picked":"Protect","floor":28},{"not_picked":["Indignation","BowlingBash+1"],"picked":"EmptyBody","floor":29},{"not_picked":["SashWhip","PathToVictory"],"picked":"Adaptation","floor":31},{"not_picked":["Brilliance","Scrawl"],"picked":"DevaForm","floor":33},{"not_picked":["CutThroughFate","ClearTheMind"],"picked":"MentalFortress+1","floor":35},{"not_picked":["ClearTheMind+1","ThirdEye+1","SashWhip+1"],"picked":"SKIP","floor":39},{"not_picked":["Prostrate","JustLucky+1"],"picked":"WindmillStrike","floor":41},{"not_picked":["JustLucky+1","FlyingSleeves+1"],"picked":"CutThroughFate+1","floor":44},{"not_picked":["ThirdEye+1","Crescendo+1","LikeWater"],"picked":"SKIP","floor":45},{"not_picked":["Wish","CutThroughFate"],"picked":"MentalFortress","floor":46},{"not_picked":["WaveOfTheHand+1","Collect+1"],"picked":"Alpha","floor":47}],"player_experience":369445,"relics_obtained":[{"floor":6.0,"key":"Meat on the Bone"},{"floor":8.0,"key":"Shovel"},{"floor":9.0,"key":"CloakClasp"},{"floor":23.0,"key":"WingedGreaves"},{"floor":23.0,"key":"The Courier"},{"floor":24,"key":"Lizard Tail"},{"floor":24,"key":"Smiling Mask"},{"floor":26,"key":"Shuriken"},{"floor":27,"key":"CaptainsWheel"},{"floor":27,"key":"Art of War"},{"floor":41,"key":"Yang"},{"floor":41,"key":"Mercury Hourglass"},{"floor":43,"key":"White Beast Statue"},{"floor":47,"key":"Kunai"},{"floor":47,"key":"Vajra"}],"event_choices":[{"cards_removed":["Defend_P"],"damage_healed":0.0,"max_hp_gain":0.0,"max_hp_loss":0.0,"gold_gain":0.0,"event_name":"The Cleric","player_choice":"Card Removal","floor":2.0,"gold_loss":50.0,"damage_taken":0.0},{"damage_healed":0.0,"max_hp_gain":0.0,"max_hp_loss":0.0,"gold_gain":0.0,"event_name":"Match and Keep!","player_choice":"2 cards matched","floor":3.0,"gold_loss":0.0,"damage_taken":0.0,"cards_obtained":["Finesse","Consecrate"]},{"damage_healed":0.0,"max_hp_gain":0.0,"max_hp_loss":0.0,"gold_gain":0.0,"event_name":"Vampires","player_choice":"Ignored","floor":19.0,"gold_loss":0.0,"damage_taken":0.0},{"damage_healed":0.0,"max_hp_gain":0.0,"max_hp_loss":0.0,"gold_gain":0.0,"event_name":"The Joust","player_choice":"Bet on Owner","floor":21.0,"gold_loss":50.0,"damage_taken":0.0},{"damage_healed":0,"gold_gain":0,"player_choice":"Got Potions","damage_taken":0,"max_hp_gain":0,"max_hp_loss":0,"event_name":"Lab","floor":36,"gold_loss":0}],"is_beta":false,"boss_relics":[{"not_picked":["Runic Dome","Calling Bell"],"picked":"Black Star"},{"not_picked":["Empty Cage","SlaversCollar"],"picked":"HolyWater"}],"items_purged_floors":[37,38,42],"is_endless":false,"potions_floor_spawned":[1,11,14,16,18,20,24,28,31,39,41,44,45,46,47],"killed_by":"Sphere and 2 Shapes","ascension_level":4}}