{"host":"Jedit","time":1609807189,"event":{"mods":["BaseMod","Minty Spire (QoL Compilation)","Relic Stats","StSLib"],"gold_per_floor":[112,0,0,20,37,37,66,66,139,139,172,172,200,216,216,293,293,310,28,44,58,58,58],"floor_reached":22,"playtime":929,"items_purged":["Strike_R"],"score":508,"play_id":"1b5c3dc2-55d9-4fe2-97f6-afaec3b7d458","local_time":"20210105003949","is_ascension_mode":true,"campfire_choices":[{"data":"Hemokinesis","floor":6.0,"key":"SMITH"},{"floor":8.0,"key":"REST"},{"data":"Anger","floor":10.0,"key":"SMITH"},{"data":"Disarm","floor":15.0,"key":"SMITH"}],"circlet_count":0,"master_deck":["AscendersBane","Strike_R","Strike_R","Defend_R","Defend_R","Defend_R","Defend_R","Bash","Juggernaut","Cleave","Hemokinesis+1","Body Slam","Disarm+1","Anger+1","Feed","True Grit","Clothesline","Exhume","Shockwave","Burning Pact"],"relics":["Burning Blood","Smiling Mask","Vajra","Kunai","Dead Branch","Red Skull","Empty Cage","Shuriken"],"acts_visited":["Exordium","TheCity"],"potions_floor_usage":[21,22],"damage_taken":[{"damage":1.0,"enemies":"Cultist","floor":1.0,"turns":4.0},{"damage":13.0,"enemies":"2 Louse","floor":4.0,"turns":2.0},{"damage":14.0,"enemies":"Jaw Worm","floor":5.0,"turns":2.0},{"damage":55.0,"enemies":"Gremlin Nob","floor":7.0,"turns":5.0},{"damage":15.0,"enemies":"Lagavulin","floor":11.0,"turns":8.0},{"damage":16.0,"enemies":"3 Sentries","floor":13.0,"turns":8.0},{"damage":7.0,"enemies":"Red Slaver","floor":14.0,"turns":3.0},{"damage":2,"enemies":"Hexaghost","floor":16,"turns":9},{"damage":47,"enemies":"3 Byrds","floor":18,"turns":9},{"damage":22,"enemies":"Shell Parasite","floor":20,"turns":6},{"damage":10,"enemies":"3 Cultists","floor":21,"turns":5},{"damage":10,"enemies":"Cultist and Chosen","floor":22,"turns":3}],"seed_played":"-218973962758542553","potions_obtained":[{"floor":1.0,"key":"BlessingOfTheForge"},{"floor":5.0,"key":"EssenceOfSteel"},{"floor":7.0,"key":"Block Potion"},{"floor":12.0,"key":"LiquidMemories"},{"floor":16,"key":"SpeedPotion"},{"floor":20,"key":"Swift Potion"},{"floor":21,"key":"ColorlessPotion"}],"is_trial":false,"path_per_floor":["M","$","T","M","M","R","E","R","T","R","E","?","E","M","R","B",null,"M","$","M","M","M"],"character_chosen":"IRONCLAD","items_purchased":["Hemokinesis","Shuriken"],"campfire_rested":1,"item_purchase_floors":[2,19],"current_hp_per_floor":[73,73,73,66,58,58,9,31,31,31,22,22,15,14,14,18,63,25,25,12,11,1,1],"gold":58,"neow_bonus":"ONE_RANDOM_RARE_CARD","is_daily":false,"chose_seed":false,"campfire_upgraded":3,"win_rate":0.0,"timestamp":1609807189,"path_taken":["M","$","?","M","?","R","E","R","T","R","E","?","E","M","R","BOSS","M","$","M","?","M"],"items_purchased_type":["Card","Relic"],"build_version":"2020-12-18","purchased_purges":1,"victory":false,"max_hp_per_floor":[75,75,75,75,75,75,75,75,75,75,75,75,78,78,78,78,78,81,81,84,87,87,87],"relic_stats":{"counters":[12,64],"Shuriken":[3],"Dead Branch":[43],"Kunai":[11],"Smiling Mask":0,"obtain_stats":[{"Shuriken":19,"Dead Branch":11,"Vajra":7,"Kunai":9,"Smiling Mask":3,"Empty Cage":17,"Burning Blood":0,"Red Skull":13},{"Shuriken":9,"Dead Branch":5,"Vajra":4,"Kunai":4,"Smiling Mask":1,"Empty Cage":8,"Burning Blood":0,"Red Skull":6},{"Shuriken":50,"Dead Branch":21,"Vajra":13,"Kunai":13,"Smiling Mask":4,"Empty Cage":41,"Burning Blood":0,"Red Skull":29}],"Burning Blood":66},"card_choices":[{"not_picked":["Pummel","Flex"],"picked":"Cleave","floor":1.0},{"not_picked":["Clothesline","Thunderclap"],"picked":"Body Slam","floor":4.0},{"not_picked":["Anger","Clothesline"],"picked":"Disarm","floor":5.0},{"not_picked":["Burning Pact","Cleave"],"picked":"Anger","floor":7.0},{"not_picked":["Carnage","Thunderclap"],"picked":"Feed","floor":11.0},{"not_picked":["Evolve","Twin Strike"],"picked":"True Grit","floor":13.0},{"not_picked":["Thunderclap","Blood for Blood"],"picked":"Clothesline","floor":14.0},{"not_picked":["Offering","Bludgeon"],"picked":"Exhume","floor":16},{"not_picked":["Warcry+1","Clash"],"picked":"Shockwave","floor":18},{"not_picked":["Warcry","Inflame","Clash"],"picked":"SKIP","floor":20},{"not_picked":["Flex","Dropkick"],"picked":"Burning Pact","floor":21}],"player_experience":3443430,"relics_obtained":[{"floor":3.0,"key":"Smiling Mask"},{"floor":7.0,"key":"Vajra"},{"floor":9.0,"key":"Kunai"},{"floor":11.0,"key":"Dead Branch"},{"floor":13.0,"key":"Red Skull"}],"event_choices":[{"damage_healed":0.0,"max_hp_gain":0.0,"max_hp_loss":0.0,"gold_gain":0.0,"event_name":"Lab","player_choice":"Got Potions","floor":12.0,"gold_loss":0.0,"damage_taken":0.0}],"is_beta":true,"boss_relics":[{"not_picked":["Runic Pyramid","Tiny House"],"picked":"Empty Cage"}],"items_purged_floors":[2],"is_endless":false,"potions_floor_spawned":[1,5,7,16,20,21],"killed_by":"Cultist and Chosen","ascension_level":20}}