{"host":"y89x8uui45kcjy42","time":1609850760,"event":{"mods":["2.2 Compatiblity","BaseMod","CapriCore","Colored Map","Colored Powertips","Custom Start","Friendly Minions","Keyboard Shortcuts","Lobotomy","Minty Spire (QoL Compilation)","Relic Stats","Slay the Relics Exporter","StSLib","SuperFastMode","Uncapped"],"gold_per_floor":[116,116,129,140,159,193,193,225,278,291,291,113,147,202,202,302,302,322,322,322,322],"floor_reached":20,"playtime":912,"items_purged":["Strike_P"],"score":278,"play_id":"484feb42-6bd9-4bd8-9bf1-a861e6322dd8","local_time":"20210105214600","is_ascension_mode":true,"campfire_choices":[{"data":"Weave","floor":7,"key":"SMITH"},{"data":"Eruption","floor":11,"key":"SMITH"},{"data":"Wireheading","floor":15,"key":"SMITH"}],"circlet_count":0,"master_deck":["Defend_P+1","Eruption+1","Vigilance","Woodsman","Weave+1","HappyTeddy","CutThroughFate","UniverseFragment","Laetitia","SingingMachine","OldLady","Wireheading+1","Weave","ThirdEye+1","FieryBird","BigBadWolf","OSAHOGD","Evaluate"],"relics":["HolyWater","CogitoBucket","Bottled Flame","HornCleat","Smiling Mask","SkinProphecy","Lantern","War Paint","Juzu Bracelet","Damaru"],"acts_visited":["Exordium","TheCity"],"potions_floor_usage":[6,6,8,20],"damage_taken":[{"damage":12,"enemies":"2 Louse","floor":1,"turns":2},{"damage":3,"enemies":"Jaw Worm","floor":3,"turns":3},{"damage":0,"enemies":"Small Slimes","floor":4,"turns":2},{"damage":26,"enemies":"3 Louse","floor":5,"turns":4},{"damage":0,"enemies":"Lagavulin","floor":6,"turns":4},{"damage":108,"enemies":"Gremlin Nob","floor":8,"turns":6},{"damage":60,"enemies":"Gremlin Gang","floor":10,"turns":3},{"damage":18,"enemies":"3 Sentries","floor":13,"turns":5},{"damage":4,"enemies":"Lagavulin Event","floor":14,"turns":2},{"damage":78,"enemies":"The Guardian","floor":16,"turns":6},{"damage":32,"enemies":"3 Byrds","floor":18,"turns":4},{"damage":209,"enemies":"2 Thieves","floor":20,"turns":20}],"seed_played":"6844728128069401157","potions_obtained":[{"floor":1,"key":"AttackPotion"},{"floor":3,"key":"BlessingOfTheForge"},{"floor":6,"key":"Swift Potion"},{"floor":16,"key":"ColorlessPotion"},{"floor":18,"key":"SmokeBomb"}],"is_trial":false,"path_per_floor":["M","?","M","M","M","E","R","E","T","M","R","$","E","?","R","B",null,"M","?","M"],"character_chosen":"WATCHER","items_purchased":["Weave","ThirdEye","Lantern","War Paint"],"campfire_rested":0,"item_purchase_floors":[12,12,12,12],"current_hp_per_floor":[60,65,68,77,69,75,75,41,41,69,69,69,65,63,63,55,83,65,65,125,125],"gold":322,"neow_bonus":"","is_daily":false,"chose_seed":false,"campfire_upgraded":3,"win_rate":0.0,"timestamp":1609850760,"path_taken":["M","?","M","M","M","E","R","E","T","M","R","$","E","?","R","BOSS","M","?","M"],"items_purchased_type":["Card","Card","Card","Relic"],"build_version":"2020-12-22","purchased_purges":1,"victory":false,"max_hp_per_floor":[72,77,77,77,77,77,77,77,77,77,77,77,79,81,81,83,83,85,85,289,289],"relic_stats":{"counters":[14,63],"Juzu Bracelet":0,"War Paint":["Defend_P","ThirdEye"],"Smiling Mask":25,"obtain_stats":[{"CogitoBucket":0,"Bottled Flame":6,"Lantern":12,"HornCleat":8,"Damaru":14,"HolyWater":17,"Juzu Bracelet":13,"PureWater":0,"SkinProphecy":10,"War Paint":12,"Smiling Mask":9},{"CogitoBucket":0,"Bottled Flame":5,"Lantern":8,"HornCleat":6,"Damaru":10,"HolyWater":11,"Juzu Bracelet":9,"PureWater":0,"SkinProphecy":8,"War Paint":8,"Smiling Mask":6},{"CogitoBucket":0,"Bottled Flame":15,"Lantern":25,"HornCleat":21,"Damaru":32,"HolyWater":38,"Juzu Bracelet":30,"PureWater":0,"SkinProphecy":25,"War Paint":25,"Smiling Mask":21}]},"card_choices":[{"not_picked":["RedShoes","FairyFestival"],"picked":"Woodsman","floor":1},{"not_picked":["Prostrate","ThirdEye"],"picked":"Weave","floor":1},{"not_picked":["MHz","PunishingBird"],"picked":"HappyTeddy","floor":3},{"not_picked":["FollowUp","Pray"],"picked":"CutThroughFate","floor":3},{"not_picked":["Murderer","Bloodbath"],"picked":"UniverseFragment","floor":4},{"not_picked":["PathToVictory","Worship","Wish"],"picked":"SKIP","floor":4},{"not_picked":["WallGazer","LittlePrince"],"picked":"OSAHOGD","floor":5},{"not_picked":["ForeignInfluence","EmptyFist","Crescendo"],"picked":"SKIP","floor":5},{"not_picked":["Bloodbath","WhitesApple"],"picked":"Laetitia","floor":6},{"not_picked":["DeceiveReality","ReachHeaven","FollowUp"],"picked":"SKIP","floor":6},{"not_picked":["BeautyBeast","OldLady"],"picked":"SingingMachine","floor":8},{"not_picked":["Crescendo","Prostrate","CarveReality"],"picked":"SKIP","floor":8},{"not_picked":["Bloodbath","WallGazer"],"picked":"OldLady","floor":10},{"not_picked":["Weave","Halt"],"picked":"Wireheading","floor":10},{"not_picked":["Scarecrow","SpiderBud"],"picked":"FieryBird","floor":13},{"not_picked":["FlyingSleeves","Evaluate","Alpha"],"picked":"SKIP","floor":13},{"not_picked":["Porccubus","SnowQueen"],"picked":"BigBadWolf","floor":14},{"not_picked":["CherryBlossoms","Bloodbath"],"picked":"OSAHOGD","floor":16},{"not_picked":["Fasting2","Adaptation","WreathOfFlame"],"picked":"SKIP","floor":18}],"player_experience":574917,"relics_obtained":[{"floor":6,"key":"Bottled Flame"},{"floor":8,"key":"HornCleat"},{"floor":9,"key":"Smiling Mask"},{"floor":13,"key":"Juzu Bracelet"},{"floor":14,"key":"Damaru"}],"event_choices":[{"damage_healed":0,"gold_gain":0,"player_choice":"Donut","damage_taken":0,"max_hp_gain":5,"max_hp_loss":0,"event_name":"Big Fish","floor":2,"gold_loss":0},{"damage_healed":0,"gold_gain":0,"player_choice":"Searched \u00272\u0027 times","damage_taken":0,"max_hp_gain":0,"max_hp_loss":0,"event_name":"Dead Adventurer","floor":14,"gold_loss":0},{"damage_healed":0,"gold_gain":0,"cards_transformed":["Strike_P"],"player_choice":"Transformed","damage_taken":0,"max_hp_gain":0,"max_hp_loss":0,"event_name":"Transmorgrifier","floor":19,"gold_loss":0,"cards_obtained":["Evaluate"]}],"is_beta":false,"boss_relics":[{"not_picked":["Ectoplasm","Philosopher\u0027s Stone"],"picked":"HolyWater"}],"items_purged_floors":[12],"is_endless":false,"potions_floor_spawned":[1,3,6,16,18],"killed_by":"2 Thieves","ascension_level":1}}