{"host":"5o2n8gt0sn3szjgb","time":1609828262,"event":{"mods":["BaseMod","BetterRewards","Library of Ruina","Library of Ruina Extra","Lobotomy","LobotomyExtend","Minty Spire (QoL Compilation)","StSLib"],"gold_per_floor":[112,130,146,146,173,173,198,43,43,73,73,23,57,67,67,143,143,156,356,371,384,404,404,434,240,240,273,273,286,321,336,336,413,413,430,444,394,444,458,493,181,181,230,265,280,293,293,327,327,327,327,327,327,79,79,79],"floor_reached":57,"playtime":3744,"items_purged":["LightDefense","CENSORED","MeltingLove","Mercenary","QueenOfHatred"],"score":2816,"play_id":"3fb066b5-b359-464d-8d10-cee8264e5c2e","local_time":"20210105143102","is_ascension_mode":true,"campfire_choices":[{"data":"BulkyImpact","floor":6.0,"key":"SMITH"},{"floor":11.0,"key":"RECALL"},{"data":"Bvapour","floor":15.0,"key":"SMITH"},{"data":"MindCrush","floor":23.0,"key":"SMITH"},{"data":"BulkyImpact","floor":28.0,"key":"SMITH"},{"floor":32.0,"key":"REST"},{"floor":47,"key":"REST"},{"floor":49,"key":"REST"},{"floor":53,"key":"REST"}],"circlet_count":0,"master_deck":["Woodsman","BigBird","ApocalypseBird","PunishingBird","LongBird","DespairKnight","BlueStar","AscendersBane","LightAttack","LightAttack+1","LightAttack","LightDefense","LightDefense","LightDefense","ChargeAndCover","FocusedStrikes+1","SpiderBud","DefenseOrder","BulkyImpact+1","BulkyImpact+1","Bvapour+1","MindCrush+1","FieryBird","SmokingPipe+1","LeRegole","FleshFillet"],"relics":["PageOfLibrarian","CogitoBucket","RabbitCall","LetterFromLob","Anchor","Smiling Mask","Medical Kit","Whetstone","Dream Catcher","Snecko Eye","Justitia_r","CENSORED_r","BackwardClock","Blue Candle","Vajra","Pen Nib","Regal Pillow","Eternal Feather","SkinProphecy","SoundOfStar_r","Fusion Hammer","Adoration_r","WantedRequest","CrimsonScar_r","Boot","PageOfQueenBee","PageOfBloodbath","Art of War","Bag of Preparation","SwordSharpenedByTears_r","InTheNameOfLoveAndHate_r","PageOfPorccubus","Twilight","Lamp_r","Logging_r"],"acts_visited":["Exordium","TheCity","TheBeyond","TheEnding"],"potions_floor_usage":[50,56],"damage_taken":[{"damage":13.0,"enemies":"Small Slimes","floor":1.0,"turns":4.0},{"damage":0.0,"enemies":"Jaw Worm","floor":2.0,"turns":4.0},{"damage":4.0,"enemies":"2 Louse","floor":3.0,"turns":15.0},{"damage":17.0,"enemies":"3 Sentries","floor":7.0,"turns":10.0},{"damage":7.0,"enemies":"Lagavulin","floor":10.0,"turns":7.0},{"damage":1.0,"enemies":"3 Sentries","floor":13.0,"turns":5.0},{"damage":20.0,"enemies":"Gremlin Gang","floor":14.0,"turns":6.0},{"damage":2.0,"enemies":"Slime Boss","floor":16.0,"turns":5.0},{"damage":0.0,"enemies":"Spheric Guardian","floor":18.0,"turns":1.0},{"damage":26.0,"enemies":"3 Byrds","floor":20.0,"turns":4.0},{"damage":0.0,"enemies":"Cultist and Chosen","floor":21.0,"turns":4.0},{"damage":47.0,"enemies":"Snake Plant","floor":22.0,"turns":6.0},{"damage":31.0,"enemies":"Slavers","floor":24.0,"turns":4.0},{"damage":0.0,"enemies":"Gremlin Leader","floor":27.0,"turns":1.0},{"damage":0.0,"enemies":"Sentry and Sphere","floor":29.0,"turns":2.0},{"damage":0.0,"enemies":"Book of Stabbing","floor":30.0,"turns":2.0},{"damage":8.0,"enemies":"Shelled Parasite and Fungi","floor":31.0,"turns":6.0},{"damage":21.0,"enemies":"KingOfGreed","floor":33.0,"turns":8.0},{"damage":9,"enemies":"Orb Walker","floor":35,"turns":2},{"damage":0,"enemies":"3 Darklings","floor":36,"turns":7},{"damage":0,"enemies":"Jaw Worm Horde","floor":39,"turns":2},{"damage":5,"enemies":"Giant Head","floor":40,"turns":4},{"damage":0,"enemies":"Nemesis","floor":44,"turns":3},{"damage":0,"enemies":"Transient","floor":45,"turns":3},{"damage":0,"enemies":"3 Darklings","floor":46,"turns":2},{"damage":0,"enemies":"Reptomancer","floor":48,"turns":2},{"damage":74,"enemies":"FixerMidnight","floor":50,"turns":6},{"damage":0,"enemies":"Shield and Spear","floor":55,"turns":4},{"damage":12,"enemies":"The Heart","floor":56,"turns":5}],"seed_played":"-896111748512446619","potions_obtained":[{"floor":1.0,"key":"Explosive Potion"},{"floor":2.0,"key":"Dexterity Potion"},{"floor":16.0,"key":"SteroidPotion"},{"floor":21.0,"key":"CultistPotion"},{"floor":33.0,"key":"BlessingOfTheForge"},{"floor":35,"key":"LiquidMemories"},{"floor":42,"key":"DuplicationPotion"}],"is_trial":false,"path_per_floor":["M","M","M","?","T","R","E","$","T","E","R","$","E","M","R","B",null,"M","?","M","M","M","R","E","$","T","E","R","M","E","M","R","B",null,"M","M","$","?","M","E","$","?","T","E","M","M","R","E","R","B",null,null,"R","$","E","B",null],"character_chosen":"Librarian","items_purchased":["Medical Kit","Vajra","PageOfQueenBee","PageOfPorccubus","PowerPotion"],"campfire_rested":4,"item_purchase_floors":[8,25,41,54,54],"current_hp_per_floor":[41,41,62,62,62,62,59,59,59,52,52,52,51,31,31,29,67,67,67,62,79,42,42,40,40,40,40,40,42,44,46,79,77,80,69,85,85,85,83,80,80,80,80,80,80,78,95,93,97,29,29,82,99,99,95,91],"gold":79,"neow_bonus":"","is_daily":false,"chose_seed":false,"campfire_upgraded":4,"win_rate":0.0,"timestamp":1609828262,"path_taken":["M","M","M","?","?","R","E","?","T","E","R","$","E","M","R","BOSS","M","?","M","M","M","R","E","$","T","E","R","?","E","M","R","BOSS","M","M","$","?","?","E","$","?","T","E","M","?","R","E","R","BOSS","R","$","E","BOSS"],"items_purchased_type":["Relic","Relic","Relic","Relic","Potion"],"build_version":"2020-12-22","purchased_purges":5,"victory":true,"max_hp_per_floor":[67,62,85,85,85,85,79,79,79,79,79,79,79,79,79,79,79,79,79,79,79,79,79,79,79,79,79,79,79,79,79,79,81,81,83,85,85,85,87,89,89,89,89,91,93,95,95,97,97,99,99,99,99,99,101,103],"card_choices":[{"not_picked":["Yin","BeautyBeast","VoidDream"],"picked":"Singing Bowl","floor":1.0},{"not_picked":["OldLady","Freischutz"],"picked":"SpiderBud","floor":1.0},{"not_picked":["HiddenBlade","PinpointShot","ElectricShock"],"picked":"SKIP","floor":1.0},{"not_picked":["SingingMachine","WallGazer","PunishingBird"],"picked":"Singing Bowl","floor":2.0},{"not_picked":["MHz","OSAHOGD"],"picked":"PunishingBird","floor":2.0},{"not_picked":["AutonomousRush","SummaryJudgment"],"picked":"DefenseOrder","floor":2.0},{"not_picked":["SuppressingShot","Multislash"],"picked":"BulkyImpact","floor":3.0},{"not_picked":["VoidDream","OSAHOGD","RedShoes"],"picked":"Singing Bowl","floor":3.0},{"not_picked":["WhiteNight","CrumblingArmor","MHz"],"picked":"Singing Bowl","floor":7.0},{"not_picked":["SteelKnuckles","Concentration","BayonetCombat"],"picked":"SKIP","floor":7.0},{"not_picked":["NakedNest","VoidDream","ShyLook"],"picked":"Singing Bowl","floor":10.0},{"not_picked":["Multislash","PinpointShot","DarkCloud"],"picked":"SKIP","floor":10.0},{"not_picked":["OpportunitySpotted","DefenseOrder"],"picked":"Bvapour","floor":13.0},{"not_picked":["OSAHOGD","MHz","Alriune"],"picked":"Singing Bowl","floor":13.0},{"not_picked":["HellTrainRelic","TheresiaRelic","FleshIdolRelic"],"picked":"Singing Bowl","floor":14.0},{"not_picked":["Faith","UnavoidableGaze","Eradication"],"picked":"SKIP","floor":14.0},{"not_picked":["Castigation","Punishment"],"picked":"MindCrush","floor":16.0},{"not_picked":["VoidDream","MHz","WallGazer"],"picked":"Singing Bowl","floor":16.0},{"not_picked":["FairyFestival","Scorched"],"picked":"CENSORED","floor":16.0},{"not_picked":["Yin","DreamingCurrent"],"picked":"FieryBird","floor":18.0},{"not_picked":["Reload","Unlock1","Faith"],"picked":"SKIP","floor":18.0},{"not_picked":["BeautyBeast","CrumblingArmor","VoidDream"],"picked":"Singing Bowl","floor":20.0},{"not_picked":["LittlePrince","OldLady"],"picked":"LongBird","floor":20.0},{"not_picked":["SteelKnuckles","AutonomousRush+1","Multislash"],"picked":"SKIP","floor":20.0},{"not_picked":["LittleHelper","OldLady"],"picked":"DespairKnight","floor":21.0},{"not_picked":["Unlock1","AutonomousRush","Faith"],"picked":"SKIP","floor":21.0},{"not_picked":["CherryBlossoms","OldLady","MeatLantern"],"picked":"Singing Bowl","floor":22.0},{"not_picked":["AssaultOrder","ShrineToMusic","WillOfThePrescript"],"picked":"SKIP","floor":22.0},{"not_picked":["Rudolta","UniverseFragment","BeautyBeast"],"picked":"Singing Bowl","floor":24.0},{"not_picked":["StructuralAnalysis","LossOfSenses","SuppressingShot"],"picked":"SKIP","floor":24.0},{"not_picked":["OSAHOGD","WallGazer"],"picked":"BlueStar","floor":27.0},{"not_picked":["MindCrush","Unlock1","DefenseOrder"],"picked":"SKIP","floor":27.0},{"not_picked":["WallGazer","BeautyBeast","Woodsman"],"picked":"Singing Bowl","floor":29.0},{"not_picked":["GrazeTheGrass+1","Reload","SunsetBlade"],"picked":"SKIP","floor":29.0},{"not_picked":["DreamingCurrent","MHz","BodiesMountain"],"picked":"Singing Bowl","floor":30.0},{"not_picked":["HiddenBlade","QuickSuppression","ElectricShock"],"picked":"SKIP","floor":30.0},{"not_picked":["SunsetBlade+1","BindingArms"],"picked":"SmokingPipe+1","floor":31.0},{"not_picked":["OldLady","Variant","WhitesApple"],"picked":"Singing Bowl","floor":31.0},{"not_picked":["NothingThere","BigBadWolf"],"picked":"QueenOfHatred","floor":31.0},{"not_picked":["Observe","SenseQuarry"],"picked":"LeRegole","floor":33.0},{"not_picked":["Yin","LaLuna","Scarecrow"],"picked":"Singing Bowl","floor":33.0},{"not_picked":["GreedKing","LittlePrince"],"picked":"MeltingLove","floor":33.0},{"not_picked":["GreedKing","HeroicMonk","Murderer"],"picked":"Singing Bowl","floor":35},{"not_picked":["VoidDream","LittlePrince"],"picked":"Mercenary","floor":35},{"not_picked":["BindingChains","StructuralAnalysis+1","FocusFire"],"picked":"SKIP","floor":35},{"not_picked":["Scorched","Woodsman","SnowQueen"],"picked":"Singing Bowl","floor":36},{"not_picked":["ShrineToMusic+1","SummaryJudgment","HiddenBlade"],"picked":"SKIP","floor":36},{"not_picked":["ViolentFlame","DefenseOrder"],"picked":"FleshFillet","floor":39},{"not_picked":["SnowQueen","Yin","CrumblingArmor"],"picked":"Singing Bowl","floor":39},{"not_picked":["HeroicMonk","Murderer","LittleHelper"],"picked":"Singing Bowl","floor":40},{"not_picked":["ForTheFamily","TraceOfFumes","WillOfThePrescript"],"picked":"SKIP","floor":40},{"not_picked":["GreedKing","HappyTeddy","LittleHelper"],"picked":"Singing Bowl","floor":44},{"not_picked":["StructuralAnalysis","Multislash+1","SuppressingShot"],"picked":"SKIP","floor":44},{"not_picked":["BodiesMountain","Freischutz","GreedKing"],"picked":"Singing Bowl","floor":45},{"not_picked":["SomberProcuration","HiddenBlade","GuardingStance+1"],"picked":"SKIP","floor":45},{"not_picked":["Freischutz","WhiteNight","UniverseFragment"],"picked":"Singing Bowl","floor":46},{"not_picked":["DefenseOrder","DarkCloud+1","GuidanceOfTheGears"],"picked":"SKIP","floor":46},{"not_picked":["LittlePrince","Woodsman"],"picked":"BigBird","floor":48},{"not_picked":["ForTheFamily","DarkCloud+1","RhinoRam+1"],"picked":"SKIP","floor":48},{"not_picked":["QueenOfHatred","Porccubus","BigBadWolf"],"picked":"Singing Bowl","floor":55},{"not_picked":["Porccubus","LaLuna"],"picked":"Woodsman","floor":55}],"player_experience":449830,"relics_obtained":[{"floor":1.0,"key":"LetterFromLob"},{"floor":5.0,"key":"Anchor"},{"floor":7.0,"key":"Smiling Mask"},{"floor":10.0,"key":"Whetstone"},{"floor":13.0,"key":"Dream Catcher"},{"floor":24.0,"key":"Blue Candle"},{"floor":26.0,"key":"Pen Nib"},{"floor":27.0,"key":"Regal Pillow"},{"floor":30.0,"key":"Eternal Feather"},{"floor":40,"key":"Boot"},{"floor":43,"key":"PageOfBloodbath"},{"floor":44,"key":"Art of War"},{"floor":48,"key":"Bag of Preparation"},{"floor":55,"key":"Twilight"}],"event_choices":[{"damage_healed":0.0,"max_hp_gain":0.0,"max_hp_loss":0.0,"gold_gain":0.0,"cards_transformed":["Dodge"],"event_name":"Living Wall","player_choice":"Change","floor":4.0,"gold_loss":0.0,"damage_taken":0.0,"cards_obtained":["BulkyImpact"]},{"damage_healed":0.0,"max_hp_gain":0.0,"max_hp_loss":0.0,"gold_gain":250.0,"event_name":"The Joust","player_choice":"Bet on Owner","floor":19.0,"gold_loss":50.0,"damage_taken":0.0},{"damage_healed":0,"gold_gain":50,"player_choice":"Pray","damage_taken":0,"max_hp_gain":0,"max_hp_loss":0,"event_name":"Golden Shrine","floor":38,"gold_loss":0},{"damage_healed":0,"gold_gain":0,"player_choice":"Got Potions","damage_taken":0,"max_hp_gain":0,"max_hp_loss":0,"event_name":"Lab","floor":42,"gold_loss":0}],"is_beta":false,"boss_relics":[{"not_picked":["Runic Dome","Philosopher\u0027s Stone"],"picked":"Snecko Eye"},{"not_picked":["Astrolabe","Busted Crown"],"picked":"Fusion Hammer"}],"items_purged_floors":[12,25,37,41,54],"is_endless":false,"potions_floor_spawned":[1,2,16,21,29,33,35,45,46,55],"ascension_level":15}}