{"host":"56ghxnzsglgdq727","time":1609851880,"event":{"mods":["AchievementEnabler","BaseMod","Downfall","Minty Spire (QoL Compilation)","StSLib"],"gold_per_floor":[99,114,114,132,145,145,145,178,278,46,77,109,34,65,82,177,177,177,177,177,177,177,177,252,102,183,183,283,283,303,323,333,429,479,479,496,513,513,523,523,570,33,33,53,53,87,132,132,150,150,150,185,29,29,29],"floor_reached":56,"playtime":3406,"items_purged":["hexamod:Defend+1"],"score":1425,"play_id":"5c71ee56-02ab-4dac-b8da-16f3e6111aed","local_time":"20210105080440","is_ascension_mode":true,"campfire_choices":[{"data":"hexamod:Float","floor":1,"key":"SMITH"},{"floor":13,"key":"REST"},{"floor":18,"key":"RECALL"},{"data":"hexamod:ParanormalForm","floor":25,"key":"SMITH"},{"data":"hexamod:RadiantFlame","floor":29,"key":"SMITH"},{"data":"hexamod:EtherealExpedition","floor":35,"key":"SMITH"},{"data":"Apotheosis","floor":43,"key":"SMITH"},{"data":"hexamod:GiftsFromTheDead","floor":45,"key":"SMITH"},{"data":"expansioncontent:Chronoboost","floor":54,"key":"SMITH"}],"circlet_count":0,"master_deck":["hexamod:Strike+1","hexamod:Strike+1","hexamod:Strike+1","hexamod:Strike+1","hexamod:Defend+1","hexamod:Defend+1","hexamod:Defend+1","hexamod:Sear+1","hexamod:Float+1","hexamod:GhostOfSpireFuture","hexamod:FastForward","hexamod:EmpoweredFlame","hexamod:FastForward+1","hexamod:ApocalypticArmor","hexamod:FastForward","hexamod:FastForward","hexamod:FastForward+1","hexamod:RadiantFlame+1","hexamod:ParanormalForm+1","hexamod:ApocalypticArmor","hexamod:EmpoweredFlame","hexamod:ExtraCrispy","hexamod:FastForward","hexamod:GhostOfSpireFuture+1","hexamod:ApocalypticArmor","hexamod:FastForward+1","hexamod:EtherealExpedition+1","hexamod:GiftsFromTheDead+1","hexamod:FlamesFromBeyond+1","hexamod:TimeOfNeed+1","Apotheosis+1","hexamod:SecondSeal","expansioncontent:Chronoboost+1"],"relics":["hexamod:SpiritBrand","Incense Burner","WingedGreaves","Lantern","hexamod:JarOfFuel","Juzu Bracelet","Bird Faced Urn","downfall:HeartBlessingGreen","Pocketwatch","SlaversCollar","Oddly Smooth Stone","HornCleat","downfall:HeartBlessingRed","downfall:HeartBlessingBlue","Bronze Scales","StoneCalendar","White Beast Statue","Tiny House","MealTicket","Sling","Bag of Marbles","hexamod:TheBrokenSeal","Vajra","Gambling Chip","Toolbox"],"acts_visited":["Exordium","TheCity","TheBeyond","TheEnding"],"potions_floor_usage":[8,10,16,26,26,26,26,26,36,37,39,44,47,49,55,55,55],"damage_taken":[{"damage":0,"enemies":"2 Louse","floor":2,"turns":2},{"damage":6,"enemies":"Jaw Worm","floor":4,"turns":3},{"damage":2,"enemies":"Small Slimes","floor":5,"turns":3},{"damage":4,"enemies":"Gremlin Nob","floor":8,"turns":3},{"damage":4,"enemies":"downfall:FleeingMerchant","floor":10,"turns":4},{"damage":10,"enemies":"Lagavulin","floor":11,"turns":6},{"damage":24,"enemies":"3 Sentries","floor":12,"turns":12},{"damage":0,"enemies":"Lagavulin","floor":14,"turns":6},{"damage":2,"enemies":"Blue Slaver","floor":15,"turns":4},{"damage":2,"enemies":"downfall:Ironclad","floor":16,"turns":6},{"damage":0,"enemies":"Chosen","floor":19,"turns":1},{"damage":0,"enemies":"downfall:FleeingMerchant","floor":26,"turns":6},{"damage":9,"enemies":"downfall:Silent","floor":28,"turns":6},{"damage":3,"enemies":"Spheric Guardian","floor":30,"turns":5},{"damage":11,"enemies":"Cultist and Chosen","floor":31,"turns":6},{"damage":15,"enemies":"3 Cultists","floor":32,"turns":7},{"damage":3,"enemies":"downfall:Watcher","floor":33,"turns":7},{"damage":5,"enemies":"Orb Walker","floor":36,"turns":6},{"damage":7,"enemies":"3 Darklings","floor":37,"turns":7},{"damage":28,"enemies":"Transient","floor":39,"turns":11},{"damage":40,"enemies":"Writhing Mass","floor":44,"turns":8},{"damage":30,"enemies":"3 Darklings","floor":46,"turns":7},{"damage":34,"enemies":"Giant Head","floor":47,"turns":10},{"damage":24,"enemies":"Spire Growth","floor":49,"turns":5},{"damage":0,"enemies":"downfall:Silent","floor":50,"turns":8},{"damage":23,"enemies":"downfall:CharBossMerchant","floor":52,"turns":8},{"damage":57,"enemies":"downfall:NeowBoss","floor":55,"turns":23}],"seed_played":"-5483606756555834516","potions_obtained":[{"floor":4,"key":"SkillPotion"},{"floor":8,"key":"ColorlessPotion"},{"floor":15,"key":"sneckomod:MuddlingPotion"},{"floor":23,"key":"EntropicBrew"},{"floor":23,"key":"Swift Potion"},{"floor":23,"key":"Energy Potion"},{"floor":30,"key":"Fire Potion"},{"floor":31,"key":"LiquidMemories"},{"floor":32,"key":"BlessingOfTheForge"},{"floor":33,"key":"Slimebound:ThreeZeroPotion"},{"floor":36,"key":"Fruit Juice"},{"floor":37,"key":"Explosive Potion"},{"floor":39,"key":"AttackPotion"},{"floor":44,"key":"DuplicationPotion"},{"floor":46,"key":"Strength Potion"},{"floor":47,"key":"CultistPotion"},{"floor":49,"key":"Strength Potion"}],"is_trial":false,"path_per_floor":["R","M","?","M","M","?","T","E","?","$","E","E","R","E","M","B",null,"R","M","?","?","T","?","T","R","$","?","?","R","M","M","M","B",null,"R","M","M","?","M","?","T","$","R","M","R","M","E","?","M","B",null,"E","$","R","B",null],"character_chosen":"THE_SPIRIT","items_purchased":["hexamod:ThirdSeal","hexamod:JarOfFuel","Bronze Scales","hexamod:ExtraCrispy","Sling","Bag of Marbles","Apotheosis","Toolbox"],"campfire_rested":1,"item_purchase_floors":[10,10,26,26,42,42,42,53],"current_hp_per_floor":[63,63,63,57,55,60,60,56,56,52,42,18,38,46,52,60,68,68,68,68,68,68,68,68,78,78,78,78,78,78,70,71,78,83,83,88,88,88,73,73,73,88,88,69,69,68,81,81,71,93,98,89,98,98,55],"gold":29,"neow_bonus":"ONE_RARE_RELIC","is_daily":false,"chose_seed":false,"campfire_upgraded":7,"win_rate":0.0,"timestamp":1609851880,"path_taken":["R","M","?","M","M","?","T","E","?","?","E","E","R","E","M","BOSS","R","M","?","?","?","?","T","R","?","?","?","R","M","M","M","BOSS","R","M","M","?","M","?","T","$","R","M","R","M","E","?","M","BOSS","E","$","R","BOSS"],"items_purchased_type":["Card","Relic","Relic","Card","Relic","Relic","Card","Relic"],"build_version":"2020-12-22","purchased_purges":1,"victory":true,"max_hp_per_floor":[63,63,63,63,63,68,68,68,68,68,68,68,68,68,68,68,68,68,68,68,68,68,68,68,78,78,78,78,78,78,78,78,78,83,83,88,88,88,88,88,88,88,88,88,88,88,98,98,98,98,98,98,98,98,98],"card_choices":[{"not_picked":["hexamod:SwordOfDarkness","hexamod:Firestarter"],"picked":"hexamod:GhostOfSpireFuture","floor":2},{"not_picked":["hexamod:RetreatToShadows","hexamod:NightmareGuise"],"picked":"hexamod:FastForward","floor":4},{"not_picked":["hexamod:SoulSteal","hexamod:NecessarySacrifice","hexamod:HeatShield"],"picked":"SKIP","floor":5},{"not_picked":["hexamod:AdvancingGuard","hexamod:HauntingEcho"],"picked":"hexamod:EmpoweredFlame","floor":8},{"not_picked":["hexamod:GhostflameBarrier","hexamod:RadiantFlame"],"picked":"hexamod:FastForward","floor":10},{"not_picked":["hexamod:Firestarter","hexamod:GhostflameInferno"],"picked":"hexamod:ApocalypticArmor","floor":11},{"not_picked":["hexamod:ChargedBarrage","hexamod:BurningTouch","hexamod:SwordOfDarkness"],"picked":"SKIP","floor":11},{"not_picked":["hexamod:ShieldOfDarkness","hexamod:PhantomCloak"],"picked":"hexamod:FastForward","floor":12},{"not_picked":["hexamod:SkipABeat","hexamod:BurningTouch","hexamod:FourthSeal"],"picked":"SKIP","floor":12},{"not_picked":["hexamod:ParanormalForm","hexamod:SpectersWail"],"picked":"hexamod:FastForward","floor":14},{"not_picked":["hexamod:HauntingEcho","hexamod:SwordOfDarkness"],"picked":"hexamod:FastForward","floor":14},{"not_picked":["hexamod:CrushingStance","hexamod:SpectersWail"],"picked":"hexamod:RadiantFlame","floor":15},{"not_picked":["hexamod:InspiringFlames","hexamod:Again","hexamod:AdvancingGuard"],"picked":"SKIP","floor":15},{"not_picked":["hexamod:Toasty","hexamod:ApocalypseNow"],"picked":"hexamod:ParanormalForm","floor":16},{"not_picked":["hexamod:VolcanoVisage","hexamod:FifthSeal"],"picked":"hexamod:ApocalypticArmor","floor":16},{"not_picked":["hexamod:HauntingEcho+1","hexamod:SuperheatedStrike"],"picked":"hexamod:EmpoweredFlame","floor":19},{"not_picked":["hexamod:DynamicBlow","hexamod:Hexaguard","hexamod:GhostflameBarrier"],"picked":"SKIP","floor":26},{"not_picked":["hexamod:SpectersWail","hexamod:PhantomFireball","hexamod:FlamesFromBeyond"],"picked":"SKIP","floor":26},{"not_picked":["hexamod:GhostOfSpirePast","hexamod:ShieldOfDarkness"],"picked":"hexamod:FastForward","floor":28},{"not_picked":["hexamod:SpectralAdrenaline","hexamod:ShieldOfDarkness"],"picked":"hexamod:GhostOfSpireFuture+1","floor":30},{"not_picked":["hexamod:NightmareGuise","hexamod:ExtraCrispy","hexamod:NecessarySacrifice"],"picked":"SKIP","floor":30},{"not_picked":["hexamod:NightmareStrike","hexamod:ChargedBarrage"],"picked":"hexamod:ApocalypticArmor","floor":31},{"not_picked":["hexamod:BurningTouch","hexamod:BacktrackSmack+1"],"picked":"hexamod:FastForward+1","floor":31},{"not_picked":["hexamod:SwordOfDarkness","hexamod:NightmareStrike"],"picked":"hexamod:EtherealExpedition","floor":32},{"not_picked":["hexamod:RadiantFlame","hexamod:SpectersWail","hexamod:StepThrough"],"picked":"SKIP","floor":32},{"not_picked":["hexamod:TurnItUp","hexamod:ParanormalForm"],"picked":"hexamod:GiftsFromTheDead","floor":33},{"not_picked":["hexamod:CrushingStance","hexamod:GhostflameInferno"],"picked":"hexamod:FifthSeal","floor":33},{"not_picked":["hexamod:SecondSeal","hexamod:FirstSeal"],"picked":"hexamod:SixthSeal","floor":36},{"not_picked":["hexamod:SpectralSpark+1","hexamod:GhostShield+1","hexamod:Firestarter+1"],"picked":"SKIP","floor":36},{"not_picked":["hexamod:InspiringFlames+1","hexamod:Hexaguard","hexamod:StepThrough"],"picked":"SKIP","floor":36},{"not_picked":["hexamod:EtherealExpedition","hexamod:SpectersWail"],"picked":"hexamod:FlamesFromBeyond+1","floor":37},{"not_picked":["hexamod:FourthSeal","hexamod:SecondSeal"],"picked":"hexamod:FirstSeal","floor":37},{"not_picked":["hexamod:SpectersWail+1","hexamod:FirstSeal"],"picked":"hexamod:TimeOfNeed","floor":37},{"not_picked":["hexamod:ThirdSeal","hexamod:FourthSeal"],"picked":"hexamod:SecondSeal","floor":39},{"not_picked":["hexamod:RainOfEmbers+1","hexamod:NightmareStrike","hexamod:ThirdSeal"],"picked":"SKIP","floor":39},{"not_picked":["hexamod:SkipABeat+1","hexamod:SpectersWail","hexamod:ThirdSeal"],"picked":"SKIP","floor":39},{"not_picked":["hexamod:GhostLash+1","hexamod:Firestarter+1"],"picked":"hexamod:SecondSeal","floor":44},{"not_picked":["hexamod:SecondSeal","hexamod:SixthSeal"],"picked":"hexamod:FourthSeal","floor":44},{"not_picked":["hexamod:GhostLash+1","hexamod:RainOfEmbers+1","hexamod:Rewind"],"picked":"SKIP","floor":44},{"not_picked":["hexamod:NightmareStrike","hexamod:InspiringFlames+1","hexamod:ApocalypseNow"],"picked":"SKIP","floor":46},{"not_picked":["hexamod:ThirdSeal","hexamod:FirstSeal","hexamod:SixthSeal"],"picked":"SKIP","floor":46},{"not_picked":["hexamod:NightmareStrike","hexamod:GhostOfSpirePast","hexamod:BacktrackSmack"],"picked":"SKIP","floor":46},{"not_picked":["hexamod:GhostLash","hexamod:ShieldOfDarkness","hexamod:SearingWound"],"picked":"SKIP","floor":47},{"not_picked":["expansioncontent:LastStand","expansioncontent:DarkVoid"],"picked":"expansioncontent:Chronoboost","floor":48},{"not_picked":["hexamod:NightmareStrike","hexamod:ThermalTransfer+1","hexamod:SpectersWail+1"],"picked":"SKIP","floor":49},{"not_picked":["hexamod:AdvancingGuard+1","hexamod:HauntingEcho+1","hexamod:Again"],"picked":"SKIP","floor":52}],"player_experience":164003,"relics_obtained":[{"floor":7,"key":"WingedGreaves"},{"floor":8,"key":"Lantern"},{"floor":11,"key":"Juzu Bracelet"},{"floor":12,"key":"Bird Faced Urn"},{"floor":14,"key":"Pocketwatch"},{"floor":24,"key":"HornCleat"},{"floor":28,"key":"StoneCalendar"},{"floor":28,"key":"White Beast Statue"},{"floor":41,"key":"MealTicket"},{"floor":47,"key":"Vajra"},{"floor":52,"key":"Gambling Chip"}],"event_choices":[{"damage_healed":0,"gold_gain":0,"player_choice":"Donut","damage_taken":0,"max_hp_gain":5,"max_hp_loss":0,"event_name":"Big Fish","floor":6,"gold_loss":0},{"damage_healed":0,"gold_gain":0,"player_choice":"Simplicity","damage_taken":0,"max_hp_gain":0,"max_hp_loss":0,"event_name":"Back to Basics","floor":20,"gold_loss":0,"cards_upgraded":["hexamod:Strike","hexamod:Strike","hexamod:Strike","hexamod:Strike","hexamod:Defend","hexamod:Defend","hexamod:Defend","hexamod:Defend"]},{"damage_healed":0,"gold_gain":0,"player_choice":"Got Potions","damage_taken":0,"max_hp_gain":0,"max_hp_loss":0,"event_name":"Lab","floor":23,"gold_loss":0},{"damage_healed":0,"gold_gain":0,"player_choice":"Leave","damage_taken":0,"max_hp_gain":0,"max_hp_loss":0,"event_name":"FaceTrader","floor":27,"gold_loss":0},{"damage_healed":0,"gold_gain":0,"player_choice":"Upgraded","damage_taken":0,"max_hp_gain":0,"max_hp_loss":0,"event_name":"Upgrade Shrine","floor":38,"gold_loss":0,"cards_upgraded":["hexamod:TimeOfNeed"]}],"is_beta":false,"boss_relics":[{"not_picked":["Runic Pyramid","Busted Crown"],"picked":"SlaversCollar"},{"not_picked":["Astrolabe","Calling Bell"],"picked":"Tiny House"}],"items_purged_floors":[42],"is_endless":false,"potions_floor_spawned":[4,8,15,30,31,32,33,36,37,39,44,47,49,52],"ascension_level":1}}