{"host":"Troy","time":1609870060,"event":{"mods":["BaseMod","Colored Map","Highlight Path","Minty Spire (QoL Compilation)","Permanent Neow"],"gold_per_floor":[10,10,10,30,42,42,73,18,44,194,194,194,207,245,245,245,245],"floor_reached":16,"playtime":848,"items_purged":[],"score":216,"play_id":"ef1af3a9-cc34-45fb-8e32-e9848c7e6573","local_time":"20210105130740","is_ascension_mode":true,"campfire_choices":[{"data":"Apotheosis","floor":6.0,"key":"SMITH"},{"data":"Acrobatics","floor":12.0,"key":"SMITH"},{"floor":15.0,"key":"REST"}],"circlet_count":0,"master_deck":["AscendersBane","Strike_G","Strike_G","Strike_G","Strike_G","Defend_G","Defend_G","Defend_G","Defend_G","Defend_G","Survivor","Neutralize","Apotheosis+1","Dagger Spray","Finisher","Skewer","Footwork","Prepared","Acrobatics+1","Doubt","Escape Plan"],"relics":["Ring of the Snake","Nunchaku","Juzu Bracelet","CeramicFish"],"acts_visited":["Exordium"],"potions_floor_usage":[16],"damage_taken":[{"damage":0.0,"enemies":"Jaw Worm","floor":1.0,"turns":5.0},{"damage":0.0,"enemies":"Cultist","floor":4.0,"turns":4.0},{"damage":0.0,"enemies":"Small Slimes","floor":5.0,"turns":4.0},{"damage":30.0,"enemies":"Gremlin Nob","floor":7.0,"turns":4.0},{"damage":17.0,"enemies":"Exordium Thugs","floor":13.0,"turns":4.0},{"damage":12.0,"enemies":"Lagavulin","floor":14.0,"turns":8.0},{"damage":48,"enemies":"Slime Boss","floor":16,"turns":10}],"seed_played":"-6829706108513675202","potions_obtained":[{"floor":1.0,"key":"Explosive Potion"},{"floor":5.0,"key":"FearPotion"},{"floor":14.0,"key":"AttackPotion"}],"is_trial":false,"path_per_floor":["M","$","?","M","M","R","E","$","T","?","?","R","M","E","R","B"],"character_chosen":"THE_SILENT","items_purchased":["Acrobatics"],"campfire_rested":1,"item_purchase_floors":[8],"current_hp_per_floor":[59,59,59,59,59,59,29,29,29,29,51,51,34,22,41,0,0],"gold":245,"neow_bonus":"RANDOM_COLORLESS_2","is_daily":false,"chose_seed":false,"campfire_upgraded":2,"win_rate":0.0,"timestamp":1609870060,"path_taken":["M","$","?","M","M","R","E","$","T","?","?","R","M","E","R","BOSS"],"items_purchased_type":["Card"],"build_version":"2020-12-18","purchased_purges":0,"victory":false,"max_hp_per_floor":[66,66,66,66,66,66,66,66,66,66,66,66,66,66,66,66,66],"card_choices":[{"not_picked":["Violence","HandOfGreed"],"picked":"Apotheosis","floor":0.0},{"not_picked":["Prepared","Blade Dance"],"picked":"Dagger Spray","floor":1.0},{"not_picked":["Deflect","Underhanded Strike"],"picked":"Skewer","floor":4.0},{"not_picked":["Tactician","Prepared"],"picked":"Footwork","floor":5.0},{"not_picked":["Sucker Punch","Unload"],"picked":"Prepared","floor":7.0},{"not_picked":["Dagger Spray","Quick Slash","Poisoned Stab"],"picked":"SKIP","floor":13.0},{"not_picked":["Expertise","Quick Slash"],"picked":"Escape Plan","floor":14.0}],"player_experience":4062681,"relics_obtained":[{"floor":7.0,"key":"Nunchaku"},{"floor":9.0,"key":"Juzu Bracelet"},{"floor":14.0,"key":"CeramicFish"}],"event_choices":[{"damage_healed":0.0,"max_hp_gain":0.0,"max_hp_loss":0.0,"gold_gain":0.0,"cards_transformed":["Strike_G"],"event_name":"Transmorgrifier","player_choice":"Transformed","floor":3.0,"gold_loss":0.0,"damage_taken":0.0,"cards_obtained":["Finisher"]},{"damage_healed":0.0,"max_hp_gain":0.0,"max_hp_loss":0.0,"gold_gain":150.0,"event_name":"Liars Game","player_choice":"AGREE","floor":10.0,"gold_loss":0.0,"damage_taken":0.0,"cards_obtained":["Doubt"]},{"damage_healed":22.0,"max_hp_gain":0.0,"max_hp_loss":0.0,"gold_gain":0.0,"event_name":"Big Fish","player_choice":"Banana","floor":11.0,"gold_loss":0.0,"damage_taken":0.0}],"is_beta":true,"boss_relics":[],"items_purged_floors":[],"is_endless":false,"potions_floor_spawned":[1,5,14],"killed_by":"Slime Boss","ascension_level":20}}