{"host":"oiai0qxasotny765","time":1609835831,"event":{"mods":["2.2 Compatiblity","AchievementEnabler","BaseMod","Colored Map","Minty Spire (QoL Compilation)","Permanent Neow","Relic Stats","StSLib","SuperFastMode","everything is the same but u backflip on backflip"],"gold_per_floor":[114,130,145,145,156,156,172,197,242,242,242,242,260,260,260,333,333,344,372,385,385,424,424,424,424],"floor_reached":24,"playtime":681,"items_purged":[],"score":356,"play_id":"adddf1e1-f4bf-4862-8acd-7eb28df6f98b","local_time":"20210105173711","is_ascension_mode":true,"campfire_choices":[{"data":"Armaments","floor":6.0,"key":"SMITH"},{"data":"Secret Technique","floor":10.0,"key":"SMITH"},{"floor":12.0,"key":"REST"},{"floor":15.0,"key":"DIG"},{"floor":23,"key":"DIG"}],"circlet_count":0,"master_deck":["AscendersBane","Strike_R","Strike_R","Strike_R","Defend_R","Defend_R","Defend_R","Bash","Writhe","Secret Technique+1","Armaments+1","Twin Strike","Blood for Blood","Offering","Uppercut","Immolate","Feed+1","Infernal Blade+1","Fire Breathing+1","Wild Strike"],"relics":["Burning Blood","Strawberry","Ornamental Fan","Happy Flower","Shovel","Blood Vial","Astrolabe","Red Mask","Enchiridion","Kunai"],"acts_visited":["Exordium","TheCity"],"potions_floor_usage":[22],"damage_taken":[{"damage":5.0,"enemies":"Small Slimes","floor":1.0,"turns":3.0},{"damage":7.0,"enemies":"2 Louse","floor":2.0,"turns":3.0},{"damage":8.0,"enemies":"Jaw Worm","floor":3.0,"turns":5.0},{"damage":21.0,"enemies":"Blue Slaver","floor":5.0,"turns":5.0},{"damage":12.0,"enemies":"Looter","floor":7.0,"turns":3.0},{"damage":30.0,"enemies":"3 Sentries","floor":8.0,"turns":8.0},{"damage":15.0,"enemies":"Large Slime","floor":13.0,"turns":4.0},{"damage":16.0,"enemies":"Hexaghost","floor":16.0,"turns":7.0},{"damage":13.0,"enemies":"Chosen","floor":18.0,"turns":4.0},{"damage":23.0,"enemies":"Masked Bandits","floor":19.0,"turns":4.0},{"damage":6.0,"enemies":"3 Byrds","floor":20.0,"turns":3.0},{"damage":26,"enemies":"Snecko","floor":22,"turns":5},{"damage":22,"enemies":"3 Cultists","floor":24,"turns":3}],"seed_played":"6650411989732318050","potions_obtained":[{"floor":3.0,"key":"SpeedPotion"},{"floor":5.0,"key":"Weak Potion"},{"floor":7.0,"key":"CultistPotion"},{"floor":8.0,"key":"DistilledChaos"},{"floor":18.0,"key":"AttackPotion"},{"floor":20.0,"key":"ColorlessPotion"}],"is_trial":false,"path_per_floor":["M","M","M","?","M","R","M","E","T","R","?","R","M","T","R","B",null,"M","?","M","?","M","R","M"],"character_chosen":"IRONCLAD","items_purchased":[],"campfire_rested":1,"item_purchase_floors":[],"current_hp_per_floor":[69,68,66,62,47,47,41,17,17,17,17,41,32,32,32,24,68,63,52,54,33,15,15,0,0],"gold":424,"neow_bonus":"RANDOM_COLORLESS_2","is_daily":false,"chose_seed":false,"campfire_upgraded":2,"win_rate":0.0,"timestamp":1609835831,"path_taken":["M","M","M","?","M","R","M","E","T","R","?","R","M","?","R","BOSS","M","?","M","?","M","R","M"],"items_purchased_type":[],"build_version":"2020-12-22","purchased_purges":0,"victory":false,"max_hp_per_floor":[75,75,75,82,82,82,82,82,82,82,82,82,82,82,82,82,82,82,86,86,86,86,86,86,86],"relic_stats":{"Blood Vial":12,"Shovel":2,"Happy Flower":[10],"counters":[13,57],"Ornamental Fan":[24],"Astrolabe":["Feed","Infernal Blade","Fire Breathing"],"Kunai":[1],"obtain_stats":[{"Blood Vial":15,"Shovel":14,"Happy Flower":9,"Ornamental Fan":8,"Strawberry":4,"Astrolabe":17,"Enchiridion":21,"Red Mask":19,"Kunai":23,"Burning Blood":0},{"Blood Vial":7,"Shovel":7,"Happy Flower":6,"Ornamental Fan":6,"Strawberry":3,"Astrolabe":8,"Enchiridion":11,"Red Mask":10,"Kunai":12,"Burning Blood":0},{"Blood Vial":31,"Shovel":31,"Happy Flower":27,"Ornamental Fan":27,"Strawberry":11,"Astrolabe":38,"Enchiridion":49,"Red Mask":46,"Kunai":54,"Burning Blood":0}],"Burning Blood":72},"card_choices":[{"not_picked":["Magnetism","Secret Weapon"],"picked":"Secret Technique","floor":0.0},{"not_picked":["Intimidate","Havoc"],"picked":"Armaments","floor":1.0},{"not_picked":["Flex","Armaments"],"picked":"Twin Strike","floor":2.0},{"not_picked":["Headbutt","Sword Boomerang"],"picked":"Blood for Blood","floor":3.0},{"not_picked":["Anger","Dual Wield"],"picked":"Offering","floor":5.0},{"not_picked":["Sever Soul","Shockwave"],"picked":"Uppercut","floor":7.0},{"not_picked":["Sword Boomerang","Clothesline","Dark Embrace"],"picked":"SKIP","floor":8.0},{"not_picked":["Sword Boomerang","Clothesline","Dark Embrace"],"picked":"SKIP","floor":8.0},{"not_picked":["Sentinel","Flex","Clash"],"picked":"SKIP","floor":13.0},{"not_picked":["Double Tap","Reaper"],"picked":"Immolate","floor":16.0},{"not_picked":["Flame Barrier","Combust","Pommel Strike"],"picked":"SKIP","floor":18.0},{"not_picked":["Iron Wave","Dual Wield+1"],"picked":"Wild Strike","floor":19.0},{"not_picked":["Clash+1","Hemokinesis","Shockwave"],"picked":"SKIP","floor":20.0},{"not_picked":["Headbutt","Sword Boomerang","Body Slam"],"picked":"SKIP","floor":22}],"player_experience":306136,"relics_obtained":[{"floor":8.0,"key":"Ornamental Fan"},{"floor":9.0,"key":"Happy Flower"},{"floor":14.0,"key":"Shovel"},{"floor":15.0,"key":"Blood Vial"},{"floor":19.0,"key":"Red Mask"},{"floor":21,"key":"Enchiridion"},{"floor":23,"key":"Kunai"}],"event_choices":[{"damage_healed":0.0,"max_hp_gain":0.0,"max_hp_loss":0.0,"gold_gain":0.0,"event_name":"Scrap Ooze","player_choice":"Success","floor":4.0,"gold_loss":0.0,"damage_taken":11.0,"relics_obtained":["Strawberry"]},{"damage_healed":0.0,"max_hp_gain":0.0,"max_hp_loss":0.0,"gold_gain":0.0,"event_name":"Liars Game","player_choice":"Ignored","floor":11.0,"gold_loss":0.0,"damage_taken":0.0},{"damage_healed":0.0,"max_hp_gain":0.0,"max_hp_loss":0.0,"gold_gain":0.0,"event_name":"Masked Bandits","player_choice":"Fought Bandits","floor":19.0,"gold_loss":0.0,"damage_taken":0.0},{"damage_healed":0,"gold_gain":0,"player_choice":"Obtained Book","damage_taken":21,"max_hp_gain":0,"max_hp_loss":0,"event_name":"Cursed Tome","floor":21,"gold_loss":0}],"is_beta":false,"boss_relics":[{"not_picked":["SacredBark","Coffee Dripper"],"picked":"Astrolabe"}],"items_purged_floors":[],"is_endless":false,"potions_floor_spawned":[3,5,7,8,13,18,20],"killed_by":"3 Cultists","ascension_level":16}}