{"host":"i1h39d0gfh5c6uxl","time":1609816327,"event":{"mods":["AchievementEnabler","BaseMod","Colored Map","Colored Powertips","Highlight Path","Minty Spire (QoL Compilation)"],"gold_per_floor":[118,77,77,97,97,125,125,135,135,146,146,146],"floor_reached":11,"playtime":361,"items_purged":[],"score":146,"play_id":"e0abf378-1a6a-44fa-a251-f5b98a80412a","local_time":"20210105111207","is_ascension_mode":true,"campfire_choices":[{"floor":7.0,"key":"REST"}],"circlet_count":0,"master_deck":["AscendersBane","Strike_R","Strike_R","Strike_R","Strike_R","Strike_R","Defend_R","Defend_R","Defend_R","Defend_R","Bash","Shrug It Off","Cleave","Rampage","Pommel Strike","Double Tap"],"relics":["Burning Blood","Pocketwatch","Self Forming Clay"],"acts_visited":["Exordium"],"potions_floor_usage":[11],"damage_taken":[{"damage":30.0,"enemies":"Jaw Worm","floor":1.0,"turns":6.0},{"damage":2.0,"enemies":"2 Louse","floor":4.0,"turns":3.0},{"damage":52.0,"enemies":"Lagavulin","floor":6.0,"turns":7.0},{"damage":6.0,"enemies":"Small Slimes","floor":8.0,"turns":3.0},{"damage":3.0,"enemies":"Blue Slaver","floor":10.0,"turns":5.0},{"damage":40,"enemies":"Gremlin Nob","floor":11,"turns":3}],"seed_played":"3061540910560673408","potions_obtained":[{"floor":4.0,"key":"FearPotion"},{"floor":6.0,"key":"SneckoOil"}],"is_trial":false,"path_per_floor":["M","?","?","M","?","E","R","M","T","M","E"],"character_chosen":"IRONCLAD","items_purchased":[],"campfire_rested":1,"item_purchase_floors":[],"current_hp_per_floor":[58,58,51,55,55,9,35,35,35,38,0,0],"gold":146,"neow_bonus":"TWENTY_PERCENT_HP_BONUS","is_daily":false,"chose_seed":false,"campfire_upgraded":0,"win_rate":0.0,"timestamp":1609816327,"path_taken":["M","?","?","M","?","E","R","M","T","M","E"],"items_purchased_type":[],"build_version":"2020-12-22","purchased_purges":0,"victory":false,"max_hp_per_floor":[89,89,89,89,89,89,89,89,89,89,89,89],"card_choices":[{"not_picked":["Rage","Blood for Blood"],"picked":"Shrug It Off","floor":1.0},{"not_picked":["Headbutt","Pommel Strike"],"picked":"Cleave","floor":4.0},{"not_picked":["Warcry","Burning Pact"],"picked":"Rampage","floor":6.0},{"not_picked":["Flex","True Grit"],"picked":"Pommel Strike","floor":8.0},{"not_picked":["Body Slam","Clash"],"picked":"Double Tap","floor":10.0}],"player_experience":1290974,"relics_obtained":[{"floor":6.0,"key":"Pocketwatch"},{"floor":9.0,"key":"Self Forming Clay"}],"event_choices":[{"damage_healed":0.0,"max_hp_gain":0.0,"max_hp_loss":0.0,"gold_gain":0.0,"event_name":"World of Goop","player_choice":"Left Gold","floor":2.0,"gold_loss":41.0,"damage_taken":0.0},{"cards_removed":["Shame"],"damage_healed":0.0,"max_hp_gain":0.0,"max_hp_loss":0.0,"gold_gain":0.0,"event_name":"Golden Wing","player_choice":"Card Removal","floor":3.0,"gold_loss":0.0,"damage_taken":7.0},{"damage_healed":0.0,"max_hp_gain":0.0,"max_hp_loss":0.0,"gold_gain":0.0,"event_name":"Liars Game","player_choice":"Ignored","floor":5.0,"gold_loss":0.0,"damage_taken":0.0}],"is_beta":false,"boss_relics":[],"items_purged_floors":[],"is_endless":false,"potions_floor_spawned":[4,6],"killed_by":"Gremlin Nob","ascension_level":20}}