{"host":"788p3pvxhs5s9n7p","time":1609867497,"event":{"mods":["AchievementEnabler","BaseMod","Downfall","Hubris","Minty Spire (QoL Compilation)","READ ME - Guardian Mod","Replay The Spire","StSLib","The Jungle"],"gold_per_floor":[117,117,129,147,165,197,40,40,40,40,40,60,60,73,73,174,174,192,202,202,202,202],"floor_reached":21,"playtime":1662,"items_purged":[],"score":190,"play_id":"0b36536d-3bd1-4478-bb0a-e6a90236728b","local_time":"20210105112457","is_ascension_mode":true,"campfire_choices":[{"data":"Dark Embrace","floor":8,"key":"SMITH"},{"data":"ReplayTheSpireMod:Strike From Hell","floor":10,"key":"SMITH"},{"floor":11,"key":"REST"},{"data":"Whirlwind","floor":13,"key":"SMITH"},{"data":"Entrench","floor":15,"key":"SMITH"}],"circlet_count":0,"master_deck":["Strike_R","Strike_R","Strike_R","Strike_R","Strike_R","Defend_R","Defend_R","Defend_R","Defend_R+1","Bash+1","Feel No Pain","Whirlwind+1","Iron Wave","Bloodletting","ReplayTheSpireMod:Strike From Hell","Second Wind","ReplayTheSpireMod:Strike From Hell+1","Dark Embrace+1","Body Slam","Metallicize","Entrench+1","Demonic Infusion","Battle Trance+1","Body Slam","Decay"],"relics":["Burning Blood","WingedGreaves","Orrery","Incense Burner","Honey Jar"],"acts_visited":["Exordium","TheCity"],"potions_floor_usage":[5,5,16,18,19,21],"damage_taken":[{"damage":9,"enemies":"Small Slimes","floor":1,"turns":5},{"damage":4,"enemies":"Cultist","floor":3,"turns":4},{"damage":0,"enemies":"2 Louse","floor":4,"turns":2},{"damage":6,"enemies":"Exordium Thugs","floor":5,"turns":4},{"damage":57,"enemies":"Lagavulin","floor":6,"turns":11},{"damage":11,"enemies":"2 Fungi Beasts","floor":12,"turns":4},{"damage":0,"enemies":"3 Louse","floor":14,"turns":1},{"damage":62,"enemies":"Fading Forest","floor":16,"turns":11},{"damage":45,"enemies":"Spheric Guardian","floor":18,"turns":8},{"damage":25,"enemies":"Shell Parasite","floor":19,"turns":3},{"damage":30,"enemies":"Snecko","floor":21,"turns":5}],"seed_played":"-5876469729443011363","potions_obtained":[{"floor":3,"key":"LifebloodPotion"},{"floor":4,"key":"LiquidBronze"},{"floor":14,"key":"SkillPotion"},{"floor":16,"key":"FearPotion"},{"floor":18,"key":"DuplicationPotion"},{"floor":19,"key":"Swift Potion"}],"is_trial":false,"path_per_floor":["M","?","M","M","M","E","$","R","T","R","R","M","R","M","R","B",null,"M","M","?","M"],"character_chosen":"IRONCLAD","items_purchased":["Orrery"],"campfire_rested":1,"item_purchase_floors":[7],"current_hp_per_floor":[77,77,79,80,80,29,29,29,29,29,53,48,48,54,54,22,80,41,22,22,0,0],"gold":202,"neow_bonus":"RANDOM_EVENT","is_daily":false,"chose_seed":false,"campfire_upgraded":4,"win_rate":0.0,"timestamp":1609867497,"path_taken":["M","?","M","M","?","E","$","R","T","R","R","M","R","M","R","BOSS","M","M","?","M"],"items_purchased_type":["Relic"],"build_version":"2020-12-22","purchased_purges":0,"victory":false,"max_hp_per_floor":[80,80,80,80,80,80,80,80,80,80,80,80,80,80,80,80,80,80,80,80,80,80],"card_choices":[{"not_picked":["Armaments","Wild Strike"],"picked":"Feel No Pain","floor":1},{"not_picked":["Iron Wave","hubris:CleavingFinish"],"picked":"Whirlwind","floor":3},{"not_picked":["Reckless Charge","Juggernaut"],"picked":"Iron Wave","floor":4},{"not_picked":["Twin Strike","Wild Strike"],"picked":"Bloodletting","floor":5},{"not_picked":["Feel No Pain","Clash"],"picked":"ReplayTheSpireMod:Strike From Hell","floor":6},{"not_picked":["Inflame","Clash"],"picked":"Second Wind","floor":7},{"not_picked":["ReplayTheSpireMod:Limb From Limb","Perfected Strike"],"picked":"ReplayTheSpireMod:Strike From Hell","floor":7},{"not_picked":["Fire Breathing","Carnage"],"picked":"Dark Embrace","floor":7},{"not_picked":["Wild Strike","ReplayTheSpireMod:LeadingStrike"],"picked":"Body Slam","floor":7},{"not_picked":["Iron Wave","ReplayTheSpireMod:Muscle Training"],"picked":"Metallicize","floor":12},{"not_picked":["Perfected Strike","Immolate"],"picked":"Entrench","floor":14},{"not_picked":["Brutality","Double Tap"],"picked":"Demonic Infusion","floor":16},{"not_picked":["Blood for Blood+1","Clothesline+1","Replay:Undeath\u0027s Touch"],"picked":"Battle Trance+1","floor":18},{"not_picked":["Wild Strike","Dropkick","Flex"],"picked":"Body Slam","floor":19}],"player_experience":123015,"relics_obtained":[{"floor":6,"key":"WingedGreaves"},{"floor":9,"key":"Incense Burner"}],"event_choices":[{"damage_healed":0,"gold_gain":0,"player_choice":"Upgraded","damage_taken":0,"max_hp_gain":0,"max_hp_loss":0,"event_name":"Upgrade Shrine","floor":2,"gold_loss":0,"cards_upgraded":["Bash"]},{"damage_healed":0,"gold_gain":0,"player_choice":"Smashed Altar","damage_taken":0,"max_hp_gain":0,"max_hp_loss":0,"event_name":"Forgotten Altar","floor":20,"gold_loss":0,"cards_obtained":["Decay"]}],"is_beta":false,"boss_relics":[{"not_picked":["hubris:VirtuousBlindfold","hubris:Stopwatch"],"picked":"Honey Jar"}],"items_purged_floors":[],"is_endless":false,"potions_floor_spawned":[3,4,14,16,18,19],"killed_by":"Snecko","ascension_level":1}}