{"host":"5raohst9sk3kvp5v","time":1609826168,"event":{"mods":["BaseMod","Colored Powertips","Highlight Path","Minty Spire (QoL Compilation)","Quick Restart","Relic Stats","StSLib"],"gold_per_floor":[116,130,144,160,160,160,185,185,185,260,260,271,196,210,210,210,210],"floor_reached":16,"playtime":702,"items_purged":[],"score":204,"play_id":"bace0ff3-0fca-4fd7-ba84-3c7cd8d2c0d7","local_time":"20210104235608","is_ascension_mode":true,"campfire_choices":[{"data":"Carnage","floor":6.0,"key":"SMITH"},{"floor":15,"key":"REST"}],"circlet_count":0,"master_deck":["AscendersBane","Strike_R","Strike_R","Strike_R","Strike_R","Defend_R","Defend_R","Defend_R","Defend_R","Bash","Feel No Pain","Flex","Wild Strike","Carnage+1","Shrug It Off+1","True Grit+1","Infernal Blade+1"],"relics":["Burning Blood","NeowsBlessing","Toxic Egg 2","Magic Flower","Frozen Egg 2"],"acts_visited":["Exordium"],"potions_floor_usage":[16],"damage_taken":[{"damage":0.0,"enemies":"Jaw Worm","floor":1.0,"turns":1.0},{"damage":0.0,"enemies":"2 Louse","floor":2.0,"turns":1.0},{"damage":0.0,"enemies":"Small Slimes","floor":3.0,"turns":2.0},{"damage":2.0,"enemies":"Looter","floor":4.0,"turns":4.0},{"damage":40.0,"enemies":"Lagavulin","floor":7.0,"turns":6.0},{"damage":5,"enemies":"3 Louse","floor":12,"turns":4},{"damage":17,"enemies":"Exordium Thugs","floor":14,"turns":4},{"damage":60,"enemies":"Slime Boss","floor":16,"turns":8}],"seed_played":"1230766701805736975","potions_obtained":[{"floor":1.0,"key":"ColorlessPotion"},{"floor":3.0,"key":"Strength Potion"},{"floor":14,"key":"CultistPotion"}],"is_trial":false,"path_per_floor":["M","M","M","M","?","R","E","?","T","?","T","M","?","M","R","B"],"character_chosen":"IRONCLAD","items_purchased":[],"campfire_rested":1,"item_purchase_floors":[],"current_hp_per_floor":[74,75,75,75,80,80,46,46,46,35,35,39,39,31,55,0,0],"gold":210,"neow_bonus":"THREE_ENEMY_KILL","is_daily":false,"chose_seed":false,"campfire_upgraded":1,"win_rate":0.0,"timestamp":1609826168,"path_taken":["M","M","M","M","?","R","E","?","T","?","?","M","?","M","R","BOSS"],"items_purchased_type":[],"build_version":"2020-12-22","purchased_purges":0,"victory":false,"max_hp_per_floor":[75,75,75,75,80,80,80,80,80,80,80,80,80,80,80,80,80],"relic_stats":{"counters":[8,30],"Magic Flower":[6],"obtain_stats":[{"NeowsBlessing":0,"Magic Flower":9,"Toxic Egg 2":7,"Frozen Egg 2":11,"Burning Blood":0},{"NeowsBlessing":0,"Magic Flower":5,"Toxic Egg 2":5,"Frozen Egg 2":5,"Burning Blood":0},{"NeowsBlessing":0,"Magic Flower":14,"Toxic Egg 2":14,"Frozen Egg 2":14,"Burning Blood":0}],"Burning Blood":33},"card_choices":[{"not_picked":["Shockwave","Power Through"],"picked":"Feel No Pain","floor":1.0},{"not_picked":["Perfected Strike","Armaments"],"picked":"Flex","floor":2.0},{"not_picked":["Thunderclap","Perfected Strike"],"picked":"Wild Strike","floor":3.0},{"not_picked":["Havoc","Perfected Strike"],"picked":"Carnage","floor":4.0},{"not_picked":["Fire Breathing","Perfected Strike"],"picked":"Shrug It Off+1","floor":7.0},{"not_picked":["Cleave","Flex+1"],"picked":"True Grit+1","floor":12},{"not_picked":["Iron Wave","Flex+1"],"picked":"Infernal Blade+1","floor":14}],"player_experience":1695041,"relics_obtained":[{"floor":7.0,"key":"Toxic Egg 2"},{"floor":9,"key":"Magic Flower"},{"floor":11,"key":"Frozen Egg 2"}],"event_choices":[{"damage_healed":0.0,"max_hp_gain":5.0,"max_hp_loss":0.0,"gold_gain":0.0,"event_name":"Big Fish","player_choice":"Donut","floor":5.0,"gold_loss":0.0,"damage_taken":0.0},{"damage_healed":0,"gold_gain":0,"player_choice":"Ignored","damage_taken":0,"max_hp_gain":0,"max_hp_loss":0,"event_name":"Shining Light","floor":8,"gold_loss":0},{"damage_healed":0,"gold_gain":75,"player_choice":"Gather Gold","damage_taken":11,"max_hp_gain":0,"max_hp_loss":0,"event_name":"World of Goop","floor":10,"gold_loss":0},{"cards_removed":["Strike_R"],"damage_healed":0,"gold_gain":0,"player_choice":"Card Removal","damage_taken":0,"max_hp_gain":0,"max_hp_loss":0,"event_name":"The Cleric","floor":13,"gold_loss":75}],"is_beta":false,"boss_relics":[],"items_purged_floors":[],"is_endless":false,"potions_floor_spawned":[1,3,14],"killed_by":"Slime Boss","ascension_level":20}}