{"host":"788p3pvxhs5s9n7p","time":1609882124,"event":{"mods":["AchievementEnabler","BaseMod","Downfall","Hubris","Infinite Spire","Minty Spire (QoL Compilation)","READ ME - Guardian Mod","Replay The Spire","StSLib","The Jungle","vexMod"],"gold_per_floor":[119,119,138,151,163,194,194,209,209,209,238,329,340,340,340,441,441,452,463,479,498,516,431,487,487,487,487,487,509,509,521,521,641,641,665,690,690,491,491,535,535],"floor_reached":40,"playtime":2873,"items_purged":["Strike_P","Defend_P"],"score":500,"play_id":"933b9c29-a8db-4df5-bb37-ea19b9e1c4ab","local_time":"20210105152844","is_ascension_mode":false,"campfire_choices":[{"floor":10,"key":"REST"},{"floor":15,"key":"REST"},{"data":"Vault","floor":25,"key":"SMITH"},{"floor":30,"key":"REST"},{"floor":32,"key":"REST"}],"circlet_count":0,"master_deck":["Strike_P","Strike_P","Defend_P","Defend_P","Eruption","Vigilance","DeceiveReality","Worship+1","Crescendo","Prostrate","Evaluate","EmptyFist","SandsOfTime","Replay:Hum","Weave","CutThroughFate","Replay:BluntJabs","Judgement","Replay:Anticipation+1","Pray+1","Protect+1","Halt+1","Replay:Vibes","Vault+1","Enlightenment","infinitespire:Collect","ClearTheMind","Prostrate+1","Devotion","hubris:Envy","champ:Taunt","Replay:LoomingThreat","Enlightenment","infinitespire:FutureSight","SandsOfTime","infinitespire:FutureSight"],"relics":["Painkiller Herb","Ginger","hubris:GlazedTorus","Replay:Bottled Snecko","Smiling Mask","Juzu Bracelet","Quantum Egg","Ring of Chaos","vexMod:ConsolationPrize","Shuriken","infinitespire:Eraser","ReplayTheSpireMod:SealedPack","DollysMirror","hubris:Towel"],"acts_visited":["Exordium","TheCity","TheBeyond"],"potions_floor_usage":[11,16,18,29,29,33,40],"damage_taken":[{"damage":2,"enemies":"2 Louse","floor":1,"turns":4},{"damage":1,"enemies":"Jaw Worm","floor":3,"turns":4},{"damage":0,"enemies":"Cultist","floor":4,"turns":3},{"damage":0,"enemies":"Looter","floor":5,"turns":3},{"damage":42,"enemies":"3 Sentries","floor":6,"turns":14},{"damage":3,"enemies":"Large Slime","floor":8,"turns":4},{"damage":0,"enemies":"Replay:BlueRogue","floor":11,"turns":3},{"damage":0,"enemies":"2 Fungi Beasts","floor":13,"turns":2},{"damage":14,"enemies":"The Guardian","floor":16,"turns":7},{"damage":1,"enemies":"3 Byrds","floor":18,"turns":4},{"damage":38,"enemies":"Shell Parasite","floor":19,"turns":5},{"damage":0,"enemies":"Snake Plant","floor":20,"turns":4},{"damage":9,"enemies":"Centurion and Healer","floor":21,"turns":4},{"damage":5,"enemies":"Shelled Parasite and Fungi","floor":22,"turns":4},{"damage":42,"enemies":"3 Cultists","floor":24,"turns":5},{"damage":5,"enemies":"Snake Plant","floor":29,"turns":4},{"damage":0,"enemies":"Centurion and Healer","floor":31,"turns":3},{"damage":15,"enemies":"hubris:MusketHawk","floor":33,"turns":7},{"damage":22,"enemies":"3 Shapes","floor":35,"turns":4},{"damage":53,"enemies":"Reptomancer","floor":40,"turns":2}],"seed_played":"3985440484959186086","potions_obtained":[{"floor":1,"key":"SpeedPotion"},{"floor":8,"key":"Adrenaline Potion"},{"floor":11,"key":"Reflective Coating"},{"floor":13,"key":"SteroidPotion"},{"floor":16,"key":"Weak Potion"},{"floor":19,"key":"FairyPotion"},{"floor":24,"key":"Weak Potion"},{"floor":33,"key":"Reflective Coating"}],"is_trial":false,"path_per_floor":["?","?","?","?","?","E","T","?","T","T","E","?","?","?","T","B",null,"?","?","?","?","?","?","?","T","T","?","AVR","?","T","?","T","B",null,"?","T","?","T","?","E"],"character_chosen":"WATCHER","items_purchased":["DollysMirror"],"campfire_rested":4,"item_purchase_floors":[38],"current_hp_per_floor":[70,70,69,69,69,27,27,24,24,45,45,27,27,27,48,34,72,71,33,33,24,19,19,21,21,21,9,9,4,25,25,46,31,72,50,50,50,50,50,0,0],"gold":535,"neow_bonus":"BOSS_RELIC","is_daily":false,"chose_seed":false,"campfire_upgraded":1,"win_rate":0.0,"timestamp":1609882124,"path_taken":["?","?","?","?","?","E","?","?","T","T","E","?","?","?","T","BOSS","?","?","?","?","?","?","?","T","T","?","AVR","?","T","?","T","BOSS","?","?","?","T","?","E"],"items_purchased_type":["Relic"],"build_version":"2020-12-22","purchased_purges":2,"victory":false,"max_hp_per_floor":[72,72,72,72,72,72,72,72,72,72,72,72,72,72,72,72,72,72,72,72,72,72,72,72,72,72,72,72,72,72,72,72,72,72,72,72,72,72,72,72,72],"card_choices":[{"not_picked":["Perseverance","Halt"],"picked":"DeceiveReality","floor":1},{"not_picked":["CarveReality","Indignation"],"picked":"Crescendo","floor":3},{"not_picked":["CarveReality","EmptyFist"],"picked":"Prostrate","floor":4},{"not_picked":["Protect","Scrawl"],"picked":"Evaluate","floor":5},{"not_picked":["Replay:ManipulateFuture","Protect"],"picked":"EmptyFist","floor":6},{"not_picked":["FollowUp","PathToVictory"],"picked":"SandsOfTime","floor":8},{"not_picked":["EmptyFist","FlyingSleeves"],"picked":"Replay:Hum","floor":11},{"not_picked":["Perseverance","Sanctity"],"picked":"Weave","floor":12},{"not_picked":["Study","SashWhip"],"picked":"CutThroughFate","floor":12},{"not_picked":["WaveOfTheHand","Replay:AtTheReady"],"picked":"Replay:BluntJabs","floor":13},{"not_picked":["Vault","Ragnarok"],"picked":"Judgement","floor":16},{"not_picked":["Conclude","CarveReality"],"picked":"Replay:Anticipation+1","floor":18},{"not_picked":["Evaluate+1","CrushJoints"],"picked":"Pray+1","floor":19},{"not_picked":["Crescendo+1","PathToVictory"],"picked":"Protect+1","floor":20},{"not_picked":["Weave","ClearTheMind+1"],"picked":"Halt+1","floor":21},{"not_picked":["Replay:AtTheReady","FlyingSleeves"],"picked":"Replay:Vibes","floor":22},{"not_picked":["WheelKick+1","PathToVictory+1"],"picked":"Vault","floor":24},{"not_picked":["JustLucky","Worship"],"picked":"ClearTheMind","floor":29},{"not_picked":["Fasting2","Vengeance+1"],"picked":"Prostrate+1","floor":31},{"not_picked":["Vault","Blasphemy"],"picked":"Devotion","floor":33},{"not_picked":["hexamod:Float","sneckomod:Unknown"],"picked":"champ:Taunt","floor":34},{"not_picked":["Replay:AllIn","LessonLearned"],"picked":"Replay:LoomingThreat","floor":34},{"not_picked":["Survey Options","Panacea"],"picked":"Enlightenment","floor":34},{"not_picked":["infinitespire:Gouge","ReplayTheSpireMod:Book of Names"],"picked":"infinitespire:FutureSight","floor":34},{"not_picked":["SashWhip+1","Vengeance"],"picked":"SandsOfTime","floor":35}],"player_experience":136132,"relics_obtained":[{"floor":6,"key":"Ginger"},{"floor":7,"key":"hubris:GlazedTorus"},{"floor":9,"key":"Replay:Bottled Snecko"},{"floor":11,"key":"Smiling Mask"},{"floor":12,"key":"Juzu Bracelet"},{"floor":14,"key":"Quantum Egg"},{"floor":26,"key":"Shuriken"}],"event_choices":[{"damage_healed":0,"gold_gain":0,"player_choice":"Obtained Relic","damage_taken":0,"relics_obtained":["vexMod:ConsolationPrize"],"max_hp_gain":0,"max_hp_loss":0,"event_name":"Addict","floor":23,"gold_loss":85},{"damage_healed":0,"gold_gain":0,"player_choice":"CARD ","damage_taken":12,"max_hp_gain":0,"max_hp_loss":0,"event_name":"Knowing Skull","floor":27,"potions_obtained":[],"gold_loss":0,"cards_obtained":["Enlightenment"]},{"cards_removed":["Strike_P"],"damage_healed":0,"gold_gain":0,"player_choice":"Removed Attack","damage_taken":0,"max_hp_gain":0,"max_hp_loss":0,"event_name":"Falling","floor":37,"gold_loss":0}],"is_beta":false,"boss_relics":[{"not_picked":["hubris:VirtuousBlindfold","Coffee Dripper"],"picked":"Ring of Chaos"},{"not_picked":["Busted Crown","Cursed Key"],"picked":"ReplayTheSpireMod:SealedPack"}],"items_purged_floors":[28,38],"is_endless":false,"potions_floor_spawned":[1,8,11,13,16,19,20,24,33],"killed_by":"Reptomancer","ascension_level":0}}