{"host":"kmigwsj5rrfnig2m","time":1609819662,"event":{"mods":["BaseMod","Minty Spire (QoL Compilation)","Replay The Spire","StSLib"],"gold_per_floor":[109,128,128,138,6,6,34,34,34,34,68,79,79,106,118,233,245,270,37,51,69,29,29,45,73,125,144,144,179,64,91,91,188,188,199,209,209,309,326,351,351,385,455,481,492,502,516,566,566,566,566,566,31,57,57],"floor_reached":56,"playtime":6011,"items_purged":["Voices","Strike_G","Strike_G"],"score":1697,"play_id":"8089ee88-2dd3-4964-a192-f80726b0904d","local_time":"20210104230742","is_ascension_mode":true,"campfire_choices":[{"data":"Well Laid Plans","floor":6,"key":"SMITH"},{"data":"Prepared","floor":8,"key":"SMITH"},{"data":"Neutralize","floor":10,"key":"SMITH"},{"data":"Storm of Steel","floor":15,"key":"SMITH"},{"data":"Burst","floor":23,"key":"SMITH"},{"floor":28,"key":"REST"},{"floor":32,"key":"REST"},{"data":"ReplayTheSpireMod:Brewmster","floor":41,"key":"SMITH"},{"floor":49,"key":"RECALL"},{"data":"Wraith Form v2","floor":52,"key":"SMITH"}],"circlet_count":0,"master_deck":["Strike_G","Strike_G","Defend_G","Defend_G","Defend_G","Defend_G","Defend_G","Survivor","Neutralize+1","Storm of Steel+1","Well Laid Plans+1","Replay:Poison Smokescreen+1","Tactician","Backstab","Backstab","Prepared+1","Backflip","Dagger Spray","Dash","Burst+1","Slice+1","Hidden Blade","Blade Dance+1","Footwork","Accuracy","Acrobatics","Reflex","Dodge and Roll+1","ReplayTheSpireMod:Shiv Toss","Blade Dance+1","Wraith Form v2+1","Footwork","Leg Sweep","Flash of Steel+1","ReplayTheSpireMod:Brewmster+1","Blade Dance+1","Slice+1","Finisher+1","Concentrate+1","Calculated Gamble","Dodge and Roll+1","ReplayTheSpireMod:Shiv Toss+1","Terror","Fluid Movement+1","After Image"],"relics":["Ring of the Snake","Blue Candle","Pear","Nunchaku","MawBank","Philosopher\u0027s Stone","ReplayFunnel","Potion Belt","Bag of Marbles","Pet Ghost","Molten Egg 2","SlaversCollar","Snake Skull","Eternal Feather","Replay:Bottled Steam","Durian","Oddly Smooth Stone","ClockworkSouvenir","Ninja Scroll"],"acts_visited":["Exordium","TheCity","TheBeyond","TheEnding"],"potions_floor_usage":[7,11,16,25,25,27,39,39,40,40,44,45,46,47,47,48,48,48,50,50,50,50,50,50,54,55,55,55,55,55,55,55],"damage_taken":[{"damage":4,"enemies":"Cultist","floor":1,"turns":5},{"damage":1,"enemies":"2 Louse","floor":2,"turns":4},{"damage":2,"enemies":"Small Slimes","floor":4,"turns":4},{"damage":3,"enemies":"3 Sentries","floor":7,"turns":8},{"damage":12,"enemies":"Lagavulin","floor":11,"turns":8},{"damage":0,"enemies":"Exordium Wildlife","floor":12,"turns":3},{"damage":0,"enemies":"Exordium Thugs","floor":14,"turns":3},{"damage":21,"enemies":"Slime Boss","floor":16,"turns":12},{"damage":22,"enemies":"Spheric Guardian","floor":18,"turns":6},{"damage":7,"enemies":"3 Byrds","floor":20,"turns":5},{"damage":10,"enemies":"Shelled Parasite and Fungi","floor":21,"turns":6},{"damage":26,"enemies":"Snake Plant","floor":24,"turns":5},{"damage":14,"enemies":"Book of Stabbing","floor":25,"turns":8},{"damage":0,"enemies":"3 Cultists","floor":27,"turns":3},{"damage":0,"enemies":"Replay:Snechameleon","floor":29,"turns":4},{"damage":4,"enemies":"Book of Stabbing","floor":31,"turns":5},{"damage":4,"enemies":"Pondfish","floor":33,"turns":9},{"damage":7,"enemies":"3 Shapes","floor":35,"turns":3},{"damage":0,"enemies":"Orb Walker","floor":36,"turns":2},{"damage":7,"enemies":"Writhing Mass","floor":39,"turns":8},{"damage":16,"enemies":"Reptomancer","floor":40,"turns":7},{"damage":0,"enemies":"Giant Head","floor":42,"turns":7},{"damage":3,"enemies":"Reptomancer","floor":44,"turns":5},{"damage":0,"enemies":"Spire Growth","floor":45,"turns":4},{"damage":11,"enemies":"Jaw Worm Horde","floor":46,"turns":7},{"damage":0,"enemies":"Transient","floor":47,"turns":5},{"damage":0,"enemies":"Mind Bloom Boss Battle","floor":48,"turns":8},{"damage":23,"enemies":"Donu and Deca","floor":50,"turns":9},{"damage":36,"enemies":"Shield and Spear","floor":54,"turns":7},{"damage":18,"enemies":"The Heart","floor":55,"turns":12}],"seed_played":"4709021241746402020","potions_obtained":[{"floor":1,"key":"Explosive Potion"},{"floor":4,"key":"SkillPotion"},{"floor":11,"key":"Swift Potion"},{"floor":14,"key":"Poison Potion"},{"floor":20,"key":"Strength Potion"},{"floor":21,"key":"SkillPotion"},{"floor":31,"key":"DuplicationPotion"},{"floor":33,"key":"FairyPotion"},{"floor":36,"key":"SkillPotion"},{"floor":47,"key":"Adrenaline Potion"},{"floor":48,"key":"Adrenaline Potion"}],"is_trial":false,"path_per_floor":["M","M","?","M","$","R","E","R","T","R","E","M","?","M","R","B",null,"M","$","M","M","$","R","M","E","T","M","R","E","$","E","R","B",null,"M","M","?","?","M","E","R","E","T","E","M","M","M","?","R","B",null,"R","$","E","B",null],"character_chosen":"THE_SILENT","items_purchased":["Backstab","ReplayFunnel","Blade Dance+1","Dodge and Roll+1","ReplayTheSpireMod:Shiv Toss","Fluid Movement+1","Oddly Smooth Stone","ClockworkSouvenir","ColorlessPotion"],"campfire_rested":2,"item_purchase_floors":[5,19,22,30,30,53,53,53,53],"current_hp_per_floor":[66,65,65,63,63,63,60,60,70,70,58,58,58,58,58,37,80,58,58,51,41,41,41,15,1,1,1,25,25,25,21,45,41,80,73,73,63,63,56,40,40,40,40,37,37,26,26,31,55,32,85,85,85,49,31],"gold":57,"neow_bonus":"THREE_RARE_CARDS","is_daily":false,"chose_seed":false,"campfire_upgraded":7,"win_rate":0.0,"timestamp":1609819662,"path_taken":["M","M","?","M","$","R","E","R","T","R","E","M","?","?","R","BOSS","M","?","M","M","?","R","M","E","T","?","R","E","$","E","R","BOSS","M","M","?","?","?","E","R","E","T","E","M","M","M","?","R","BOSS","R","$","E","BOSS"],"items_purchased_type":["Card","Relic","Card","Card","Card","Card","Relic","Relic","Potion"],"build_version":"2020-12-22","purchased_purges":3,"victory":true,"max_hp_per_floor":[70,70,70,70,70,70,70,70,80,80,80,80,80,80,80,80,80,80,80,80,80,80,80,80,80,80,80,80,80,80,80,80,80,80,80,80,80,80,80,80,80,80,80,80,80,80,80,85,85,85,85,85,85,85,85],"card_choices":[{"not_picked":["A Thousand Cuts","ReplayTheSpireMod:From All Sides"],"picked":"Storm of Steel","floor":0},{"not_picked":["Backflip","Prepared"],"picked":"Well Laid Plans","floor":1},{"not_picked":["Outmaneuver","Poisoned Stab","Prepared"],"picked":"SKIP","floor":2},{"not_picked":["Prepared","Poisoned Stab"],"picked":"Tactician","floor":4},{"not_picked":["Outmaneuver","Wraith Form v2"],"picked":"Prepared","floor":7},{"not_picked":["Dodge and Roll","Backstab"],"picked":"Backflip","floor":11},{"not_picked":["Sucker Punch","Cloak And Dagger"],"picked":"Dagger Spray","floor":12},{"not_picked":["Terror","Cloak And Dagger"],"picked":"Dash","floor":14},{"not_picked":["Grand Finale","Bullet Time"],"picked":"Burst","floor":16},{"not_picked":["Bouncing Flask","Masterful Stab"],"picked":"Slice+1","floor":18},{"not_picked":["Flying Knee","Sneak Up","Slice"],"picked":"SKIP","floor":20},{"not_picked":["ReplayTheSpireMod:Necrosis","Deadly Poison"],"picked":"Hidden Blade","floor":21},{"not_picked":["All Out Attack","Sneak Up"],"picked":"Footwork","floor":24},{"not_picked":["ReplayTheSpireMod:The Works+1","Blur"],"picked":"Accuracy","floor":25},{"not_picked":["Well Laid Plans","All Out Attack"],"picked":"Acrobatics","floor":27},{"not_picked":["Cloak And Dagger","Backflip"],"picked":"Reflex","floor":29},{"not_picked":["Quick Slash+1","Poisoned Stab+1"],"picked":"Blade Dance+1","floor":31},{"not_picked":["Tools of the Trade","Envenom"],"picked":"Wraith Form v2","floor":33},{"not_picked":["Dagger Throw+1","Choke+1"],"picked":"Footwork","floor":35},{"not_picked":["Dagger Throw+1","Choke+1"],"picked":"Leg Sweep","floor":36},{"not_picked":["The Bomb","ReplayTheSpireMod:Uncanny Aura"],"picked":"Flash of Steel+1","floor":37},{"not_picked":["Deep Breath","Mind Blast+1"],"picked":"ReplayTheSpireMod:Brewmster","floor":37},{"not_picked":["Caltrops","Dagger Throw+1"],"picked":"Blade Dance+1","floor":39},{"not_picked":["Sucker Punch+1","Dagger Spray+1"],"picked":"Slice+1","floor":40},{"not_picked":["Sucker Punch+1","Deflect"],"picked":"Finisher+1","floor":42},{"not_picked":["Bouncing Flask+1","Draining Mist+1"],"picked":"Concentrate+1","floor":44},{"not_picked":["Dodge and Roll","Heel Hook+1"],"picked":"Calculated Gamble","floor":45},{"not_picked":["Cloak And Dagger","Flying Knee+1"],"picked":"Dodge and Roll+1","floor":46},{"not_picked":["Expertise","Poisoned Stab+1"],"picked":"ReplayTheSpireMod:Shiv Toss+1","floor":47},{"not_picked":["Predator+1","Catalyst"],"picked":"Terror","floor":48},{"not_picked":["Hidden Blade","Dodge and Roll+1"],"picked":"After Image","floor":54}],"player_experience":131972,"relics_obtained":[{"floor":7,"key":"Blue Candle"},{"floor":9,"key":"Pear"},{"floor":11,"key":"Nunchaku"},{"floor":13,"key":"MawBank"},{"floor":25,"key":"Potion Belt"},{"floor":26,"key":"Bag of Marbles"},{"floor":29,"key":"Pet Ghost"},{"floor":31,"key":"Molten Egg 2"},{"floor":40,"key":"Snake Skull"},{"floor":42,"key":"Eternal Feather"},{"floor":44,"key":"Replay:Bottled Steam"},{"floor":48,"key":"Durian"},{"floor":54,"key":"Ninja Scroll"}],"event_choices":[{"damage_healed":0,"gold_gain":0,"player_choice":"Relic","damage_taken":0,"max_hp_gain":0,"max_hp_loss":0,"event_name":"Wheel of Change","floor":13,"gold_loss":0},{"damage_healed":0,"gold_gain":0,"player_choice":"Memory 3","damage_taken":10,"max_hp_gain":0,"max_hp_loss":0,"event_name":"SensoryStone","floor":37,"gold_loss":0},{"damage_healed":0,"gold_gain":100,"player_choice":"Pray","damage_taken":0,"max_hp_gain":0,"max_hp_loss":0,"event_name":"Golden Shrine","floor":38,"gold_loss":0},{"damage_healed":0,"gold_gain":0,"player_choice":"Fight","damage_taken":0,"max_hp_gain":0,"max_hp_loss":0,"event_name":"MindBloom","floor":48,"gold_loss":0}],"is_beta":false,"boss_relics":[{"not_picked":["Abe\u0027s Treasure","Cursed Key"],"picked":"Philosopher\u0027s Stone"},{"not_picked":["SacredBark","Runic Dome"],"picked":"SlaversCollar"}],"items_purged_floors":[5,19,53],"is_endless":false,"potions_floor_spawned":[1,4,11,14,20,21,31,33,36,42,47,48],"ascension_level":1}}