{"host":"nqsrckqog5ia9mbo","time":1609864093,"event":{"mods":["AchievementEnabler","BaseMod","Colored Map","Highlight Path","Minty Spire (QoL Compilation)"],"gold_per_floor":[116,129,129,129,141,173,173,204,204,127,127,14,14,14],"floor_reached":13,"playtime":851,"items_purged":[],"score":105,"play_id":"cc2112a1-60e7-4fda-95bd-0c699d8440aa","local_time":"20210105172813","is_ascension_mode":true,"campfire_choices":[{"floor":7,"key":"REST"}],"circlet_count":0,"master_deck":["Strike_B","Strike_B","Strike_B","Defend_B","Defend_B","Defend_B","Defend_B","Zap","Dualcast","Coolheaded","Leap","Rip and Tear","Defragment+1","Turbo","Defragment"],"relics":["Inserter","Vajra","Turnip","Matryoshka"],"acts_visited":["Exordium"],"potions_floor_usage":[6,8],"damage_taken":[{"damage":4,"enemies":"Jaw Worm","floor":1,"turns":5},{"damage":4,"enemies":"Cultist","floor":2,"turns":6},{"damage":1,"enemies":"2 Louse","floor":5,"turns":4},{"damage":48,"enemies":"Gremlin Nob","floor":6,"turns":6},{"damage":22,"enemies":"3 Sentries","floor":8,"turns":15},{"damage":41,"enemies":"Gremlin Nob","floor":13,"turns":4}],"seed_played":"3893665291119397475","potions_obtained":[{"floor":2,"key":"DistilledChaos"},{"floor":5,"key":"Fire Potion"}],"is_trial":false,"path_per_floor":["M","M","?","?","M","E","R","E","T","$","?","$","E"],"character_chosen":"DEFECT","items_purchased":["Defragment","Turbo","Defragment"],"campfire_rested":1,"item_purchase_floors":[10,12,12],"current_hp_per_floor":[71,67,67,67,66,18,40,18,18,18,18,18,0,0],"gold":14,"neow_bonus":"BOSS_RELIC","is_daily":false,"chose_seed":false,"campfire_upgraded":0,"win_rate":0.0,"timestamp":1609864093,"path_taken":["M","M","?","?","?","E","R","E","T","?","?","$","E"],"items_purchased_type":["Card","Card","Card"],"build_version":"2020-12-22","purchased_purges":0,"victory":false,"max_hp_per_floor":[75,75,75,75,75,75,75,75,75,75,75,75,75,75],"card_choices":[{"not_picked":["Rebound","Beam Cell"],"picked":"Coolheaded","floor":1},{"not_picked":["Reinforced Body","Steam"],"picked":"Leap","floor":2},{"not_picked":["Stack","Skim"],"picked":"Rip and Tear","floor":5},{"not_picked":["Storm","Compile Driver","Doom and Gloom"],"picked":"SKIP","floor":6},{"not_picked":["Creative AI","Streamline","Melter"],"picked":"SKIP","floor":8}],"player_experience":139271,"relics_obtained":[{"floor":6,"key":"Vajra"},{"floor":8,"key":"Turnip"},{"floor":9,"key":"Matryoshka"}],"event_choices":[{"damage_healed":0,"gold_gain":0,"player_choice":"Ignored","damage_taken":0,"max_hp_gain":0,"max_hp_loss":0,"event_name":"Liars Game","floor":3,"gold_loss":0},{"cards_removed":["Strike_B"],"damage_healed":0,"gold_gain":0,"player_choice":"Purged","damage_taken":0,"max_hp_gain":0,"max_hp_loss":0,"event_name":"Purifier","floor":4,"gold_loss":0},{"damage_healed":0,"gold_gain":0,"player_choice":"Grow","damage_taken":0,"max_hp_gain":0,"max_hp_loss":0,"event_name":"Living Wall","floor":11,"gold_loss":0,"cards_upgraded":["Defragment"]}],"is_beta":false,"boss_relics":[],"items_purged_floors":[],"is_endless":false,"potions_floor_spawned":[2,5],"killed_by":"Gremlin Nob","ascension_level":3}}