{"host":"tom9euzqew4po1rs","time":1609886954,"event":{"mods":["BaseMod","Minty Spire (QoL Compilation)","Quick Restart","Rare Cards Sparkle","Replay The Spire","StSLib","The Animator","The Cursed"],"gold_per_floor":[109,121,31,31,206,240,254,63,115,126,144,162,162,173,173,278,278,298,5,20,20,20,20,52,65,65,65,75,75,75,86,86,86,86],"floor_reached":33,"playtime":1996,"items_purged":["Doubt"],"score":296,"play_id":"31f44c0c-ebe6-4947-b71d-0f06c2d60d9a","local_time":"20210105174914","is_ascension_mode":false,"campfire_choices":[{"floor":13,"key":"RECALL"},{"data":"Footwork","floor":15,"key":"SMITH"},{"data":"Toxin Wave","floor":23,"key":"SMITH"},{"data":"Noxious Fumes","floor":23,"key":"SMITH"},{"floor":29,"key":"REST"},{"floor":32,"key":"REST"}],"circlet_count":0,"master_deck":["Strike_G","Strike_G","Strike_G","Strike_G","Defend_G+1","Defend_G","Defend_G","Defend_G","Defend_G","Survivor","Neutralize","Poisoned Stab","Backflip","Noxious Fumes+1","Deadly Poison","Masterful Stab+1","Caltrops","Backflip","Crippling Poison","Footwork+1","Masterful Stab","Toxin Wave+1","Poison Darts","animator:Curse_GriefSeed","Delirium","Injury","Outmaneuver+1","Footwork","Fluid Movement","Replay:Hysterical Blindness","Pot Of Greed","Pot Of Greed","Pot Of Greed","Replay:Poison Smokescreen+1","Outmaneuver","Cloak And Dagger+1"],"relics":["Ring of the Snake","Gremlin Food","PreservedInsect","Replay:Ancient Bell","Blood Vial","Molten Egg 2","Replay:Arrowhead","Oddly Smooth Stone","Grinning Jar","ReplayTheSpireMod:Ring of Exchange","Ring of Fangs","Replay:Mystery Machine","Mirror","MutagenicStrength"],"acts_visited":["Exordium","TheCity"],"potions_floor_usage":[6,11,12,18,24,28,30],"damage_taken":[{"damage":4,"enemies":"Jaw Worm","floor":1,"turns":4},{"damage":0,"enemies":"2 Louse","floor":2,"turns":2},{"damage":14,"enemies":"3 Sentries","floor":6,"turns":7},{"damage":0,"enemies":"Small Slimes","floor":7,"turns":3},{"damage":5,"enemies":"Looter","floor":10,"turns":3},{"damage":6,"enemies":"Large Slime","floor":11,"turns":7},{"damage":3,"enemies":"2 Fungi Beasts","floor":12,"turns":3},{"damage":1,"enemies":"Lots of Slimes","floor":14,"turns":4},{"damage":15,"enemies":"Hexaghost","floor":16,"turns":9},{"damage":3,"enemies":"Chosen","floor":18,"turns":5},{"damage":11,"enemies":"Shell Parasite","floor":20,"turns":5},{"damage":19,"enemies":"Replay:Snechameleon","floor":24,"turns":5},{"damage":19,"enemies":"Snecko","floor":25,"turns":6},{"damage":16,"enemies":"Sentry and Sphere","floor":28,"turns":5},{"damage":0,"enemies":"Snake Plant","floor":30,"turns":1},{"damage":24,"enemies":"Centurion and Healer","floor":31,"turns":6},{"damage":54,"enemies":"Collector","floor":33,"turns":5}],"seed_played":"9115169574741869754","potions_obtained":[{"floor":2,"key":"Strength Potion"},{"floor":7,"key":"PowerPotion"},{"floor":10,"key":"Adrenaline Potion"},{"floor":16,"key":"Dexterity Potion"},{"floor":20,"key":"DistilledChaos"},{"floor":25,"key":"AttackPotion"},{"floor":28,"key":"SmokeBomb"}],"is_trial":false,"path_per_floor":["M","M","$","?","?","E","M","$","T","M","M","M","R","M","R","B",null,"M","$","M","?","?","R","E","M","T","?","M","R","M","M","R","B"],"character_chosen":"THE_SILENT","items_purchased":["Noxious Fumes","Deadly Poison","PreservedInsect","Crippling Poison","Oddly Smooth Stone","Footwork"],"campfire_rested":2,"item_purchase_floors":[3,3,8,8,19,19],"current_hp_per_floor":[73,73,73,73,73,59,59,59,59,54,48,45,45,44,44,29,77,74,74,65,65,65,65,48,31,31,31,17,40,42,20,43,0,0],"gold":86,"neow_bonus":"TEN_PERCENT_HP_BONUS","is_daily":false,"chose_seed":false,"campfire_upgraded":3,"win_rate":0.0,"timestamp":1609886954,"path_taken":["M","M","$","?","?","E","M","$","T","M","M","M","R","M","R","BOSS","M","$","M","?","?","R","E","M","T","?","M","R","M","M","R","BOSS"],"items_purchased_type":["Card","Card","Relic","Card","Relic","Card"],"build_version":"2020-12-22","purchased_purges":1,"victory":false,"max_hp_per_floor":[77,77,77,77,77,77,77,77,77,77,77,77,77,77,77,77,77,77,77,77,77,77,77,77,77,77,77,77,77,77,77,77,77,77],"card_choices":[{"not_picked":["Prepared","Cloak And Dagger"],"picked":"Poisoned Stab","floor":1},{"not_picked":["Flechettes","Acrobatics"],"picked":"Backflip","floor":2},{"not_picked":["Dagger Spray","Prepared"],"picked":"Caltrops","floor":6},{"not_picked":["Choke","Finisher"],"picked":"Backflip","floor":7},{"not_picked":["Slice","Draining Mist"],"picked":"Footwork","floor":10},{"not_picked":["Slice","Dagger Spray"],"picked":"Masterful Stab","floor":11},{"not_picked":["Cloak And Dagger","Well Laid Plans"],"picked":"Toxin Wave","floor":12},{"not_picked":["Atom Bomb","ReplayTheSpireMod:The Works","Underhanded Strike"],"picked":"SKIP","floor":14},{"not_picked":["Doppelganger","Venomology"],"picked":"Poison Darts","floor":16},{"not_picked":["Overencumbered","Looming Evil"],"picked":"animator:Curse_GriefSeed","floor":17},{"not_picked":["Shame","ReplayTheSpireMod:IOU"],"picked":"Delirium","floor":17},{"not_picked":["Spreading Infection","ReplayTheSpireMod:Doomed"],"picked":"Injury","floor":17},{"not_picked":["Sneak Up","Finisher+1"],"picked":"Outmaneuver","floor":18},{"not_picked":["Backflip+1","Glass Knife+1"],"picked":"Fluid Movement","floor":20},{"not_picked":["Backflip","ReplayTheSpireMod:The Works"],"picked":"Replay:Poison Smokescreen+1","floor":24},{"not_picked":["Leg Sweep","Endless Agony+1"],"picked":"Outmaneuver","floor":25},{"not_picked":["Heel Hook+1","PiercingWail+1","Hidden Blade+1"],"picked":"SKIP","floor":28},{"not_picked":["Hidden Blade","Dash+1"],"picked":"Cloak And Dagger+1","floor":31}],"player_experience":61028,"relics_obtained":[{"floor":6,"key":"Gremlin Food"},{"floor":22,"key":"ReplayTheSpireMod:Ring of Exchange"},{"floor":22,"key":"Ring of Fangs"},{"floor":24,"key":"Replay:Mystery Machine"},{"floor":26,"key":"Mirror"}],"event_choices":[{"damage_healed":0,"gold_gain":175,"player_choice":"AGREE","damage_taken":0,"max_hp_gain":0,"max_hp_loss":0,"event_name":"Liars Game","floor":5,"gold_loss":0,"cards_obtained":["Doubt"]},{"damage_healed":0,"gold_gain":0,"player_choice":"Inject Mutagens","damage_taken":0,"relics_obtained":["MutagenicStrength"],"max_hp_gain":0,"max_hp_loss":0,"event_name":"Drug Dealer","floor":27,"gold_loss":0}],"is_beta":false,"boss_relics":[{"not_picked":["Fusion Hammer","Philosopher\u0027s Stone"],"picked":"Replay:Ancient Bell"},{"not_picked":["Bag of Marbles","Bag of Preparation"],"picked":"Blood Vial"},{"not_picked":["Golden Egg","Replay:Bottled Eggs"],"picked":"Molten Egg 2"},{"not_picked":["Unceasing Top","Lizard Tail"],"picked":"Replay:Arrowhead"}],"items_purged_floors":[19],"is_endless":false,"potions_floor_spawned":[2,7,10,16,20,25,28,30],"killed_by":"Collector","ascension_level":0}}