{"host":"l84l8xigz5v5foa2","time":1609831493,"event":{"mods":["2.2 Compatiblity","AchievementEnabler","BaseMod","Better Note","Better Vampires","Card Filter","Colored Map","DeckTracker","Downfall","Gremlin Skip","Highlight Path","Keyboard Shortcuts","Minty Spire (QoL Compilation)","Permanent Neow","Quick Restart","Relic Filter","Relic Stats","StSLib","SuperFastMode","Transform Curses","Unknown Chances"],"gold_per_floor":[0,17,17,36,47,47,71,56,87,43,70,84,84,84,95,172,172,172,184,196,296,296,296,323,341,441,469,485,518,518,572,585,660,660,660,670,689,708,768,507,507,521,535,570,420,437,437,456,471,471],"floor_reached":51,"playtime":3862,"items_purged":["Guardian:Defend_Guardian","Guardian:Defend_Guardian"],"score":1691,"play_id":"88df5648-7385-417b-97fe-61898dbf2f11","local_time":"20210105162453","is_ascension_mode":true,"campfire_choices":[{"data":"Guardian:FierceBash","floor":1.0,"key":"SMITH"},{"data":"Guardian:Harden","floor":6.0,"key":"SMITH"},{"data":"Guardian:CurlUp","floor":13.0,"key":"SMITH"},{"data":"Guardian:DonusPower","floor":18.0,"key":"SMITH"},{"data":"Guardian:StasisEngine","floor":23.0,"key":"SMITH"},{"data":"Guardian:TemporalShield","floor":30.0,"key":"SMITH"},{"floor":35.0,"key":"RECALL"},{"data":"Guardian:RevengeProtocol","floor":45,"key":"SMITH"},{"floor":47,"key":"REST"}],"circlet_count":0,"master_deck":["AscendersBane","Guardian:Defend_Guardian","Guardian:CurlUp+1","Guardian:TwinSlam","Guardian:FierceBash+1","Guardian:BronzeOrb","Guardian:Harden+1","Guardian:Preprogram","Guardian:FloatingOrbs","Guardian:TemporalShield+1","Guardian:DonusPower+1","Guardian:StasisEngine+1","Guardian:GuardianWhirl","Guardian:BronzeArmor","Guardian:CrystalBeam","Guardian:StasisEngine","Guardian:AncientConstruct","Guardian:ExploitGems","Guardian:EvasiveProtocol","Guardian:RevengeProtocol+1","Guardian:Orbwalk","Guardian:Recover","Guardian:FloatingOrbs+1"],"relics":["Guardian:ModeShifter","Guardian:PocketSentry","Nunchaku","Ginger","downfall:ShatteredFragment","SlaversCollar","Omamori","downfall:CloakOfManyFaces","CultistMask","FaceOfCleric","NlothsMask","GremlinMask","SsserpentHead","HornCleat","Art of War","Philosopher\u0027s Stone","Membership Card","Oddly Smooth Stone","downfall:HeartBlessingRed","downfall:HeartBlessingGreen"],"acts_visited":["Exordium","TheCity","TheBeyond"],"potions_floor_usage":[],"damage_taken":[{"damage":0.0,"enemies":"Cultist","floor":2.0,"turns":4.0},{"damage":0.0,"enemies":"Small Slimes","floor":4.0,"turns":3.0},{"damage":9.0,"enemies":"Jaw Worm","floor":5.0,"turns":5.0},{"damage":0.0,"enemies":"downfall:FleeingMerchant","floor":8.0,"turns":4.0},{"damage":25.0,"enemies":"Gremlin Nob","floor":9.0,"turns":5.0},{"damage":0.0,"enemies":"downfall:FleeingMerchant","floor":10.0,"turns":4.0},{"damage":0.0,"enemies":"Lagavulin","floor":11.0,"turns":5.0},{"damage":0.0,"enemies":"Large Slime","floor":12.0,"turns":4.0},{"damage":0.0,"enemies":"Exordium Wildlife","floor":15.0,"turns":3.0},{"damage":0.0,"enemies":"downfall:Defect","floor":16.0,"turns":6.0},{"damage":4.0,"enemies":"3 Byrds","floor":19.0,"turns":4.0},{"damage":0.0,"enemies":"Chosen","floor":20.0,"turns":4.0},{"damage":0.0,"enemies":"downfall:Augmenter","floor":21.0,"turns":4.0},{"damage":0.0,"enemies":"Snecko","floor":25.0,"turns":4.0},{"damage":0.0,"enemies":"downfall:FaceTrader","floor":26.0,"turns":4.0},{"damage":5.0,"enemies":"Gremlin Leader","floor":27.0,"turns":4.0},{"damage":0.0,"enemies":"3 Cultists","floor":28.0,"turns":4.0},{"damage":7.0,"enemies":"Slavers","floor":29.0,"turns":3.0},{"damage":0.0,"enemies":"downfall:FleeingMerchant","floor":31.0,"turns":3.0},{"damage":0.0,"enemies":"Centurion and Healer","floor":32.0,"turns":3.0},{"damage":0.0,"enemies":"downfall:Ironclad","floor":33.0,"turns":4.0},{"damage":4.0,"enemies":"Orb Walker","floor":36.0,"turns":3.0},{"damage":12.0,"enemies":"3 Darklings","floor":37.0,"turns":3.0},{"damage":0.0,"enemies":"Spire Growth","floor":38.0,"turns":3.0},{"damage":0.0,"enemies":"Sphere and 2 Shapes","floor":39.0,"turns":3.0},{"damage":16.0,"enemies":"Writhing Mass","floor":42.0,"turns":3.0},{"damage":0.0,"enemies":"Transient","floor":43.0,"turns":6.0},{"damage":14,"enemies":"Giant Head","floor":44,"turns":4},{"damage":19,"enemies":"4 Shapes","floor":46,"turns":6},{"damage":0,"enemies":"Spire Growth","floor":48,"turns":3},{"damage":0,"enemies":"Sphere and 2 Shapes","floor":49,"turns":3},{"damage":9,"enemies":"downfall:Silent","floor":50,"turns":4}],"seed_played":"-8672800815619909331","potions_obtained":[{"floor":9.0,"key":"Weak Potion"},{"floor":11.0,"key":"BlessingOfTheForge"},{"floor":16.0,"key":"Regen Potion"},{"floor":19.0,"key":"BlessingOfTheForge"},{"floor":20.0,"key":"Fire Potion"},{"floor":26.0,"key":"GamblersBrew"},{"floor":28.0,"key":"Block Potion"},{"floor":29.0,"key":"champ:CounterPotion"},{"floor":36.0,"key":"EssenceOfSteel"},{"floor":38.0,"key":"Energy Potion"},{"floor":44,"key":"SteroidPotion"},{"floor":49,"key":"LiquidMemories"}],"is_trial":false,"path_per_floor":["R","M","?","M","M","R","T","$","E","$","E","M","R","?","M","B",null,"R","M","M","?","?","R","T","M","?","E","M","E","R","$","M","B",null,"R","M","M","M","M","$","T","M","M","E","R","M","R","M","M","B",null],"character_chosen":"GUARDIAN","items_purchased":["Guardian:TemporalShield","Guardian:ExploitGems","Guardian:EvasiveProtocol","Membership Card","Guardian:Orbwalk"],"campfire_rested":1,"item_purchase_floors":[10,31,31,40,40],"current_hp_per_floor":[65,65,65,65,56,56,56,56,31,31,31,31,31,7,7,7,56,56,64,64,64,64,64,64,64,64,60,61,55,55,56,57,58,73,73,70,59,60,61,61,61,46,47,34,34,16,41,42,43,35],"gold":471,"neow_bonus":"TRANSFORM_TWO_CARDS","is_daily":false,"chose_seed":false,"campfire_upgraded":7,"win_rate":0.0,"timestamp":1609831493,"path_taken":["R","M","?","M","M","R","T","$","E","?","E","M","R","?","M","BOSS","R","M","M","?","?","R","T","?","?","E","M","E","R","$","M","BOSS","R","M","M","M","?","$","T","M","M","E","R","M","R","M","M","BOSS"],"items_purchased_type":["Card","Card","Card","Relic","Card"],"build_version":"2020-12-22","purchased_purges":2,"victory":true,"max_hp_per_floor":[72,72,72,72,72,72,72,72,72,72,72,72,72,72,72,72,72,72,72,72,72,72,72,72,72,72,73,74,75,75,76,77,78,78,78,79,80,81,82,82,82,83,84,85,85,86,86,87,88,89],"relic_stats":{"SsserpentHead":50,"Nunchaku":[45],"FaceOfCleric":17,"counters":[32,125],"Art of War":[0],"Ginger":[24],"obtain_stats":[{"downfall:ShatteredFragment":14,"downfall:HeartBlessingRed":45,"Guardian:ModeShifter":0,"Oddly Smooth Stone":44,"GremlinMask":26,"downfall:HeartBlessingGreen":45,"Guardian:PocketSentry":7,"Omamori":24,"Ginger":11,"SlaversCollar":17,"SsserpentHead":26,"Nunchaku":9,"HornCleat":27,"FaceOfCleric":26,"Philosopher\u0027s Stone":34,"CultistMask":26,"downfall:CloakOfManyFaces":26,"Art of War":29,"Membership Card":40,"NlothsMask":26},{"downfall:ShatteredFragment":8,"downfall:HeartBlessingRed":28,"Guardian:ModeShifter":0,"Oddly Smooth Stone":28,"GremlinMask":15,"downfall:HeartBlessingGreen":28,"Guardian:PocketSentry":3,"Omamori":13,"Ginger":7,"SlaversCollar":10,"SsserpentHead":15,"Nunchaku":5,"HornCleat":16,"FaceOfCleric":15,"Philosopher\u0027s Stone":21,"CultistMask":15,"downfall:CloakOfManyFaces":15,"Art of War":18,"Membership Card":25,"NlothsMask":15},{"downfall:ShatteredFragment":34,"downfall:HeartBlessingRed":109,"Guardian:ModeShifter":0,"Oddly Smooth Stone":109,"GremlinMask":63,"downfall:HeartBlessingGreen":109,"Guardian:PocketSentry":12,"Omamori":55,"Ginger":30,"SlaversCollar":43,"SsserpentHead":63,"Nunchaku":21,"HornCleat":67,"FaceOfCleric":63,"Philosopher\u0027s Stone":84,"CultistMask":63,"downfall:CloakOfManyFaces":63,"Art of War":74,"Membership Card":96,"NlothsMask":63}]},"card_choices":[{"not_picked":["Guardian:TemporalShield","Guardian:TemporalStrike"],"picked":"Guardian:Harden","floor":2.0},{"not_picked":["Guardian:RefractedBeam","Guardian:Repulse"],"picked":"Guardian:Preprogram","floor":4.0},{"not_picked":["Guardian:CrystalBeam","Guardian:Gem_Cyan"],"picked":"Guardian:Gem_Fragmented","floor":5.0},{"not_picked":["Guardian:ShieldSpikes","Guardian:ChargeUp"],"picked":"Guardian:FloatingOrbs","floor":8.0},{"not_picked":["Guardian:CrystalBeam","Guardian:VentSteam","Guardian:RollAttack"],"picked":"SKIP","floor":9.0},{"not_picked":["Guardian:Suspension","Guardian:Gem_Blue","Guardian:WalkerClaw"],"picked":"SKIP","floor":10.0},{"not_picked":["Guardian:Emergency","Guardian:Gem_Red"],"picked":"Guardian:Gem_Cyan","floor":11.0},{"not_picked":["Guardian:GuardianWhirl","Guardian:PrimingBeam"],"picked":"Guardian:DonusPower","floor":12.0},{"not_picked":["Guardian:Gem_Green","Guardian:RefractedBeam"],"picked":"Guardian:Gem_Orange","floor":15.0},{"not_picked":["Guardian:Gem_Synthetic","Guardian:SphericShield"],"picked":"Guardian:StasisEngine","floor":16.0},{"not_picked":["Guardian:TemporalShield","Guardian:WalkerClaw+1","Guardian:Recover"],"picked":"SKIP","floor":19.0},{"not_picked":["Guardian:TemporalStrike","Guardian:PrismaticBeam"],"picked":"Guardian:GuardianWhirl","floor":20.0},{"not_picked":["Guardian:FuturePlans","Guardian:Recover"],"picked":"Guardian:StasisEngine","floor":21.0},{"not_picked":["Guardian:VentSteam","Guardian:SentryBeam"],"picked":"Guardian:Gem_Cyan","floor":25.0},{"not_picked":["Guardian:ChargeUp","Guardian:TemporalShield","Guardian:ShieldCharger"],"picked":"SKIP","floor":27.0},{"not_picked":["Guardian:TemporalShield","Guardian:ChargeCore","Guardian:AncientConstruct"],"picked":"SKIP","floor":28.0},{"not_picked":["Guardian:Reroute","Guardian:Harden","Guardian:TemporalShield"],"picked":"SKIP","floor":29.0},{"not_picked":["Guardian:Gem_Yellow","Guardian:Gem_Crimson"],"picked":"Guardian:AncientConstruct","floor":31.0},{"not_picked":["Guardian:Planning","Guardian:Emergency","Guardian:ChargeCore"],"picked":"SKIP","floor":32.0},{"not_picked":["Guardian:FastForward","Guardian:ExploitGems"],"picked":"Guardian:RevengeProtocol","floor":33.0},{"not_picked":["Guardian:ShieldCharger+1","Guardian:GuardianWhirl+1","Guardian:VentSteam"],"picked":"SKIP","floor":36.0},{"not_picked":["Guardian:VentSteam","Guardian:TemporalStrike","Guardian:Repulse"],"picked":"SKIP","floor":37.0},{"not_picked":["Guardian:Gem_Blue","Guardian:TimeSifter","Guardian:Reroute"],"picked":"SKIP","floor":38.0},{"not_picked":["Guardian:ShieldCharger","Guardian:GuardianWhirl","Guardian:Incinerate"],"picked":"SKIP","floor":39.0},{"not_picked":["Guardian:Planning","Guardian:RollAttack"],"picked":"Guardian:Recover","floor":42.0},{"not_picked":["Guardian:ChargeCore","Guardian:Preprogram"],"picked":"Guardian:FloatingOrbs+1","floor":43.0},{"not_picked":["Guardian:Reroute","Guardian:Harden","Guardian:TemporalStrike"],"picked":"SKIP","floor":44},{"not_picked":["Guardian:SentryBeam","Guardian:Suspension+1"],"picked":"Guardian:Gem_Orange","floor":46},{"not_picked":["Guardian:Suspension","Guardian:TemporalStrike","Guardian:PrimingBeam"],"picked":"SKIP","floor":48},{"not_picked":["Guardian:ChargeUp+1","Guardian:BronzeArmor","Guardian:Reroute"],"picked":"SKIP","floor":49}],"player_experience":2866030,"relics_obtained":[{"floor":7.0,"key":"Guardian:PocketSentry"},{"floor":9.0,"key":"Nunchaku"},{"floor":11.0,"key":"Ginger"},{"floor":24.0,"key":"Omamori"},{"floor":26.0,"key":"downfall:CloakOfManyFaces"},{"floor":27.0,"key":"HornCleat"},{"floor":29.0,"key":"Art of War"},{"floor":44,"key":"Oddly Smooth Stone"}],"event_choices":[{"cards_removed":["Guardian:Strike_Guardian"],"damage_healed":0.0,"max_hp_gain":0.0,"max_hp_loss":0.0,"gold_gain":0.0,"event_name":"Back to Basics","player_choice":"Elegance","floor":22.0,"gold_loss":0.0,"damage_taken":0.0}],"is_beta":false,"boss_relics":[{"not_picked":["Astrolabe","Runic Pyramid"],"picked":"SlaversCollar"},{"not_picked":["Calling Bell","sneckomod:SneckoTalon"],"picked":"Philosopher\u0027s Stone"}],"items_purged_floors":[31,40],"is_endless":false,"potions_floor_spawned":[9,11,15,16,19,20,26,28,29,36,38,42,44,49],"ascension_level":20}}