{"host":"91blwi3hgehj6ch9","time":1609872991,"event":{"mods":["2.2 Compatiblity","AchievementEnabler","BaseMod","Colored Map","DeckTracker","Keyboard Shortcuts","Minty Spire (QoL Compilation)","Permanent Neow","Quick Restart","StSLib","SuperFastMode"],"gold_per_floor":[117,67,67,67,67,97,110,110,110,129,156,81,81,91,91,193,193,212,226,242,242,260,260,305,31,31,50,50,50,50,66,66,66,66],"floor_reached":33,"playtime":1300,"items_purged":["Strike_G","Skewer"],"score":420,"play_id":"d5684fe0-91f3-4a64-991c-3a096445b119","local_time":"20210106035631","is_ascension_mode":true,"campfire_choices":[{"data":"Deadly Poison","floor":8.0,"key":"SMITH"},{"floor":15.0,"key":"REST"},{"data":"After Image","floor":23.0,"key":"SMITH"},{"floor":29.0,"key":"REST"},{"data":"Flechettes","floor":32.0,"key":"SMITH"}],"circlet_count":0,"master_deck":["AscendersBane","Survivor","Neutralize","Acrobatics+1","Deadly Poison+1","Burst","After Image+1","Bouncing Flask","Leg Sweep","Venomology","Acrobatics","Dagger Throw+1","Escape Plan","Flechettes+1","Backflip","Backflip"],"relics":["Ring of the Snake","NeowsBlessing","Pocketwatch","PreservedInsect","The Specimen","Pandora\u0027s Box","Bronze Scales","HandDrill","Gremlin Horn"],"acts_visited":["Exordium","TheCity"],"potions_floor_usage":[33,33,33,33],"damage_taken":[{"damage":0.0,"enemies":"Jaw Worm","floor":1.0,"turns":1.0},{"damage":0.0,"enemies":"Lagavulin","floor":6.0,"turns":1.0},{"damage":0.0,"enemies":"Small Slimes","floor":7.0,"turns":1.0},{"damage":2.0,"enemies":"2 Louse","floor":10.0,"turns":3.0},{"damage":12.0,"enemies":"Gremlin Nob","floor":11.0,"turns":3.0},{"damage":12.0,"enemies":"Exordium Thugs","floor":14.0,"turns":4.0},{"damage":17.0,"enemies":"Hexaghost","floor":16.0,"turns":9.0},{"damage":8.0,"enemies":"Spheric Guardian","floor":18.0,"turns":3.0},{"damage":8.0,"enemies":"Chosen","floor":19.0,"turns":5.0},{"damage":18.0,"enemies":"Snake Plant","floor":20.0,"turns":5.0},{"damage":2.0,"enemies":"Centurion and Healer","floor":22.0,"turns":7.0},{"damage":11.0,"enemies":"Snecko","floor":27.0,"turns":4.0},{"damage":5.0,"enemies":"Cultist and Chosen","floor":31.0,"turns":4.0},{"damage":39,"enemies":"Champ","floor":33,"turns":10}],"seed_played":"-5642105134464329265","potions_obtained":[{"floor":6.0,"key":"FearPotion"},{"floor":14.0,"key":"SpeedPotion"},{"floor":19.0,"key":"Weak Potion"},{"floor":22.0,"key":"Explosive Potion"},{"floor":31.0,"key":"CunningPotion"}],"is_trial":false,"path_per_floor":["M","?","?","$","?","E","M","R","T","M","E","$","?","M","R","B",null,"M","M","M","?","M","R","T","$","T","M","$","R","$","M","R","B"],"character_chosen":"THE_SILENT","items_purchased":["HandDrill","Backflip"],"campfire_rested":2,"item_purchase_floors":[25,25],"current_hp_per_floor":[63,63,63,63,49,49,49,49,49,47,35,35,28,16,37,20,58,50,42,24,24,22,22,22,22,22,11,11,32,32,27,27,0,0],"gold":66,"neow_bonus":"THREE_ENEMY_KILL","is_daily":false,"chose_seed":false,"campfire_upgraded":3,"win_rate":0.0,"timestamp":1609872991,"path_taken":["M","?","?","?","?","E","M","R","T","?","E","$","?","M","R","BOSS","M","M","M","?","M","R","?","$","T","M","?","R","?","M","R","BOSS"],"items_purchased_type":["Relic","Card"],"build_version":"2020-12-22","purchased_purges":2,"victory":false,"max_hp_per_floor":[70,70,70,70,70,70,70,70,70,70,70,70,70,70,70,70,70,70,70,70,70,70,70,70,70,70,70,70,70,70,70,70,70,70],"card_choices":[{"not_picked":["PiercingWail","Underhanded Strike"],"picked":"Acrobatics","floor":1.0},{"not_picked":["Slice","Flying Knee"],"picked":"Deadly Poison","floor":6.0},{"not_picked":["Blur","Cloak And Dagger","Leg Sweep"],"picked":"SKIP","floor":7.0},{"not_picked":["Leg Sweep","Cloak And Dagger","Deflect"],"picked":"SKIP","floor":10.0},{"not_picked":["Leg Sweep","Cloak And Dagger","Deflect"],"picked":"SKIP","floor":10.0},{"not_picked":["Unload","Bane","Sucker Punch"],"picked":"SKIP","floor":11.0},{"not_picked":["Flying Knee","Blade Dance","Setup"],"picked":"SKIP","floor":14.0},{"not_picked":["Unload","Wraith Form v2"],"picked":"Burst","floor":16.0},{"not_picked":["Prepared","Underhanded Strike+1"],"picked":"Acrobatics","floor":18.0},{"not_picked":["Poisoned Stab+1","Leg Sweep+1"],"picked":"Dagger Throw+1","floor":19.0},{"not_picked":["Flying Knee","All Out Attack"],"picked":"Escape Plan","floor":20.0},{"not_picked":["Escape Plan","Slice"],"picked":"Flechettes","floor":22.0},{"not_picked":["Blade Dance","Terror"],"picked":"Backflip","floor":27.0},{"not_picked":["All Out Attack","Leg Sweep","Accuracy"],"picked":"SKIP","floor":31.0}],"player_experience":76367,"relics_obtained":[{"floor":6.0,"key":"Pocketwatch"},{"floor":9.0,"key":"PreservedInsect"},{"floor":11.0,"key":"The Specimen"},{"floor":24.0,"key":"Bronze Scales"},{"floor":26.0,"key":"Gremlin Horn"}],"event_choices":[{"cards_removed":["Strike_G"],"damage_healed":0.0,"max_hp_gain":0.0,"max_hp_loss":0.0,"gold_gain":0.0,"event_name":"The Cleric","player_choice":"Card Removal","floor":2.0,"gold_loss":50.0,"damage_taken":0.0},{"cards_removed":["Defend_G"],"damage_healed":0.0,"max_hp_gain":0.0,"max_hp_loss":0.0,"gold_gain":0.0,"event_name":"Living Wall","player_choice":"Forget","floor":3.0,"gold_loss":0.0,"damage_taken":0.0},{"damage_healed":0.0,"max_hp_gain":0.0,"max_hp_loss":0.0,"gold_gain":0.0,"event_name":"Shining Light","player_choice":"Entered Light","floor":5.0,"gold_loss":0.0,"damage_taken":14.0,"cards_upgraded":["Strike_G","Acrobatics"]},{"cards_removed":["Defend_G"],"damage_healed":0.0,"max_hp_gain":0.0,"max_hp_loss":0.0,"gold_gain":0.0,"event_name":"Golden Wing","player_choice":"Card Removal","floor":13.0,"gold_loss":0.0,"damage_taken":7.0},{"cards_removed":["Predator"],"damage_healed":0.0,"max_hp_gain":0.0,"max_hp_loss":0.0,"gold_gain":0.0,"event_name":"Back to Basics","player_choice":"Elegance","floor":21.0,"gold_loss":0.0,"damage_taken":0.0}],"is_beta":false,"boss_relics":[{"not_picked":["Tiny House","Black Star"],"picked":"Pandora\u0027s Box"}],"items_purged_floors":[12,25],"is_endless":false,"potions_floor_spawned":[6,14,19,22,31],"killed_by":"Champ","ascension_level":10}}