{"host":"g01l53quoe6lrer0","time":1609850075,"event":{"mods":["2.2 Compatiblity","AchievementEnabler","BaseMod","Colored Map","Highlight Path","Keyboard Shortcuts","Minty Spire (QoL Compilation)","Permanent Neow","Quick Restart","StSLib","SuperFastMode","everything is the same but u backflip on backflip"],"gold_per_floor":[14,14,25,37,37,37,65,82,106,106,120,120,135,155,155,251,251,265,190,115,130,30,30,63,63,114,114,131,131,6,39,39,136,136,155,81,81,81,94,121,121,131,131,141,161,161,190,40,40,40,40,40,40,69,69],"floor_reached":56,"playtime":2242,"items_purged":["Defend_P","Strike_P","Strike_P","Parasite"],"score":1684,"play_id":"50f76997-5f1c-455b-a176-c47ad78d37eb","local_time":"20210105213435","is_ascension_mode":true,"campfire_choices":[{"data":"Eruption","floor":6.0,"key":"SMITH"},{"data":"Adaptation","floor":10.0,"key":"SMITH"},{"data":"FlurryOfBlows","floor":15.0,"key":"SMITH"},{"floor":23.0,"key":"RECALL"},{"data":"Vigilance","floor":25.0,"key":"SMITH"},{"floor":29.0,"key":"REST"},{"floor":32.0,"key":"REST"},{"data":"MentalFortress","floor":41.0,"key":"SMITH"},{"floor":49.0,"key":"REST"},{"floor":52,"key":"REST"}],"circlet_count":0,"master_deck":["Eruption+1","Vigilance+1","FlurryOfBlows+1","Vengeance+1","Adaptation+1","DeusExMachina+1","MentalFortress+1"],"relics":["PureWater","Damaru","Bronze Scales","VioletLotus","Art of War","War Paint","Black Star","TeardropLocket","MealTicket","Yang","Dream Catcher","Bottled Flame","Shuriken","Lantern"],"acts_visited":["Exordium","TheCity","TheBeyond","TheEnding"],"potions_floor_usage":[55],"damage_taken":[{"damage":0.0,"enemies":"Small Slimes","floor":1.0,"turns":2.0},{"damage":10.0,"enemies":"2 Louse","floor":3.0,"turns":3.0},{"damage":0.0,"enemies":"Cultist","floor":4.0,"turns":3.0},{"damage":9.0,"enemies":"3 Sentries","floor":7.0,"turns":5.0},{"damage":0.0,"enemies":"2 Fungi Beasts","floor":8.0,"turns":2.0},{"damage":0.0,"enemies":"Gremlin Gang","floor":11.0,"turns":2.0},{"damage":11.0,"enemies":"Looter","floor":13.0,"turns":2.0},{"damage":3.0,"enemies":"Blue Slaver","floor":14.0,"turns":2.0},{"damage":34.0,"enemies":"The Guardian","floor":16.0,"turns":11.0},{"damage":4.0,"enemies":"Chosen","floor":18.0,"turns":2.0},{"damage":0.0,"enemies":"Spheric Guardian","floor":21.0,"turns":2.0},{"damage":6.0,"enemies":"Book of Stabbing","floor":24.0,"turns":2.0},{"damage":11.0,"enemies":"Centurion and Healer","floor":28.0,"turns":2.0},{"damage":4.0,"enemies":"Gremlin Leader","floor":31.0,"turns":3.0},{"damage":0.0,"enemies":"Champ","floor":33.0,"turns":2.0},{"damage":0.0,"enemies":"3 Darklings","floor":35.0,"turns":1.0},{"damage":0.0,"enemies":"3 Shapes","floor":39.0,"turns":2.0},{"damage":0.0,"enemies":"Reptomancer","floor":40.0,"turns":2.0},{"damage":0.0,"enemies":"3 Darklings","floor":42.0,"turns":2.0},{"damage":0.0,"enemies":"Writhing Mass","floor":44.0,"turns":3.0},{"damage":0.0,"enemies":"Maw","floor":45.0,"turns":2.0},{"damage":0.0,"enemies":"Giant Head","floor":47.0,"turns":2.0},{"damage":32,"enemies":"Time Eater","floor":50,"turns":9},{"damage":0,"enemies":"Shield and Spear","floor":54,"turns":2},{"damage":9,"enemies":"The Heart","floor":55,"turns":5}],"seed_played":"4506294872138259784","potions_obtained":[{"floor":7.0,"key":"DuplicationPotion"},{"floor":8.0,"key":"SteroidPotion"},{"floor":11.0,"key":"Energy Potion"},{"floor":24.0,"key":"Block Potion"},{"floor":33.0,"key":"FearPotion"}],"is_trial":false,"path_per_floor":["M","?","M","M","?","R","E","M","T","R","M","?","M","M","R","B",null,"M","$","?","M","$","R","E","R","T","?","M","R","$","E","R","B",null,"M","$","?","?","M","E","R","M","T","M","M","?","E","$","R","B",null,"R","$","E","B",null],"character_chosen":"WATCHER","items_purchased":["MentalFortress"],"campfire_rested":4,"item_purchase_floors":[36],"current_hp_per_floor":[72,72,62,62,62,62,53,53,53,53,53,53,42,39,39,5,72,68,68,68,68,68,68,62,62,62,62,51,72,72,68,72,72,72,72,72,72,72,72,72,72,72,72,72,72,72,72,69,69,37,69,69,69,69,60],"gold":69,"neow_bonus":"REMOVE_TWO","is_daily":false,"chose_seed":false,"campfire_upgraded":5,"win_rate":0.0,"timestamp":1609850075,"path_taken":["M","?","M","M","?","R","E","?","T","R","M","?","M","?","R","BOSS","M","$","?","M","$","R","E","R","T","?","?","R","$","E","R","BOSS","M","$","?","?","M","E","R","M","T","M","M","?","E","$","R","BOSS","R","$","E","BOSS"],"items_purchased_type":["Card"],"build_version":"2020-12-22","purchased_purges":4,"victory":true,"max_hp_per_floor":[72,72,72,72,72,72,72,72,72,72,72,72,72,72,72,72,72,72,72,72,72,72,72,72,72,72,72,72,72,72,72,72,72,72,72,72,72,72,72,72,72,72,72,72,72,72,72,69,69,69,69,69,69,69,69],"card_choices":[{"not_picked":["Protect","JustLucky"],"picked":"FlurryOfBlows","floor":1.0},{"not_picked":["DeceiveReality","FollowUp"],"picked":"Vengeance","floor":3.0},{"not_picked":["BowlingBash","CutThroughFate"],"picked":"Adaptation","floor":4.0},{"not_picked":["CrushJoints","JustLucky","EmptyMind"],"picked":"SKIP","floor":7.0},{"not_picked":["Meditate","BowlingBash","Prostrate"],"picked":"SKIP","floor":8.0},{"not_picked":["FlurryOfBlows","Meditate","Nirvana"],"picked":"SKIP","floor":11.0},{"not_picked":["Collect","Crescendo","EmptyFist"],"picked":"SKIP","floor":13.0},{"not_picked":["Collect","Crescendo","EmptyFist"],"picked":"SKIP","floor":13.0},{"not_picked":["DevaForm","Prostrate","FollowUp"],"picked":"SKIP","floor":14.0},{"not_picked":["Establishment","Wish"],"picked":"DeusExMachina","floor":16.0},{"not_picked":["EmptyBody","Consecrate","ClearTheMind+1"],"picked":"SKIP","floor":18.0},{"not_picked":["Indignation+1","JustLucky","FollowUp"],"picked":"SKIP","floor":21.0},{"not_picked":["CutThroughFate","JustLucky","Collect"],"picked":"SKIP","floor":24.0},{"not_picked":["SashWhip+1","FlurryOfBlows","TalkToTheHand"],"picked":"SKIP","floor":28.0},{"not_picked":["WheelKick+1","Devotion","CarveReality+1"],"picked":"SKIP","floor":31.0},{"not_picked":["DeceiveReality","FollowUp+1","ForeignInfluence+1"],"picked":"SKIP","floor":35.0},{"not_picked":["BowlingBash+1","EmptyFist+1","ClearTheMind"],"picked":"SKIP","floor":39.0},{"not_picked":["Swivel","WindmillStrike","WreathOfFlame"],"picked":"SKIP","floor":40.0},{"not_picked":["Swivel","WindmillStrike","WreathOfFlame"],"picked":"SKIP","floor":40.0},{"not_picked":["Evaluate","Consecrate+1","BowlingBash"],"picked":"SKIP","floor":42.0},{"not_picked":["WindmillStrike+1","JustLucky+1","Halt"],"picked":"SKIP","floor":44.0},{"not_picked":["Protect","WreathOfFlame","EmptyFist"],"picked":"SKIP","floor":45.0},{"not_picked":["PathToVictory+1","JustLucky+1","DeceiveReality"],"picked":"SKIP","floor":47.0},{"not_picked":["LessonLearned","ConjureBlade","SignatureMove"],"picked":"SKIP","floor":54}],"player_experience":67892,"relics_obtained":[{"floor":7.0,"key":"Damaru"},{"floor":9.0,"key":"Bronze Scales"},{"floor":24.0,"key":"Art of War"},{"floor":31.0,"key":"War Paint"},{"floor":40.0,"key":"TeardropLocket"},{"floor":40.0,"key":"MealTicket"},{"floor":43.0,"key":"Yang"},{"floor":47.0,"key":"Dream Catcher"},{"floor":47.0,"key":"Bottled Flame"},{"floor":54,"key":"Shuriken"},{"floor":54,"key":"Lantern"}],"event_choices":[{"cards_removed":["Defend_P"],"damage_healed":0.0,"max_hp_gain":0.0,"max_hp_loss":0.0,"gold_gain":0.0,"event_name":"Living Wall","player_choice":"Forget","floor":2.0,"gold_loss":0.0,"damage_taken":0.0},{"cards_removed":["Strike_P"],"damage_healed":0.0,"max_hp_gain":0.0,"max_hp_loss":0.0,"gold_gain":0.0,"event_name":"Purifier","player_choice":"Purged","floor":5.0,"gold_loss":0.0,"damage_taken":0.0},{"damage_healed":0.0,"max_hp_gain":0.0,"max_hp_loss":0.0,"gold_gain":0.0,"event_name":"Match and Keep!","player_choice":"0 cards matched","floor":12.0,"gold_loss":0.0,"damage_taken":0.0,"cards_obtained":[]},{"cards_removed":["Strike_P"],"damage_healed":0.0,"max_hp_gain":0.0,"max_hp_loss":0.0,"gold_gain":0.0,"event_name":"Beggar","player_choice":"Gave Gold","floor":20.0,"gold_loss":75.0,"damage_taken":0.0},{"damage_healed":0.0,"max_hp_gain":0.0,"max_hp_loss":0.0,"gold_gain":0.0,"event_name":"Vampires","player_choice":"Ignored","floor":27.0,"gold_loss":0.0,"damage_taken":0.0},{"damage_healed":0.0,"max_hp_gain":0.0,"max_hp_loss":0.0,"gold_gain":0.0,"event_name":"Mysterious Sphere","player_choice":"Ignored","floor":37.0,"gold_loss":0.0,"damage_taken":0.0},{"damage_healed":0.0,"max_hp_gain":0.0,"max_hp_loss":0.0,"gold_gain":0.0,"event_name":"SensoryStone","player_choice":"Memory 1","floor":38.0,"gold_loss":0.0,"damage_taken":0.0},{"damage_healed":0.0,"max_hp_gain":0.0,"max_hp_loss":0.0,"gold_gain":0.0,"event_name":"Upgrade Shrine","player_choice":"Ignored","floor":46.0,"gold_loss":0.0,"damage_taken":0.0}],"is_beta":false,"boss_relics":[{"not_picked":["Cursed Key","Empty Cage"],"picked":"VioletLotus"},{"not_picked":["Sozu","SlaversCollar"],"picked":"Black Star"}],"items_purged_floors":[19,22,30,48],"is_endless":false,"potions_floor_spawned":[7,8,11,13,18,24,33,35,45],"ascension_level":4}}