{"host":"95i1gxnztdrdyvhi","time":1609848937,"event":{"mods":["100% Spire Juice","AchievementEnabler","Act Like it!","BaseMod","Minty Spire (QoL Compilation)","Quick Restart","StSLib"],"gold_per_floor":[114,114,64,84,84,114,114,131,131,131,56,88,107,17,17,17,17],"floor_reached":16,"playtime":659,"items_purged":["Moonworks:Strike"],"score":193,"play_id":"d9d8fed2-3586-4ebd-86d9-0c52b908d039","local_time":"20210105121537","is_ascension_mode":false,"campfire_choices":[{"data":"1","floor":7,"key":"LIFT"},{"data":"2","floor":10,"key":"LIFT"},{"data":"3","floor":15,"key":"LIFT"}],"circlet_count":0,"master_deck":["Moonworks:Strike","Moonworks:Strike","Moonworks:Defend","Moonworks:Defend","Moonworks:Defend","Moonworks:Defend","Moonworks:Ambush","Moonworks:LongDistanceShot","Moonworks:JonathanRush","Moonworks:EvilSpyWorkPreparation+1","Moonworks:WindyEnchantment","Moonworks:CompletionReward","Moonworks:RagingMadness"],"relics":["Moonworks:BrokenBomb","Moonworks:Homemark","NeowsBlessing","Girya","Toxic Egg 2","Eternal Feather","Bottled Lightning"],"acts_visited":["Exordium"],"potions_floor_usage":[16,16],"damage_taken":[{"damage":0.0,"enemies":"Jaw Worm","floor":1.0,"turns":1.0},{"damage":0.0,"enemies":"2 Louse","floor":4.0,"turns":1.0},{"damage":0,"enemies":"Lagavulin","floor":6,"turns":3},{"damage":0,"enemies":"Small Slimes","floor":8,"turns":2},{"damage":16,"enemies":"Gremlin Nob","floor":12,"turns":3},{"damage":0,"enemies":"Blue Slaver","floor":13,"turns":2},{"damage":30,"enemies":"3 Sentries","floor":14,"turns":6}],"seed_played":"-1936626858630576835","potions_obtained":[{"floor":6,"key":"Weak Potion"},{"floor":12,"key":"Regen Potion"},{"floor":13,"key":"Energy Potion"}],"is_trial":false,"path_per_floor":["M","?","?","M","?","E","R","M","T","R","$","E","M","E","R","B"],"character_chosen":"THE_STARBREAKER","items_purchased":[],"campfire_rested":0,"item_purchase_floors":[],"current_hp_per_floor":[60,65,65,65,65,65,65,65,65,65,65,49,49,19,25,0,0],"gold":17,"neow_bonus":"THREE_ENEMY_KILL","is_daily":false,"chose_seed":false,"campfire_upgraded":0,"win_rate":0.0,"timestamp":1609848937,"path_taken":["M","?","?","M","?","E","R","M","T","R","$","E","?","E","R","BOSS"],"items_purchased_type":[],"build_version":"2020-12-22","purchased_purges":1,"victory":false,"max_hp_per_floor":[60,65,65,65,65,65,65,65,65,65,65,65,65,65,65,65,65],"card_choices":[{"not_picked":["Moonworks:SelfDestruct","Moonworks:Assault"],"picked":"Moonworks:JonathanRush","floor":1.0},{"not_picked":["Moonworks:LulusLuckyEgg","Moonworks:WindyEnchantment"],"picked":"Moonworks:EvilSpyWorkPreparation","floor":4.0},{"not_picked":["Moonworks:BigMagnum","Moonworks:SakisCookie"],"picked":"Moonworks:WindyEnchantment","floor":6},{"not_picked":["Moonworks:RedAndBlue","Moonworks:Dinner"],"picked":"Moonworks:CompletionReward","floor":8},{"not_picked":["Moonworks:Bloodlust+1","Moonworks:LulusLuckyEgg+1"],"picked":"Moonworks:RagingMadness","floor":12},{"not_picked":["Moonworks:Heat300Percent+1","Moonworks:WindyEnchantment+1","Moonworks:RagingMadness"],"picked":"SKIP","floor":13},{"not_picked":["Moonworks:RagingMadness","Moonworks:IntelligenceOfficer+1","Moonworks:DeployBits+1"],"picked":"SKIP","floor":14}],"player_experience":623665,"relics_obtained":[{"floor":6,"key":"Girya"},{"floor":9,"key":"Toxic Egg 2"},{"floor":12,"key":"Eternal Feather"},{"floor":14,"key":"Bottled Lightning"}],"event_choices":[{"damage_healed":0.0,"max_hp_gain":5.0,"max_hp_loss":0.0,"gold_gain":0.0,"event_name":"Big Fish","player_choice":"Donut","floor":2.0,"gold_loss":0.0,"damage_taken":0.0},{"cards_removed":["Moonworks:Strike"],"damage_healed":0.0,"max_hp_gain":0.0,"max_hp_loss":0.0,"gold_gain":0.0,"event_name":"The Cleric","player_choice":"Card Removal","floor":3.0,"gold_loss":50.0,"damage_taken":0.0},{"damage_healed":0,"gold_gain":0,"player_choice":"Grow","damage_taken":0,"max_hp_gain":0,"max_hp_loss":0,"event_name":"Living Wall","floor":5,"gold_loss":0,"cards_upgraded":["Moonworks:EvilSpyWorkPreparation"]}],"is_beta":false,"boss_relics":[],"items_purged_floors":[11],"is_endless":false,"potions_floor_spawned":[6,12,13],"killed_by":"The Guardian","ascension_level":0}}