{"host":"kh6fvhxn285ncg0o","time":1609828629,"event":{"mods":["Act Like it!","BaseMod","Colored Map","Friendly Minions","Keyboard Shortcuts","Minty Spire (QoL Compilation)","Quick Restart","Relic Stats","StSLib","SuperFastMode"],"gold_per_floor":[366,366,379,397,472,472,482,482,482,364,394,394,408,438,438,438,438],"floor_reached":16,"playtime":772,"items_purged":["Strike_R"],"score":200,"play_id":"25aa4a67-bdbc-4b32-b84a-68c8e6f75c14","local_time":"20210105153709","is_ascension_mode":true,"campfire_choices":[{"data":"Armaments","floor":6,"key":"SMITH"},{"floor":8,"key":"REST"},{"data":"Bash","floor":12,"key":"SMITH"},{"data":"Strike_R","floor":15,"key":"PURGE"}],"circlet_count":0,"master_deck":["AscendersBane","Strike_R+1","Strike_R","Strike_R+1","Defend_R","Defend_R","Defend_R","Defend_R","Bash+1","Body Slam","Armaments+1","Second Wind","Dropkick","Shrug It Off","Offering"],"relics":["Burning Blood","Paper Frog","Peace Pipe"],"acts_visited":["Exordium"],"potions_floor_usage":[14,16],"damage_taken":[{"damage":4,"enemies":"Small Slimes","floor":1,"turns":3},{"damage":1,"enemies":"2 Louse","floor":3,"turns":3},{"damage":7,"enemies":"Jaw Worm","floor":4,"turns":3},{"damage":24,"enemies":"Lots of Slimes","floor":7,"turns":6},{"damage":16,"enemies":"3 Louse","floor":13,"turns":4},{"damage":27,"enemies":"3 Sentries","floor":14,"turns":10},{"damage":31,"enemies":"The Guardian","floor":16,"turns":7}],"seed_played":"-891781167490408557","potions_obtained":[{"floor":3,"key":"GamblersBrew"},{"floor":13,"key":"DuplicationPotion"}],"is_trial":false,"path_per_floor":["M","?","M","M","?","R","M","R","T","$","?","R","M","E","R","B"],"character_chosen":"IRONCLAD","items_purchased":["Dropkick"],"campfire_rested":1,"item_purchase_floors":[10],"current_hp_per_floor":[68,48,53,52,41,41,23,43,43,43,43,43,33,12,12,0,0],"gold":438,"neow_bonus":"TWO_FIFTY_GOLD","is_daily":false,"chose_seed":false,"campfire_upgraded":2,"win_rate":0.0,"timestamp":1609828629,"path_taken":["M","?","M","M","?","R","M","R","T","$","?","R","M","E","R","BOSS"],"items_purchased_type":["Card"],"build_version":"2020-12-22","purchased_purges":1,"victory":false,"max_hp_per_floor":[68,68,68,68,68,68,68,68,68,68,68,68,68,68,68,68,68],"relic_stats":{"Peace Pipe":1,"counters":[7,36],"obtain_stats":[{"Peace Pipe":14,"Burning Blood":0,"Paper Frog":9},{"Peace Pipe":6,"Burning Blood":0,"Paper Frog":4},{"Peace Pipe":29,"Burning Blood":0,"Paper Frog":15}],"Burning Blood":34},"card_choices":[{"not_picked":["Clothesline","Sword Boomerang"],"picked":"Body Slam","floor":1},{"not_picked":["Spot Weakness","Anger"],"picked":"Armaments","floor":3},{"not_picked":["Wild Strike","Heavy Blade"],"picked":"Second Wind","floor":4},{"not_picked":["Second Wind","Pommel Strike","Clash"],"picked":"SKIP","floor":7},{"not_picked":["Sentinel","Flex"],"picked":"Shrug It Off","floor":13},{"not_picked":["Rage","Feed"],"picked":"Offering","floor":14}],"player_experience":3369494,"relics_obtained":[{"floor":9,"key":"Paper Frog"},{"floor":14,"key":"Peace Pipe"}],"event_choices":[{"damage_healed":0,"gold_gain":0,"player_choice":"Entered Light","damage_taken":20,"max_hp_gain":0,"max_hp_loss":0,"event_name":"Shining Light","floor":2,"gold_loss":0,"cards_upgraded":["Strike_R","Strike_R"]},{"damage_healed":0,"gold_gain":75,"player_choice":"Gather Gold","damage_taken":11,"max_hp_gain":0,"max_hp_loss":0,"event_name":"World of Goop","floor":5,"gold_loss":0},{"damage_healed":0,"gold_gain":30,"player_choice":"Searched \u00272\u0027 times","damage_taken":0,"max_hp_gain":0,"max_hp_loss":0,"event_name":"Dead Adventurer","floor":11,"gold_loss":0}],"is_beta":false,"boss_relics":[],"items_purged_floors":[10],"is_endless":false,"potions_floor_spawned":[3,13],"killed_by":"The Guardian","ascension_level":20}}