{"host":"9w1j3v3kvq5208ps","time":1609848890,"event":{"mods":["2.2 Compatiblity","BaseMod","CapriCore","Colored Map","DeckTracker","Highlight Path","Keyboard Shortcuts","Minty Spire (QoL Compilation)","Permanent Neow","Quick Restart","StSLib","SuperFastMode","The Immortal","everything is the same but u backflip on backflip"],"gold_per_floor":[362,362,373,386,88,88,88,102,102,115,129,147,147,164,164,267,267,277,127,127,142,142,142,142,142],"floor_reached":24,"playtime":1336,"items_purged":["Strike_R","Strike_R"],"score":209,"play_id":"41ee0a21-81eb-4fa1-bd5c-d251badc26fc","local_time":"20210105211450","is_ascension_mode":true,"campfire_choices":[{"data":"Power Through","floor":6,"key":"SMITH"},{"data":"Body Slam","floor":13,"key":"SMITH"},{"data":"True Grit","floor":15,"key":"SMITH"},{"floor":23,"key":"REST"}],"circlet_count":0,"master_deck":["Strike_R","Strike_R","Strike_R","Defend_R","Defend_R","Defend_R","Defend_R","Bash","Pain","Hemokinesis","Wild Strike","Power Through+1","Bludgeon","Decay","Disarm","True Grit+1","Body Slam+1","Exhume","Reckless Charge","Fiend Fire","Infernal Blade","Shrug It Off","Fire Breathing+1","Necronomicurse"],"relics":["Burning Blood","Matryoshka","Runic Cube","Singing Bowl","Necronomicon"],"acts_visited":["Exordium","TheCity"],"potions_floor_usage":[8,10,14,18],"damage_taken":[{"damage":9,"enemies":"Small Slimes","floor":1,"turns":4},{"damage":7,"enemies":"2 Louse","floor":3,"turns":3},{"damage":8,"enemies":"Cultist","floor":4,"turns":3},{"damage":10,"enemies":"2 Fungi Beasts","floor":8,"turns":3},{"damage":3,"enemies":"Large Slime","floor":10,"turns":2},{"damage":5,"enemies":"Looter","floor":11,"turns":4},{"damage":8,"enemies":"Blue Slaver","floor":12,"turns":3},{"damage":10,"enemies":"Exordium Wildlife","floor":14,"turns":5},{"damage":57,"enemies":"Hexaghost","floor":16,"turns":12},{"damage":57,"enemies":"Spheric Guardian","floor":18,"turns":10},{"damage":16,"enemies":"2 Thieves","floor":21,"turns":4},{"damage":36,"enemies":"Book of Stabbing","floor":24,"turns":4}],"seed_played":"-5962953750315646437","potions_obtained":[{"floor":3,"key":"ColorlessPotion"},{"floor":8,"key":"AttackPotion"},{"floor":10,"key":"Energy Potion"},{"floor":14,"key":"Block Potion"}],"is_trial":false,"path_per_floor":["M","?","M","M","$","R","?","M","T","M","M","M","R","M","R","B",null,"M","$","?","M","?","R","E"],"character_chosen":"IRONCLAD","items_purchased":["Power Through","Bludgeon","Shrug It Off"],"campfire_rested":1,"item_purchase_floors":[5,5,19],"current_hp_per_floor":[77,82,81,79,79,79,79,75,75,78,79,77,77,73,73,22,85,34,34,34,24,8,33,0,0],"gold":142,"neow_bonus":"TWO_FIFTY_GOLD","is_daily":false,"chose_seed":false,"campfire_upgraded":3,"win_rate":0.0,"timestamp":1609848890,"path_taken":["M","?","M","M","$","R","?","M","T","M","M","M","R","?","R","BOSS","M","$","?","M","?","R","E"],"items_purchased_type":["Card","Card","Card"],"build_version":"2020-12-22","purchased_purges":2,"victory":false,"max_hp_per_floor":[80,85,85,85,85,85,85,85,85,85,85,85,85,85,85,85,85,85,85,85,85,85,85,85,85],"card_choices":[{"not_picked":["Seeing Red","Flex"],"picked":"Hemokinesis","floor":1},{"not_picked":["Havoc","Clash"],"picked":"Wild Strike","floor":3},{"not_picked":["Anger","Warcry","Intimidate"],"picked":"SKIP","floor":4},{"not_picked":["Wild Strike","Combust"],"picked":"Disarm","floor":8},{"not_picked":["Heavy Blade","Clothesline"],"picked":"True Grit","floor":10},{"not_picked":["Uppercut","Inflame"],"picked":"Body Slam","floor":11},{"not_picked":["Perfected Strike","Rupture"],"picked":"Exhume","floor":12},{"not_picked":["Heavy Blade","Thunderclap"],"picked":"Reckless Charge","floor":14},{"not_picked":["Impervious","Bludgeon"],"picked":"Fiend Fire","floor":16},{"not_picked":["Ghostly Armor","Havoc"],"picked":"Infernal Blade","floor":18},{"not_picked":["Warcry","Flex"],"picked":"Fire Breathing+1","floor":21}],"player_experience":208357,"relics_obtained":[{"floor":9,"key":"Matryoshka"},{"floor":22,"key":"Necronomicon"}],"event_choices":[{"damage_healed":0,"gold_gain":0,"player_choice":"Donut","damage_taken":0,"max_hp_gain":5,"max_hp_loss":0,"event_name":"Big Fish","floor":2,"gold_loss":0},{"damage_healed":0,"gold_gain":0,"player_choice":"Cursed","damage_taken":0,"max_hp_gain":0,"max_hp_loss":0,"event_name":"Wheel of Change","floor":7,"gold_loss":0,"cards_obtained":["Decay"]},{"damage_healed":0,"gold_gain":0,"player_choice":"Opened","damage_taken":0,"relics_obtained":["Singing Bowl"],"max_hp_gain":0,"max_hp_loss":0,"event_name":"The Mausoleum","floor":20,"gold_loss":0},{"damage_healed":0,"gold_gain":0,"player_choice":"Obtained Book","damage_taken":16,"max_hp_gain":0,"max_hp_loss":0,"event_name":"Cursed Tome","floor":22,"gold_loss":0}],"is_beta":false,"boss_relics":[{"not_picked":["Mark of Pain","Runic Pyramid"],"picked":"Runic Cube"}],"items_purged_floors":[5,19],"is_endless":false,"potions_floor_spawned":[3,8,10,14],"killed_by":"Book of Stabbing","ascension_level":2}}