{"host":"qy7jow5usmjkdnnq","time":1609806763,"event":{"mods":["BaseMod","Colored Map","Downfall","Minty Spire (QoL Compilation)","Permanent Neow","Relic Stats","StSLib"],"gold_per_floor":[99,110,130,142,158,58,58,93,106,138,154,254,154,329,345,444,444,444,455,455,215,235,235,235,71,171,185,219,319,319,350,364,469,469,469,484,499,426,436,471,496,531,431,431,431,445,460,485,499,499,499,529,9,9,9,9,9,9],"floor_reached":57,"playtime":5382,"items_purged":["Doubt","bronze:Strike","Regret"],"score":1243,"play_id":"076eb7fd-3d95-4f54-a0b3-bb9fdac4826c","local_time":"20210105013243","is_ascension_mode":true,"campfire_choices":[{"floor":1.0,"key":"RECALL"},{"data":"bronze:Replicate","floor":6.0,"key":"SMITH"},{"data":"bronze:Repulsor","floor":13.0,"key":"SMITH"},{"data":"bronze:Constructor","floor":18.0,"key":"SMITH"},{"data":"bronze:FineTuning","floor":23.0,"key":"SMITH"},{"data":"bronze:DecaBeam","floor":30.0,"key":"SMITH"},{"data":"bronze:Assembly","floor":35.0,"key":"SMITH"},{"data":"bronze:DonuBeam","floor":43,"key":"SMITH"},{"floor":45,"key":"DIG"},{"data":"bronze:Goto","floor":54,"key":"SMITH"}],"circlet_count":0,"master_deck":["bronze:Strike","bronze:Strike","bronze:Strike","bronze:Defend","bronze:Defend","bronze:Defend","bronze:Defend","bronze:Replicate+1","bronze:Goto+1","bronze:Constructor+1","bronze:ChosenStrike","bronze:ChildClass","bronze:Assembly+1","bronze:Repulsor+1","bronze:WildBeam","bronze:Turbo+1","bronze:FineTuning+1","bronze:HyperBeam","bronze:ForceShield+1","bronze:Shield","downfall:Malfunctioning","bronze:Separator+1","bronze:DonuBeam+1","bronze:DecaBeam+1","bronze:CutThrough","bronze:Iterate+1","Parasite","bronze:ChildClass+1"],"relics":["bronze:BronzeCore","champ:DuelingGlove","downfall:HeartBlessingRed","FossilizedHelix","Dead Branch","Mango","downfall:HeartBlessingGreen","Cursed Key","Vajra","HornCleat","ClockworkSouvenir","Juzu Bracelet","Potion Belt","Lantern","Coffee Dripper","War Paint","Medical Kit","Art of War","Happy Flower","downfall:HeartBlessingBlue","Shovel","Boot","Pantograph","Calipers","Bottled Flame"],"acts_visited":["Exordium","TheCity","TheBeyond","TheEnding"],"potions_floor_usage":[40,42,50,52,55],"damage_taken":[{"damage":1.0,"enemies":"2 Louse","floor":2.0,"turns":3.0},{"damage":0.0,"enemies":"Jaw Worm","floor":3.0,"turns":3.0},{"damage":0.0,"enemies":"Cultist","floor":4.0,"turns":4.0},{"damage":12.0,"enemies":"3 Louse","floor":5.0,"turns":7.0},{"damage":0.0,"enemies":"Gremlin Nob","floor":8.0,"turns":3.0},{"damage":0.0,"enemies":"Large Slime","floor":9.0,"turns":4.0},{"damage":0.0,"enemies":"Lagavulin","floor":10.0,"turns":5.0},{"damage":0.0,"enemies":"Red Slaver","floor":11.0,"turns":2.0},{"damage":0.0,"enemies":"3 Louse","floor":15.0,"turns":3.0},{"damage":49.0,"enemies":"downfall:Defect","floor":16.0,"turns":12.0},{"damage":0.0,"enemies":"Chosen","floor":19.0,"turns":4.0},{"damage":0.0,"enemies":"downfall:FleeingMerchant","floor":21.0,"turns":4.0},{"damage":0.0,"enemies":"Centurion and Healer","floor":22.0,"turns":4.0},{"damage":0.0,"enemies":"downfall:FleeingMerchant","floor":25.0,"turns":4.0},{"damage":10.0,"enemies":"downfall:FleeingMerchant","floor":26.0,"turns":8.0},{"damage":0.0,"enemies":"3 Cultists","floor":27.0,"turns":4.0},{"damage":32.0,"enemies":"Book of Stabbing","floor":28.0,"turns":6.0},{"damage":0.0,"enemies":"downfall:LadyInBlue","floor":29.0,"turns":6.0},{"damage":0.0,"enemies":"Gremlin Leader","floor":31.0,"turns":7.0},{"damage":0.0,"enemies":"Snecko","floor":32.0,"turns":3.0},{"damage":0.0,"enemies":"downfall:Watcher","floor":33.0,"turns":5.0},{"damage":0.0,"enemies":"Orb Walker","floor":36.0,"turns":2.0},{"damage":3,"enemies":"3 Shapes","floor":37,"turns":3},{"damage":0,"enemies":"downfall:FleeingMerchant","floor":38,"turns":1},{"damage":0,"enemies":"Spire Growth","floor":39,"turns":2},{"damage":0,"enemies":"Giant Head","floor":40,"turns":5},{"damage":7,"enemies":"Nemesis","floor":42,"turns":3},{"damage":27,"enemies":"Jaw Worm Horde","floor":46,"turns":3},{"damage":0,"enemies":"3 Darklings","floor":47,"turns":3},{"damage":0,"enemies":"Reptomancer","floor":48,"turns":3},{"damage":0,"enemies":"Maw","floor":49,"turns":4},{"damage":2,"enemies":"ArchetypeAct3BlockNewAge","floor":50,"turns":6},{"damage":43,"enemies":"downfall:CharBossMerchant","floor":52,"turns":5},{"damage":0,"enemies":"downfall:NeowBoss","floor":57,"turns":1}],"seed_played":"-2777956352832311947","potions_obtained":[{"floor":3.0,"key":"LiquidBronze"},{"floor":9.0,"key":"Explosive Potion"},{"floor":10.0,"key":"Guardian:BlockOnCardUsePotion"},{"floor":20.0,"key":"bronze:BuildAFunctionPotion"},{"floor":20.0,"key":"ColorlessPotion"},{"floor":26.0,"key":"DuplicationPotion"},{"floor":27.0,"key":"Dexterity Potion"},{"floor":28.0,"key":"LiquidMemories"},{"floor":29.0,"key":"Block Potion"},{"floor":29.0,"key":"bronze:BuildAFunctionPotion"},{"floor":32.0,"key":"Strength Potion"},{"floor":33.0,"key":"SneckoOil"},{"floor":42,"key":"Regen Potion"},{"floor":48,"key":"LiquidMemories"}],"is_trial":false,"path_per_floor":["R","M","M","M","M","R","T","E","M","E","M","?","R","?","M","B",null,"R","M","?","$","M","R","T","$","?","M","E","?","R","E","M","B",null,"R","M","M","$","M","E","T","E","R","?","R","M","M","E","M","B",null,"E","$","R","B","B","B"],"character_chosen":"THE_AUTOMATON","items_purchased":["Vajra","ClockworkSouvenir","War Paint","Medical Kit","Bottled Flame","PowerPotion","EntropicBrew"],"campfire_rested":0,"item_purchase_floors":[21,25,38,38,53,53,53],"current_hp_per_floor":[49,48,48,48,36,36,36,36,36,50,50,50,50,50,50,1,84,84,84,84,84,84,84,84,84,74,74,42,42,42,42,42,42,84,84,84,81,81,81,81,81,74,84,84,84,57,57,57,57,80,94,51,51,51,91,58,83,83],"gold":9,"neow_bonus":"ONE_RARE_RELIC","is_daily":false,"chose_seed":false,"campfire_upgraded":8,"win_rate":0.0,"timestamp":1609806763,"path_taken":["R","M","M","M","M","R","T","E","M","E","M","?","R","?","M","BOSS","R","M","?","$","?","R","T","$","?","M","E","?","R","E","M","BOSS","R","M","M","$","M","E","T","E","R","?","R","M","M","E","M","BOSS","E","$","R","BOSS","BOSS","BOSS"],"items_purchased_type":["Relic","Relic","Relic","Relic","Relic","Potion","Potion"],"build_version":"2020-12-22","purchased_purges":3,"victory":false,"max_hp_per_floor":[70,70,70,70,70,70,70,70,70,84,84,84,84,84,84,84,84,84,84,84,84,84,84,84,84,84,84,84,84,84,84,84,84,84,84,84,84,84,84,84,84,84,94,94,94,94,94,94,94,94,94,94,94,94,94,94,94,94],"relic_stats":{"Shovel":1,"Happy Flower":[19],"counters":[36,175],"Dead Branch":[227],"Pantograph":78,"Juzu Bracelet":0,"Art of War":[3],"War Paint":["bronze:Turbo","bronze:ForceShield"],"Cursed Key":3,"Medical Kit":[27],"Boot":[50],"obtain_stats":[{"champ:DuelingGlove":0,"Lantern":31,"bronze:BronzeCore":0,"Calipers":52,"Vajra":21,"Mango":10,"downfall:HeartBlessingGreen":13,"Juzu Bracelet":28,"Cursed Key":17,"Boot":45,"ClockworkSouvenir":25,"HornCleat":24,"Shovel":44,"downfall:HeartBlessingBlue":43,"Pantograph":48,"Potion Belt":29,"downfall:HeartBlessingRed":6,"Happy Flower":42,"Dead Branch":8,"War Paint":38,"Medical Kit":38,"Bottled Flame":53,"Coffee Dripper":34,"Art of War":40,"FossilizedHelix":7},{"champ:DuelingGlove":0,"Lantern":19,"bronze:BronzeCore":0,"Calipers":33,"Vajra":12,"Mango":7,"downfall:HeartBlessingGreen":8,"Juzu Bracelet":17,"Cursed Key":10,"Boot":27,"ClockworkSouvenir":14,"HornCleat":13,"Shovel":27,"downfall:HeartBlessingBlue":27,"Pantograph":30,"Potion Belt":18,"downfall:HeartBlessingRed":4,"Happy Flower":27,"Dead Branch":5,"War Paint":24,"Medical Kit":24,"Bottled Flame":33,"Coffee Dripper":21,"Art of War":26,"FossilizedHelix":4},{"champ:DuelingGlove":0,"Lantern":93,"bronze:BronzeCore":0,"Calipers":141,"Vajra":54,"Mango":29,"downfall:HeartBlessingGreen":31,"Juzu Bracelet":80,"Cursed Key":46,"Boot":117,"ClockworkSouvenir":62,"HornCleat":58,"Shovel":117,"downfall:HeartBlessingBlue":117,"Pantograph":126,"Potion Belt":86,"downfall:HeartBlessingRed":17,"Happy Flower":117,"Dead Branch":20,"War Paint":107,"Medical Kit":107,"Bottled Flame":141,"Coffee Dripper":101,"Art of War":114,"FossilizedHelix":17}]},"card_choices":[{"not_picked":["bronze:WildBeam","bronze:FineTuning"],"picked":"bronze:Constructor","floor":2.0},{"not_picked":["bronze:Overload","bronze:Frontload"],"picked":"bronze:ChosenStrike","floor":3.0},{"not_picked":["bronze:Overheat","bronze:DelayedSlice","bronze:Philosophize"],"picked":"SKIP","floor":4.0},{"not_picked":["bronze:Shield","bronze:Invalidate"],"picked":"bronze:ChildClass","floor":5.0},{"not_picked":["bronze:Frontload","bronze:OilSpill"],"picked":"bronze:Assembly","floor":8.0},{"not_picked":["bronze:Overheat","bronze:WhirlingStrike"],"picked":"bronze:Repulsor","floor":9.0},{"not_picked":["bronze:Invalidate","bronze:Overload"],"picked":"bronze:WildBeam","floor":10.0},{"not_picked":["bronze:Shield","bronze:Allocate"],"picked":"bronze:Turbo","floor":11.0},{"not_picked":["bronze:Deprecate","bronze:Terminator"],"picked":"bronze:FineTuning","floor":15.0},{"not_picked":["bronze:Mutator","bronze:ThunderWave"],"picked":"bronze:HyperBeam","floor":16.0},{"not_picked":["bronze:Philosophize","bronze:BronzeOrb"],"picked":"bronze:ForceShield","floor":19.0},{"not_picked":["bronze:Constructor","bronze:BitShift","bronze:BugBarrage"],"picked":"SKIP","floor":21.0},{"not_picked":["bronze:WhirlingStrike","bronze:Frontload"],"picked":"bronze:Shield","floor":22.0},{"not_picked":["bronze:BitShift+1","bronze:ThunderWave"],"picked":"bronze:Separator+1","floor":25.0},{"not_picked":[],"picked":"bronze:DonuBeam","floor":26.0},{"not_picked":[],"picked":"bronze:DecaBeam","floor":26.0},{"not_picked":["bronze:Constructor","bronze:FineTuning"],"picked":"bronze:CutThrough","floor":26.0},{"not_picked":["bronze:ShipIt","bronze:Frontload","bronze:OilSpill"],"picked":"SKIP","floor":27.0},{"not_picked":["bronze:ForLoop+1","bronze:Frontload","bronze:CutThrough+1"],"picked":"SKIP","floor":28.0},{"not_picked":["bronze:Branch","bronze:DelayedGuard","bronze:BitShift"],"picked":"SKIP","floor":31.0},{"not_picked":["bronze:NullPointer","bronze:Shield","bronze:WhirlingStrike"],"picked":"SKIP","floor":32.0},{"not_picked":["bronze:Safeguard","bronze:Deprecate","bronze:Invalidate+1"],"picked":"SKIP","floor":36.0},{"not_picked":["bronze:Shield+1","bronze:BugBarrage"],"picked":"bronze:Iterate+1","floor":37},{"not_picked":["bronze:Boost","bronze:Deprecate+1","bronze:ChildClass+1"],"picked":"SKIP","floor":38},{"not_picked":["bronze:Frontload+1","bronze:BuggyMess","bronze:Overheat+1"],"picked":"SKIP","floor":39},{"not_picked":["bronze:ThunderWave","bronze:BitShift","bronze:DelayedSlice+1"],"picked":"SKIP","floor":40},{"not_picked":["bronze:CleanCode","bronze:Repair","bronze:Overheat"],"picked":"SKIP","floor":42},{"not_picked":["bronze:ForLoop+1","bronze:Repulsor","bronze:WildBeam"],"picked":"SKIP","floor":46},{"not_picked":["bronze:BronzeArmor","bronze:CutThrough","bronze:DelayedSlice+1"],"picked":"SKIP","floor":47},{"not_picked":["bronze:BronzeArmor","bronze:CutThrough","bronze:DelayedSlice+1"],"picked":"SKIP","floor":47},{"not_picked":["bronze:BitShift","bronze:ChosenStrike+1","bronze:WildBeam"],"picked":"SKIP","floor":48},{"not_picked":["bronze:DelayedSlice","bronze:Iterate","bronze:Constructor"],"picked":"SKIP","floor":49},{"not_picked":["bronze:Overheat","bronze:Fortify+1"],"picked":"bronze:ChildClass+1","floor":52}],"player_experience":599503,"relics_obtained":[{"floor":7.0,"key":"FossilizedHelix"},{"floor":8.0,"key":"Dead Branch"},{"floor":10.0,"key":"Mango"},{"floor":24.0,"key":"HornCleat"},{"floor":28.0,"key":"Juzu Bracelet"},{"floor":29.0,"key":"Potion Belt"},{"floor":31.0,"key":"Lantern"},{"floor":40,"key":"Art of War"},{"floor":42,"key":"Happy Flower"},{"floor":44,"key":"Shovel"},{"floor":45,"key":"Boot"},{"floor":48,"key":"Pantograph"},{"floor":52,"key":"Calipers"}],"event_choices":[{"damage_healed":0.0,"max_hp_gain":0.0,"max_hp_loss":0.0,"gold_gain":0.0,"event_name":"Lab","player_choice":"Got Potions","floor":20.0,"gold_loss":0.0,"damage_taken":0.0}],"is_beta":false,"boss_relics":[{"not_picked":["bronze:MakeshiftBattery","bronze:PlatinumCore"],"picked":"Cursed Key"},{"not_picked":["Sozu","SacredBark"],"picked":"Coffee Dripper"}],"items_purged_floors":[21,38,53],"is_endless":false,"potions_floor_spawned":[3,9,10,15,26,27,28,32,33,36,42,48,49],"killed_by":"downfall:NeowBoss","ascension_level":3}}