{"host":"1cd1aqaox6jesai3","time":1609824404,"event":{"mods":["Act Like it!","Arknights The Spire","Astrologer","Bartender","BaseMod","Colored Powertips","Googly Eyes","Hallownest","Infinite Spire","Mimic Mod","Minty Spire (QoL Compilation)","Replay The Spire","StSLib","The Bug Knight","The Construct","The Factory","The Hierophant"],"gold_per_floor":[118,118,126,226,253,253,272,258,258],"floor_reached":8,"playtime":240,"items_purged":[],"score":73,"play_id":"6739eef6-ed3d-4c5e-8109-66486f06c217","local_time":"20210105002644","is_ascension_mode":false,"campfire_choices":[{"data":"hierophant:EyeForCoin","floor":6,"key":"SMITH"}],"circlet_count":0,"master_deck":["hierophant:Strike_Hierophant","hierophant:Strike_Hierophant","hierophant:Strike_Hierophant","hierophant:Strike_Hierophant","hierophant:Punish","hierophant:Defend_Hierophant","hierophant:Defend_Hierophant","hierophant:Defend_Hierophant","hierophant:Defend_Hierophant","hierophant:ChurchCoffers","hierophant:EyeForCoin+1","hierophant:Doubloon","hierophant:Endure","hierophant:Doubloon+1","hierophant:Doubloon","hierophant:Charity","hierophant:Doubloon+1"],"relics":["hierophant:PropheticMaskRelic","NeowsBlessing"],"acts_visited":["Exordium"],"potions_floor_usage":[7,8],"damage_taken":[{"damage":0,"enemies":"Cultist","floor":1,"turns":1},{"damage":0,"enemies":"2 Louse","floor":3,"turns":1},{"damage":0,"enemies":"Small Slimes","floor":5,"turns":1},{"damage":20,"enemies":"Exordium Thugs","floor":7,"turns":2},{"damage":74,"enemies":"Gremlin Nob","floor":8,"turns":5}],"seed_played":"-6555482133519191243","potions_obtained":[{"floor":1,"key":"AttackPotion"},{"floor":7,"key":"DuplicationPotion"}],"is_trial":false,"path_per_floor":["M","?","M","?","M","R","M","E"],"character_chosen":"HIEROPHANT","items_purchased":[],"campfire_rested":0,"item_purchase_floors":[],"current_hp_per_floor":[75,75,75,75,75,75,55,0,0],"gold":258,"neow_bonus":"THREE_ENEMY_KILL","is_daily":false,"chose_seed":false,"campfire_upgraded":1,"win_rate":0.0,"timestamp":1609824404,"path_taken":["M","?","M","?","M","R","?","E"],"items_purchased_type":[],"build_version":"2020-12-22","purchased_purges":0,"victory":false,"max_hp_per_floor":[75,75,75,75,75,75,75,75,75],"card_choices":[{"not_picked":["hierophant:Remorse","hierophant:ThreeLashes"],"picked":"hierophant:EyeForCoin","floor":1},{"not_picked":["hierophant:Shelter","hierophant:Bribe","hierophant:Mercenaries"],"picked":"SKIP","floor":3},{"not_picked":["hierophant:ThreeLashes","hierophant:Shelter"],"picked":"hierophant:Endure","floor":5},{"not_picked":["hierophant:AuricBeam","hierophant:Endure"],"picked":"hierophant:Charity","floor":7}],"player_experience":154195,"relics_obtained":[],"event_choices":[{"damage_healed":0,"gold_gain":0,"player_choice":"Leave","damage_taken":0,"max_hp_gain":0,"max_hp_loss":0,"event_name":"The Cleric","floor":2,"gold_loss":0},{"damage_healed":0,"gold_gain":100,"player_choice":"Pray","damage_taken":0,"max_hp_gain":0,"max_hp_loss":0,"event_name":"Golden Shrine","floor":4,"gold_loss":0}],"is_beta":false,"boss_relics":[],"items_purged_floors":[],"is_endless":false,"potions_floor_spawned":[1,7],"killed_by":"Gremlin Nob","ascension_level":0}}