{"host":"tw71e6tbbdk6nymt","time":1609857298,"event":{"mods":["Aspiration","BaseMod","Minty Spire (QoL Compilation)","StSLib"],"gold_per_floor":[118,118,118,128,128,154,171,171,195,222,222,255,268,288,288,388,388,402,422,439,487,487,514,514,540,567,595,595,6,26,45,45,158,158,174,193,211,231,28,57,89,89,167,167,181,198,236,254,254,254,254,254,42,86,86],"floor_reached":56,"playtime":4306,"items_purged":["Zap"],"score":1443,"play_id":"ced88586-3c5c-4562-9a20-43560a95fe14","local_time":"20210105223458","is_ascension_mode":true,"campfire_choices":[{"data":"Sunder","floor":8.0,"key":"SMITH"},{"data":"Darkness","floor":11.0,"key":"SMITH"},{"floor":15,"key":"RECALL"},{"floor":24,"key":"REST"},{"floor":28,"key":"REST"},{"data":"Reboot","floor":32,"key":"SMITH"},{"data":"Loop","floor":42,"key":"SMITH"},{"data":"Dualcast","floor":44,"key":"SMITH"},{"data":"Redo","floor":49,"key":"SMITH"},{"data":"Go for the Eyes","floor":52,"key":"SMITH"}],"circlet_count":0,"master_deck":["Strike_B","Strike_B","Defend_B","Defend_B","Defend_B","Dualcast+1","Go for the Eyes+1","Underhanded Strike","Masterful Stab","Darkness+1","Sunder+1","Auto Shields","Doom and Gloom","Conserve Battery","FTL","Machine Learning","Turbo+1","Redo+1","Reboot+1","Hologram+1","Loop+1","Streamline+1","Core Surge","Impatience","FTL","Flash of Steel","Gash","Streamline+1","Beam Cell+1","All For One","Cold Snap+1"],"relics":["Cracked Core","NeowsBlessing","Blood Vial","Pantograph","aspiration:FrozenJewel","aspiration:PoetsPen_weak","Ancient Tea Set","MealTicket","Bag of Marbles","Singing Bowl","aspiration:ChemicalBlood","aspiration:EnhancedActuators","Letter Opener","CeramicFish","aspiration:RitualDagger","Ornamental Fan","Eternal Feather","Pen Nib","Vajra","Lantern"],"acts_visited":["Exordium","TheCity","TheBeyond","TheEnding"],"potions_floor_usage":[12,19,19,20,27,33,33,35,35,38,38,40,40,40,40,40,41,41,45,46,47,47,47,48,50,50,50,55,55,55,55,55,55,55],"damage_taken":[{"damage":0.0,"enemies":"2 Louse","floor":1.0,"turns":1.0},{"damage":0.0,"enemies":"Cultist","floor":4.0,"turns":1.0},{"damage":0.0,"enemies":"3 Sentries","floor":6.0,"turns":1.0},{"damage":0.0,"enemies":"Jaw Worm","floor":7.0,"turns":1.0},{"damage":6.0,"enemies":"Gremlin Nob","floor":10.0,"turns":3.0},{"damage":2,"enemies":"Lagavulin","floor":12,"turns":5},{"damage":0,"enemies":"2 Fungi Beasts","floor":13,"turns":2},{"damage":1,"enemies":"Exordium Thugs","floor":14,"turns":3},{"damage":15,"enemies":"Slime Boss","floor":16,"turns":5},{"damage":14,"enemies":"3 Byrds","floor":18,"turns":3},{"damage":12,"enemies":"2 Thieves","floor":19,"turns":3},{"damage":4,"enemies":"Snecko","floor":20,"turns":3},{"damage":24,"enemies":"Book of Stabbing","floor":23,"turns":5},{"damage":17,"enemies":"Slavers","floor":25,"turns":4},{"damage":4,"enemies":"Gremlin Leader","floor":27,"turns":5},{"damage":4,"enemies":"Centurion and Healer","floor":30,"turns":3},{"damage":0,"enemies":"Sentry and Sphere","floor":31,"turns":3},{"damage":19,"enemies":"Champ","floor":33,"turns":7},{"damage":33,"enemies":"3 Darklings","floor":35,"turns":5},{"damage":14,"enemies":"Orb Walker","floor":36,"turns":3},{"damage":12,"enemies":"Writhing Mass","floor":38,"turns":4},{"damage":17,"enemies":"Maw","floor":40,"turns":3},{"damage":63,"enemies":"Giant Head","floor":41,"turns":7},{"damage":28,"enemies":"Spire Growth","floor":45,"turns":4},{"damage":15,"enemies":"Transient","floor":46,"turns":5},{"damage":79,"enemies":"Nemesis","floor":47,"turns":7},{"damage":9,"enemies":"4 Shapes","floor":48,"turns":3},{"damage":40,"enemies":"Awakened One","floor":50,"turns":7},{"damage":6,"enemies":"Shield and Spear","floor":54,"turns":2},{"damage":139,"enemies":"The Heart","floor":55,"turns":6}],"seed_played":"3148187193459664518","potions_obtained":[{"floor":6.0,"key":"Strength Potion"},{"floor":10.0,"key":"SkillPotion"},{"floor":12,"key":"Swift Potion"},{"floor":14,"key":"SpeedPotion"},{"floor":16,"key":"Ancient Potion"},{"floor":25,"key":"GamblersBrew"},{"floor":30,"key":"EssenceOfSteel"},{"floor":35,"key":"Swift Potion"},{"floor":38,"key":"SpeedPotion"},{"floor":40,"key":"ColorlessPotion"},{"floor":45,"key":"ColorlessPotion"},{"floor":45,"key":"Strength Potion"},{"floor":46,"key":"SteroidPotion"}],"is_trial":false,"path_per_floor":["M","?","?","M","?","E","M","R","T","E","R","E","M","M","R","B",null,"M","M","M","T","?","E","R","E","T","E","R","$","M","M","R","B",null,"M","M","?","M","$","M","E","R","T","R","M","M","E","M","R","B",null,"R","$","E","B",null],"character_chosen":"DEFECT","items_purchased":["Loop","PowerPotion","Letter Opener","CeramicFish","EntropicBrew","Flash of Steel","Gash","Vajra","All For One"],"campfire_rested":2,"item_purchase_floors":[29,29,29,29,39,39,39,53,53],"current_hp_per_floor":[75,75,75,75,85,85,85,85,85,79,79,79,81,82,82,70,85,71,61,59,59,59,37,62,47,47,45,70,85,83,85,85,68,87,56,46,46,38,53,38,93,93,93,95,85,99,34,46,61,101,101,101,101,100,32],"gold":86,"neow_bonus":"THREE_ENEMY_KILL","is_daily":false,"chose_seed":false,"campfire_upgraded":7,"win_rate":0.0,"timestamp":1609857298,"path_taken":["M","?","?","M","?","E","M","R","T","E","R","E","M","M","R","BOSS","M","M","M","?","?","E","R","E","T","E","R","$","M","M","R","BOSS","M","M","?","M","?","M","E","R","T","R","M","M","E","M","R","BOSS","R","$","E","BOSS"],"items_purchased_type":["Card","Potion","Relic","Relic","Potion","Card","Card","Relic","Card"],"build_version":"2020-12-22","purchased_purges":1,"victory":true,"max_hp_per_floor":[75,75,75,75,85,85,85,85,85,85,85,85,85,85,85,85,85,85,85,85,85,85,85,85,85,85,85,85,85,87,87,87,87,87,89,91,91,93,93,93,95,95,95,95,97,99,99,101,101,101,101,101,101,101,101],"card_choices":[{"not_picked":["Steam Power","Steam"],"picked":"Go for the Eyes","floor":1.0},{"not_picked":["Go for the Eyes","Compile Driver"],"picked":"Darkness","floor":4.0},{"not_picked":["Capacitor","White Noise"],"picked":"Sunder","floor":6.0},{"not_picked":["Beam Cell","Double Energy"],"picked":"Ball Lightning","floor":7.0},{"not_picked":["Ball Lightning","Hologram"],"picked":"Auto Shields","floor":10.0},{"not_picked":["Sweeping Beam","Force Field"],"picked":"Doom and Gloom","floor":12},{"not_picked":["Ball Lightning","Barrage"],"picked":"Conserve Battery","floor":13},{"not_picked":["Hologram","Leap"],"picked":"FTL","floor":14},{"not_picked":["Creative AI","All For One"],"picked":"Machine Learning","floor":16},{"not_picked":["Go for the Eyes","Beam Cell","Leap"],"picked":"SKIP","floor":18},{"not_picked":["Coolheaded","Steam+1","Conserve Battery"],"picked":"SKIP","floor":19},{"not_picked":["Steam","Hologram"],"picked":"Turbo+1","floor":20},{"not_picked":["Barrage","Streamline+1"],"picked":"Redo","floor":23},{"not_picked":["Auto Shields","Turbo+1"],"picked":"Reboot","floor":25},{"not_picked":["Stack+1","Force Field"],"picked":"Hologram+1","floor":27},{"not_picked":["Go for the Eyes","Barrage+1","Conserve Battery"],"picked":"Singing Bowl","floor":30},{"not_picked":["Go for the Eyes","Cold Snap"],"picked":"Streamline+1","floor":31},{"not_picked":["Amplify","Buffer"],"picked":"Core Surge","floor":33},{"not_picked":["Gash","Leap+1","Beam Cell+1"],"picked":"Singing Bowl","floor":35},{"not_picked":["Streamline","Rebound+1","Go for the Eyes"],"picked":"Singing Bowl","floor":36},{"not_picked":["Stack","Leap+1","Gash"],"picked":"Singing Bowl","floor":38},{"not_picked":["Reprogram+1","BootSequence"],"picked":"Streamline+1","floor":40},{"not_picked":["All For One","Turbo+1","Beam Cell+1"],"picked":"Singing Bowl","floor":41},{"not_picked":["Beam Cell+1","Force Field","Ball Lightning+1"],"picked":"Singing Bowl","floor":45},{"not_picked":["Conserve Battery+1","Go for the Eyes+1","Lockon"],"picked":"Singing Bowl","floor":46},{"not_picked":["Defragment+1","Storm+1"],"picked":"Beam Cell+1","floor":47},{"not_picked":["Leap","Rebound+1","Steam"],"picked":"Singing Bowl","floor":48},{"not_picked":["Auto Shields+1","Electrodynamics"],"picked":"Cold Snap+1","floor":54}],"player_experience":380705,"relics_obtained":[{"floor":6.0,"key":"Blood Vial"},{"floor":10.0,"key":"Pantograph"},{"floor":12,"key":"aspiration:FrozenJewel"},{"floor":21,"key":"Ancient Tea Set"},{"floor":23,"key":"Bag of Marbles"},{"floor":25,"key":"Singing Bowl"},{"floor":26,"key":"aspiration:ChemicalBlood"},{"floor":27,"key":"aspiration:EnhancedActuators"},{"floor":41,"key":"Ornamental Fan"},{"floor":43,"key":"Eternal Feather"},{"floor":47,"key":"Pen Nib"},{"floor":54,"key":"Lantern"}],"event_choices":[{"damage_healed":0.0,"max_hp_gain":0.0,"max_hp_loss":0.0,"gold_gain":0.0,"event_name":"The Cleric","player_choice":"Leave","floor":2.0,"gold_loss":0.0,"damage_taken":0.0},{"cards_removed":["Phantasmal Killer"],"damage_healed":0.0,"max_hp_gain":10.0,"max_hp_loss":0.0,"gold_gain":0.0,"event_name":"Bonfire Elementals","player_choice":"Offered Rare","floor":5.0,"gold_loss":0.0,"damage_taken":0.0},{"cards_removed":["Ball Lightning"],"damage_healed":0,"gold_gain":0,"player_choice":"Gave Card","damage_taken":0,"relics_obtained":["MealTicket"],"max_hp_gain":0,"max_hp_loss":0,"event_name":"WeMeetAgain","floor":22,"gold_loss":0},{"damage_healed":0,"gold_gain":0,"player_choice":"2 cards matched","damage_taken":0,"max_hp_gain":0,"max_hp_loss":0,"event_name":"Match and Keep!","floor":37,"gold_loss":0,"cards_obtained":["Impatience","FTL"]}],"is_beta":false,"boss_relics":[{"not_picked":["FrozenCore","Philosopher\u0027s Stone"],"picked":"aspiration:PoetsPen_weak"},{"not_picked":["Nuclear Battery","Empty Cage"],"picked":"aspiration:RitualDagger"}],"items_purged_floors":[29],"is_endless":false,"potions_floor_spawned":[6,10,12,14,16,18,25,30,35,38,40,45,46],"ascension_level":2}}