{"host":"vm8b3ptwl81uq21f","time":1609832877,"event":{"mods":["Aspiration","BaseMod","BetterRewards","Colored Map","Colored Powertips","Downfall","GifTheSpireLib","Googly Eyes","GungeonMod","Halation","Hubris","Infinite Spire","Minty Spire (QoL Compilation)","Quick Restart","Rare Cards Sparkle","Replay The Spire","Shop Mod","StSLib","Stuff the Spire","The Bug Knight","The IronCluck","[IsaacMod]????"],"gold_per_floor":[109,141,141,16,33,58,58,73,73,73,73,104,104,120,120,216,216,233,245,123,135,155,183,205,205,205,205,216,230,243,259,277,277,277,382,382,400,418,34,88,103,121,121,121,121,121,137,157,179,192,192,192],"floor_reached":53,"playtime":2288,"items_purged":["DemoMod:CrossBow","DemoMod:RustySidearm","DemoMod:Strike_Huntress","DemoMod:Strike_Huntress","DemoMod:Defend_Huntress","DemoMod:Defend_Huntress"],"score":899,"play_id":"c4ecd35f-787e-40f9-9f63-7c859c84991c","local_time":"20210105024757","is_ascension_mode":false,"campfire_choices":[{"data":"DemoMod:ManualReload","floor":10,"key":"SMITH"},{"data":"DemoMod:FeignSurrender","floor":13,"key":"SMITH"},{"data":"DemoMod:AWP","floor":15,"key":"SMITH"},{"data":"DemoMod:ConditionalReflex","floor":27,"key":"SMITH"},{"data":"DemoMod:AWP","floor":33,"key":"SMITH"},{"data":"DemoMod:EasyReloadBullets","floor":43,"key":"SMITH"},{"data":"DemoMod:Slinger","floor":51,"key":"SMITH"}],"circlet_count":0,"master_deck":["DemoMod:ManualReload+1","DemoMod:AWP+1","DemoMod:FeignSurrender+1","DemoMod:AWP+1","DemoMod:HungryBullets","DemoMod:BattleInHaste","DemoMod:FastSwitch","DemoMod:ConditionalReflex+1","DemoMod:AWP","StuffTheSpire:BrainWave","DemoMod:TableSutra+1","DemoMod:ConditionalReflex","DemoMod:Unmoved","DemoMod:MachoBrace+1","DemoMod:Unmoved","DemoMod:HardPowerCard+1","DemoMod:Unmoved","DemoMod:ConditionalReflex+1","DemoMod:PracticeMakesPerfect+1","DemoMod:EasyReloadBullets+1","DemoMod:Slinger+1","DemoMod:TableSutra","DemoMod:BattleInHaste"],"relics":["DemoMod:Dog","HushsDoor","BFFS","MealTicket","hubris:EmptyBottle","DemoMod:VorpalBullet","Centennial Puzzle","Lantern","Blood Vial","Replay:Accelerometer","infinitespire:EmpoweringShard","StuffTheSpire:PointBlank","halation:EternalFortune","StuffTheSpire:CocoNut","Ring of Chaos","hubris:Reverence","Black Star","DemoMod:RatBoots","DemoMod:ResourcefulSack","DemoMod:PartiallyEatenCheese","hubris:VirtuousBlindfold","Orrery","Incense Burner","hubris:Icosahedron","infinitespire:CheckeredPen"],"acts_visited":["Exordium","TheCity","DemoMod:Maze","TheBeyond"],"potions_floor_usage":[2,21,34,35,35,35,42,52,52,52],"damage_taken":[{"damage":0,"enemies":"Small Slimes","floor":1,"turns":4},{"damage":15,"enemies":"Jaw Worm","floor":2,"turns":12},{"damage":0,"enemies":"Jaw Worm","floor":5,"turns":2},{"damage":0,"enemies":"HollowMod:MossKnight","floor":6,"turns":1},{"damage":0,"enemies":"Cultist","floor":8,"turns":2},{"damage":2,"enemies":"Replay:BlueRogue","floor":12,"turns":2},{"damage":0,"enemies":"Exordium Thugs","floor":14,"turns":3},{"damage":0,"enemies":"Fading Forest","floor":16,"turns":11},{"damage":0,"enemies":"Chosen","floor":18,"turns":3},{"damage":4,"enemies":"2 Thieves","floor":19,"turns":2},{"damage":0,"enemies":"Snake Plant","floor":21,"turns":2},{"damage":7,"enemies":"Centurion and Healer","floor":22,"turns":2},{"damage":10,"enemies":"HollowMod:Nosk","floor":23,"turns":2},{"damage":0,"enemies":"Cultist and Chosen","floor":24,"turns":3},{"damage":0,"enemies":"DemoMod:2_Veteran_bullet_kins_and_red_shotgun_kin","floor":28,"turns":2},{"damage":0,"enemies":"DemoMod:Veteran_shot_gun_kin_and_bullet_kin","floor":29,"turns":1},{"damage":1,"enemies":"DemoMod:Veteran_shot_gun_kin_and_blue_shotgun_kin_with_gunsinger","floor":30,"turns":2},{"damage":4,"enemies":"DemoMod:Veteran_shot_gun_kin_and_red_shotgun_kin_with_gunsinger","floor":31,"turns":2},{"damage":23,"enemies":"DemoMod:Red_and_blue_shotgun_kin_with_gunsinger","floor":32,"turns":2},{"damage":0,"enemies":"DemoMod:ResourcefulRat","floor":35,"turns":8},{"damage":0,"enemies":"3 Shapes","floor":37,"turns":2},{"damage":0,"enemies":"3 Darklings","floor":38,"turns":3},{"damage":0,"enemies":"2 Orb Walkers","floor":40,"turns":2},{"damage":0,"enemies":"Jaw Worm Horde","floor":41,"turns":2},{"damage":18,"enemies":"Sphere and 2 Shapes","floor":42,"turns":3},{"damage":0,"enemies":"Writhing Mass","floor":47,"turns":3},{"damage":0,"enemies":"Spire Growth","floor":48,"turns":2},{"damage":11,"enemies":"4 Shapes","floor":49,"turns":5},{"damage":0,"enemies":"Sphere and 2 Shapes","floor":50,"turns":3},{"damage":4,"enemies":"Time Eater","floor":52,"turns":5}],"seed_played":"7225538306898013787","potions_obtained":[{"floor":1,"key":"champ:CounterPotion"},{"floor":5,"key":"Flashbang"},{"floor":8,"key":"Strength Potion"},{"floor":12,"key":"ColorlessPotion"},{"floor":24,"key":"DistilledChaos"},{"floor":35,"key":"Elixir"},{"floor":37,"key":"Energy Potion"},{"floor":47,"key":"Adrenaline Potion"}],"is_trial":false,"path_per_floor":["M","?","?","$","M","E","$","M","T","R","?","E","R","M","R","B",null,"M","M","?","M","M","E","M","AVR","T","R","M","M","M","M","M","R","B","B",null,"M","M","$","?","M","M","R","?","T","$","M","M","M","M","R","B",null],"character_chosen":"HUNTRESS","items_purchased":["MealTicket","hubris:EmptyBottle","DemoMod:AWP","Centennial Puzzle","DemoMod:GnawedKey","Lantern","Blood Vial","DemoMod:FeignSurrender","Orrery","DemoMod:EasyReloadBullets"],"campfire_rested":0,"item_purchase_floors":[0,0,0,0,0,0,0,0,39,39],"current_hp_per_floor":[30,17,17,32,34,36,51,53,53,53,56,63,63,65,65,67,75,75,74,74,76,71,63,65,65,78,78,78,78,77,74,53,53,55,57,78,78,78,78,78,78,60,60,60,60,75,77,78,67,69,69,67],"gold":192,"neow_bonus":"","is_daily":false,"chose_seed":false,"campfire_upgraded":7,"win_rate":0.0,"timestamp":1609832877,"path_taken":["M","?","?","$","M","E","?","M","T","R","?","E","R","M","R","BOSS","M","M","?","M","M","E","M","AVR","T","R","M","M","M","M","M","R","BOSS","BOSS","M","M","$","?","M","M","R","?","T","$","M","M","?","M","R","BOSS"],"items_purchased_type":["Relic","Relic","Card","Relic","Relic","Relic","Relic","Card","Relic","Card"],"build_version":"2020-12-22","purchased_purges":6,"victory":true,"max_hp_per_floor":[70,70,70,70,70,70,70,70,70,70,73,80,80,80,80,80,75,75,78,78,78,78,78,78,78,78,78,78,78,78,78,78,78,78,78,78,78,78,78,78,78,78,78,78,78,78,78,78,78,78,78,78],"card_choices":[{"not_picked":["DemoMod:DarkMarker","DemoMod:StickyCrossBow"],"picked":"Bomb","floor":1},{"not_picked":["DemoMod:GunstockTap","DemoMod:ZorGun","DemoMod:DirectionalPad"],"picked":"SKIP","floor":2},{"not_picked":["DemoMod:GunstockTap","DemoMod:ChanceBullets"],"picked":"DemoMod:HungryBullets","floor":5},{"not_picked":["DemoMod:PotionOfGunFriendShip","DemoMod:Casey","DemoMod:GunslingerForm"],"picked":"SKIP","floor":6},{"not_picked":["DemoMod:GunstockTap","DemoMod:ShadowBullets"],"picked":"DemoMod:BattleInHaste","floor":8},{"not_picked":["DemoMod:HuntsMan","DemoMod:AC15"],"picked":"DemoMod:FastSwitch","floor":12},{"not_picked":["DemoMod:AbyssalTentacle","DemoMod:Rummage","DemoMod:CombinedRifle"],"picked":"SKIP","floor":12},{"not_picked":["DemoMod:Casey","DemoMod:RadGun","DemoMod:ZorGun"],"picked":"SKIP","floor":14},{"not_picked":["DemoMod:BoxingGlove","DemoMod:ChanceBullets"],"picked":"DemoMod:ConditionalReflex","floor":18},{"not_picked":["DemoMod:SAA+1","DemoMod:BoxingGlove"],"picked":"DemoMod:AWP","floor":18},{"not_picked":["DemoMod:GunShield","DemoMod:Camera+1","DemoMod:StickyCrossBow"],"picked":"SKIP","floor":19},{"not_picked":["DemoMod:Rummage+1","DemoMod:TeaPot+1"],"picked":"DemoMod:TableSutra+1","floor":21},{"not_picked":["DemoMod:MegaHand+1","DemoMod:ZorGun"],"picked":"DemoMod:ConditionalReflex","floor":22},{"not_picked":["DemoMod:BattleInHaste+1","DemoMod:JK47"],"picked":"DemoMod:Unmoved","floor":23},{"not_picked":["DemoMod:GunstockTap","DemoMod:BlankBullets"],"picked":"DemoMod:MachoBrace+1","floor":24},{"not_picked":["DemoMod:Unity","DemoMod:FeignSurrender"],"picked":"DemoMod:Unmoved","floor":28},{"not_picked":["DemoMod:DoubleSwitch+1","DemoMod:BoxingGlove+1","DemoMod:ThirdPartyController"],"picked":"SKIP","floor":29},{"not_picked":["DemoMod:FastSwitch+1","DemoMod:StickyCrossBow"],"picked":"DemoMod:HardPowerCard+1","floor":30},{"not_picked":["DemoMod:GunstockTap+1","DemoMod:Ejector+1","DemoMod:HuntsMan"],"picked":"SKIP","floor":31},{"not_picked":["DemoMod:RadGun","DemoMod:FortunesFavor","DemoMod:TeaPot"],"picked":"SKIP","floor":32},{"not_picked":["DemoMod:DoubleSwitch+1","DemoMod:FortunesFavor+1"],"picked":"DemoMod:Unmoved","floor":36},{"not_picked":["DemoMod:ConditionalReflex","DemoMod:SkilledReload","DemoMod:Casey+1"],"picked":"SKIP","floor":37},{"not_picked":["DemoMod:PotionOfGunFriendShip+1","DemoMod:BoxingGlove","DemoMod:MachoBrace"],"picked":"SKIP","floor":38},{"not_picked":["DemoMod:HuntsMan+1","DemoMod:JK47+1"],"picked":"DemoMod:Purify+1","floor":39},{"not_picked":["DemoMod:Casey","DemoMod:ProbeStrike+1"],"picked":"DemoMod:ConditionalReflex+1","floor":39},{"not_picked":["DemoMod:ChanceBullets+1","DemoMod:FightSabre"],"picked":"DemoMod:PracticeMakesPerfect+1","floor":39},{"not_picked":["DemoMod:LifeOrb+1","DemoMod:Replace"],"picked":"DemoMod:Slinger","floor":40},{"not_picked":["DemoMod:FeignSurrender","DemoMod:Ejector","DemoMod:AbyssalTentacle"],"picked":"SKIP","floor":41},{"not_picked":["DemoMod:StickyCrossBow+1","DemoMod:JK47","DemoMod:FeignSurrender"],"picked":"SKIP","floor":42},{"not_picked":["DemoMod:Casey+1","DemoMod:EasyReloadBullets"],"picked":"DemoMod:TableSutra","floor":47},{"not_picked":["DemoMod:MegaHand","DemoMod:HuntsMan","DemoMod:StrategicReserve+1"],"picked":"SKIP","floor":48},{"not_picked":["DemoMod:CursedBullets+1","DemoMod:EasyReloadBullets+1","DemoMod:FeignSurrender"],"picked":"SKIP","floor":49},{"not_picked":["DemoMod:GunstockTap","DemoMod:HungryBullets"],"picked":"DemoMod:BattleInHaste","floor":50}],"player_experience":360041,"relics_obtained":[{"floor":2,"key":"Replay:Accelerometer"},{"floor":6,"key":"infinitespire:EmpoweringShard"},{"floor":9,"key":"StuffTheSpire:PointBlank"},{"floor":12,"key":"StuffTheSpire:CocoNut"},{"floor":19,"key":"halation:EternalFortune"},{"floor":23,"key":"hubris:Reverence"},{"floor":36,"key":"DemoMod:RatBoots"},{"floor":36,"key":"DemoMod:ResourcefulSack"},{"floor":36,"key":"DemoMod:PartiallyEatenCheese"},{"floor":36,"key":"hubris:VirtuousBlindfold"},{"floor":40,"key":"Incense Burner"},{"floor":45,"key":"infinitespire:CheckeredPen"}],"event_choices":[{"damage_healed":0,"gold_gain":0,"cards_transformed":["DemoMod:Strike_Huntress"],"player_choice":"Transformed","damage_taken":0,"max_hp_gain":0,"max_hp_loss":0,"event_name":"Transmorgrifier","floor":3,"gold_loss":0,"cards_obtained":["DemoMod:AWP"]},{"damage_healed":0,"gold_gain":0,"player_choice":"Fight","damage_taken":0,"max_hp_gain":0,"max_hp_loss":0,"event_name":"Mysterious Sphere","floor":40,"gold_loss":0}],"is_beta":false,"boss_relics":[{"not_picked":["ChampionBelt","infinitespire:Cupcake"],"picked":"Ring of Chaos"},{"not_picked":[]},{"not_picked":[]}],"items_purged_floors":[0,0,4,17,25,39],"is_endless":false,"potions_floor_spawned":[1,5,8,12,23,24,29,30,35,37,41,47],"ascension_level":0}}