{"host":"ueaobptuyu87ouwy","time":1609842712,"event":{"mods":["Aspiration","Bard","BaseMod","Better Altar","Better Match","Better Note","Better Sensory Stone","Better Skull","Better Third Choice","BetterRewards","CCEM","Colored Map","Conspire","Downfall","GifTheSpireLib","Googly Eyes","Halation","Hermit","Highlight Path","Hubris","Infinite Spire","Jedi Mod","Jorbs\u0027s Wanderer Trilogy","Marisa????????","Mimic Mod","Minty Spire (QoL Compilation)","Permanent Neow","Replay The Spire","StSLib","Stuff the Spire","The Runesmith","Unceasing Turn Reminder","everything is the same but u backflip on backflip","slay the spire mod where everything is the same but ironclad has a cowboy hat"],"gold_per_floor":[117,134,134,147,161,161,181,181,214,38,48,48,48,66,66,167,167,178,192,205,205,205,237,237,265,288,56,73,73,108,128,128,223,223,238,65,81,81,81,81],"floor_reached":39,"playtime":3004,"items_purged":["Twin Strike","ReplayTheSpireMod:Exploit Weakness","hermit:CalledShot"],"score":483,"play_id":"880b2a71-3bee-4793-b89f-17b9937b6b1d","local_time":"20210105183152","is_ascension_mode":false,"campfire_choices":[{"data":"hermit:Vantage","floor":6,"key":"SMITH"},{"data":"hermit:Snapshot","floor":8,"key":"SMITH"},{"data":"hermit:Glare","floor":12,"key":"SMITH"},{"floor":15,"key":"DIG"},{"floor":24,"key":"REST"},{"floor":32,"key":"REST"}],"circlet_count":0,"master_deck":["hermit:Strike_Hermit","hermit:Strike_Hermit","hermit:Defend_Hermit","hermit:Defend_Hermit","hermit:Defend_Hermit","hermit:Snapshot+1","hermit:Covet","hermit:Vantage+1","hermit:HoleUp","hermit:Desperado","hermit:Reprieve","hermit:Glare+1","hermit:GhostlyPresence","Atom Bomb","Dash","hermit:Headshot","hermit:HighNoon","hermit:ShadowCloak+1","hermit:HighCaliber","Replay:Vibes","hermit:WideOpen+1","hermit:Snipe+1","Conclude","hermit:FlashPowder","hermit:HighNoon","WreathOfFlame","Ragnarok","hubris:Despair","stsjorbsmod:Apparition_Cull","MasterReality","expansioncontent:Torchfire","infinitespire:Starlight+1","hermit:Brawl","hermit:BigShot"],"relics":["hermit:Momento","aspiration:Nostalgia","m_CorellonBlood","NlothsMask","jedi:fakemustache","hubris:OldNail","aspiration:WatcherSkillbook","Busted Crown","infinitespire:Beetle Shell","aspiration:StickyExplosives_weak","Runesmith:AutoHammer","halation:PromiseList","hermit:Spyglass","ReplayTheSpireMod:SealedPack"],"acts_visited":["Exordium","TheCity","TheBeyond"],"potions_floor_usage":[16,16,20,30,39],"damage_taken":[{"damage":0.0,"enemies":"2 Louse","floor":1.0,"turns":3.0},{"damage":0,"enemies":"Cultist","floor":2,"turns":3},{"damage":0,"enemies":"Small Slimes","floor":4,"turns":4},{"damage":3,"enemies":"Exordium Thugs","floor":5,"turns":5},{"damage":6,"enemies":"Looter","floor":7,"turns":3},{"damage":0,"enemies":"3 Louse","floor":9,"turns":7},{"damage":2,"enemies":"3 Louse","floor":11,"turns":3},{"damage":0,"enemies":"Blue Slaver","floor":14,"turns":4},{"damage":70,"enemies":"Slime Boss","floor":16,"turns":19},{"damage":18,"enemies":"Spheric Guardian","floor":18,"turns":6},{"damage":10,"enemies":"Shell Parasite","floor":19,"turns":8},{"damage":32,"enemies":"Centurion and Healer","floor":20,"turns":10},{"damage":36,"enemies":"Slavers","floor":23,"turns":8},{"damage":0,"enemies":"Gremlin Leader","floor":25,"turns":10},{"damage":5,"enemies":"3 Cultists","floor":28,"turns":5},{"damage":39,"enemies":"Slavers","floor":30,"turns":4},{"damage":3,"enemies":"Snecko","floor":31,"turns":4},{"damage":9,"enemies":"hubris:MusketHawk","floor":33,"turns":6},{"damage":24,"enemies":"3 Darklings","floor":35,"turns":7},{"damage":0,"enemies":"3 Shapes","floor":37,"turns":3},{"damage":30,"enemies":"infinitespire:Three Voidlings","floor":39,"turns":6},{"damage":78,"enemies":"Nightmare_Alpha","floor":39,"turns":6}],"seed_played":"6001054238598546972","potions_obtained":[{"floor":1.0,"key":"Ancient Potion"},{"floor":4,"key":"hermit:Tonic"},{"floor":7,"key":"hermit:Tonic"},{"floor":16,"key":"jedi:holywater"},{"floor":18,"key":"Adrenaline Potion"},{"floor":19,"key":"Milkshake"},{"floor":25,"key":"hexamod:EctoCoolerPotion"},{"floor":35,"key":"ColorlessPotion"}],"is_trial":false,"path_per_floor":["M","M","?","M","M","R","M","R","MIM","$","M","R","?","M","R_BF","B",null,"M","M","M","AVR","?","E","R","E","T","$","M","?","E","M","R","B",null,"M","$","M","NS","?"],"character_chosen":"HERMIT","items_purchased":["jedi:fakemustache","hermit:Glare","Conclude","hermit:FlashPowder","hermit:Brawl"],"campfire_rested":2,"item_purchase_floors":[10,10,27,27,36],"current_hp_per_floor":[75,75,75,75,72,72,66,66,66,75,73,73,73,75,75,5,75,57,47,19,19,75,39,61,65,65,75,70,70,31,32,54,45,75,65,75,75,75,0,0],"gold":81,"neow_bonus":"NOSTALGIA","is_daily":false,"chose_seed":false,"campfire_upgraded":3,"win_rate":0.0,"timestamp":1609842712,"path_taken":["M","M","?","M","?","R","M","R","MIM","?","M","R","?","?","R_BF","BOSS","M","M","M","AVR","?","E","R","E","T","$","M","?","E","M","R","BOSS","M","$","M","NS","?"],"items_purchased_type":["Relic","Card","Card","Card","Card"],"build_version":"2020-12-13","purchased_purges":3,"victory":false,"max_hp_per_floor":[75,75,75,75,75,75,75,75,75,75,75,75,75,75,75,75,75,75,75,75,75,75,75,75,75,75,75,75,75,75,75,75,75,75,75,75,75,75,75,75],"card_choices":[{"not_picked":["hermit:BodyArmor","Clothesline"],"picked":"hermit:Vantage","floor":1.0},{"not_picked":["hermit:Headshot","hermit:Feint"],"picked":"hermit:HoleUp","floor":2},{"not_picked":["hermit:Coalescence","Thunderclap"],"picked":"hermit:Desperado","floor":4},{"not_picked":["hermit:TakeCover","hermit:EyeOfTheStorm"],"picked":"Twin Strike","floor":5},{"not_picked":["hermit:PistolWhip","hermit:BodyArmor"],"picked":"hermit:Reprieve","floor":7},{"not_picked":["hermit:LowProfile","Twin Strike"],"picked":"hermit:GhostlyPresence","floor":11},{"not_picked":["hermit:CursedWeapon","ReplayTheSpireMod:Limb From Limb"],"picked":"hermit:Headshot","floor":14},{"not_picked":["hermit:FatalDesire","hermit:Dissolve"],"picked":"hermit:HighNoon","floor":16},{"not_picked":["FlurryOfBlows","CutThroughFate","ThirdEye"],"picked":"hermit:ShadowCloak+1","floor":18},{"not_picked":["hermit:BodyArmor","hermit:LuckOfTheDraw+1","hermit:PistolWhip"],"picked":"hermit:HighCaliber","floor":19},{"not_picked":["Consecrate","hermit:BodyArmor","EmptyBody"],"picked":"Replay:Vibes","floor":20},{"not_picked":["hermit:Feint"],"picked":"hermit:WideOpen+1","floor":23},{"not_picked":["hermit:Grudge+1"],"picked":"hermit:Snipe+1","floor":25},{"not_picked":["BowlingBash+1"],"picked":"hermit:CalledShot","floor":28},{"not_picked":["Establishment"],"picked":"WreathOfFlame","floor":30},{"not_picked":["hermit:Showdown+1","hermit:Snipe"],"picked":"SKIP","floor":31},{"not_picked":["hermit:Magnum"],"picked":"Ragnarok","floor":33},{"not_picked":["hermit:Snapshot"],"picked":"stsjorbsmod:Apparition_Cull","floor":34},{"not_picked":["Blasphemy"],"picked":"MasterReality","floor":34},{"not_picked":["expansioncontent:ManipulateTime"],"picked":"expansioncontent:Torchfire","floor":34},{"not_picked":["infinitespire:Oblivion"],"picked":"infinitespire:Starlight","floor":34},{"not_picked":["hermit:Showdown+1","ThirdEye"],"picked":"SKIP","floor":35},{"not_picked":["hermit:SprayPray+1"],"picked":"hermit:BigShot","floor":37}],"player_experience":7991,"relics_obtained":[{"floor":15,"key":"hubris:OldNail"},{"floor":23,"key":"aspiration:StickyExplosives_weak"},{"floor":25,"key":"Runesmith:AutoHammer"},{"floor":26,"key":"halation:PromiseList"},{"floor":30,"key":"hermit:Spyglass"}],"event_choices":[{"damage_healed":0,"gold_gain":0,"player_choice":"Trade","damage_taken":0,"relics_obtained":["NlothsMask"],"max_hp_gain":0,"max_hp_loss":0,"event_name":"FaceTrader","floor":3,"gold_loss":0},{"damage_healed":56,"gold_gain":0,"player_choice":"Full Heal","damage_taken":0,"max_hp_gain":0,"max_hp_loss":0,"event_name":"Wheel of Change","floor":22,"gold_loss":0},{"damage_healed":0,"gold_gain":0,"player_choice":"Copied","damage_taken":0,"max_hp_gain":0,"max_hp_loss":0,"event_name":"Duplicator","floor":29,"gold_loss":0,"cards_obtained":["hermit:HighNoon"]}],"is_beta":false,"boss_relics":[{"not_picked":["Astrolabe","hubris:Backtick"],"picked":"aspiration:WatcherSkillbook"},{"not_picked":["CCEMRelics:TransientCore","hermit:ClaspedLocket"],"picked":"ReplayTheSpireMod:SealedPack"}],"items_purged_floors":[21,27,36],"is_endless":false,"potions_floor_spawned":[1,4,7,14,16,18,19,25,28,35],"killed_by":"Nightmare_Alpha","ascension_level":0}}