{"host":"dcj2yvrgcvh5dl2s","time":1609808137,"event":{"mods":["BaseMod","Better Note","Block Reminder","Colored Powertips","DeckTracker","Minty Spire (QoL Compilation)","Quick Restart","Rare Cards Sparkle","Relic Stats","StSLib"],"gold_per_floor":[110,32,46,62,212,212,238,257,310,310,310,321,321,348,348,422,422,441,417,427,441,52,52,52],"floor_reached":23,"playtime":939,"items_purged":["Doubt"],"score":396,"play_id":"8164df76-76d6-4c2d-9379-07c72659f0e5","local_time":"20210105105537","is_ascension_mode":true,"campfire_choices":[{"floor":6,"key":"REST"},{"floor":11,"key":"REST"},{"floor":15,"key":"REST"}],"circlet_count":0,"master_deck":["AscendersBane","Strike_R","Strike_R","Strike_R","Strike_R","Strike_R","Defend_R","Defend_R","Defend_R","Bash","Sadistic Nature","Clothesline","Shockwave","Heavy Blade","Shockwave","Inflame","Pommel Strike","Limit Break","Flex","Sword Boomerang","Flex"],"relics":["Burning Blood","HornCleat","Blood Vial","Pear","Potion Belt","Cursed Key","Ginger"],"acts_visited":["Exordium","TheCity"],"potions_floor_usage":[14,16,18,23],"damage_taken":[{"damage":10,"enemies":"Small Slimes","floor":1,"turns":3},{"damage":4,"enemies":"Cultist","floor":3,"turns":3},{"damage":12,"enemies":"Jaw Worm","floor":4,"turns":2},{"damage":30,"enemies":"Lagavulin","floor":7,"turns":7},{"damage":12,"enemies":"2 Fungi Beasts","floor":8,"turns":3},{"damage":4,"enemies":"Blue Slaver","floor":12,"turns":3},{"damage":30,"enemies":"3 Sentries","floor":14,"turns":8},{"damage":47,"enemies":"Slime Boss","floor":16,"turns":9},{"damage":1,"enemies":"3 Byrds","floor":18,"turns":3},{"damage":22,"enemies":"2 Thieves","floor":19,"turns":4},{"damage":22,"enemies":"Snake Plant","floor":20,"turns":5},{"damage":31,"enemies":"Centurion and Healer","floor":21,"turns":5},{"damage":33,"enemies":"Book of Stabbing","floor":23,"turns":4}],"seed_played":"8163599620495883887","potions_obtained":[{"floor":3,"key":"Explosive Potion"},{"floor":12,"key":"AttackPotion"},{"floor":14,"key":"Strength Potion"},{"floor":21,"key":"SpeedPotion"}],"is_trial":false,"path_per_floor":["M","$","M","M","?","R","E","M","T","?","R","M","T","E","R","B",null,"M","M","M","M","$","E"],"character_chosen":"IRONCLAD","items_purchased":["Shockwave","Ginger"],"campfire_rested":3,"item_purchase_floors":[2,22],"current_hp_per_floor":[46,46,48,42,42,64,40,34,34,34,56,60,70,48,73,34,72,79,65,51,28,28,0,0],"gold":52,"neow_bonus":"RANDOM_COLORLESS_2","is_daily":false,"chose_seed":false,"campfire_upgraded":0,"win_rate":0.0,"timestamp":1609808137,"path_taken":["M","$","M","M","?","R","E","M","T","?","R","?","?","E","R","BOSS","M","M","M","M","$","E"],"items_purchased_type":["Card","Relic"],"build_version":"2020-12-22","purchased_purges":1,"victory":false,"max_hp_per_floor":[75,75,75,75,75,75,75,75,75,75,75,75,85,85,85,85,85,85,85,85,85,85,85,85],"relic_stats":{"Blood Vial":16,"counters":[13,59],"Ginger":[0],"Cursed Key":0,"obtain_stats":[{"Blood Vial":9,"Potion Belt":14,"HornCleat":7,"Pear":13,"Ginger":22,"Cursed Key":17,"Burning Blood":0},{"Blood Vial":5,"Potion Belt":7,"HornCleat":4,"Pear":6,"Ginger":12,"Cursed Key":8,"Burning Blood":0},{"Blood Vial":18,"Potion Belt":29,"HornCleat":15,"Pear":21,"Ginger":55,"Cursed Key":38,"Burning Blood":0}],"Burning Blood":72},"card_choices":[{"not_picked":["Mayhem","Metamorphosis"],"picked":"Sadistic Nature","floor":0},{"not_picked":["Havoc","Twin Strike"],"picked":"Clothesline","floor":1},{"not_picked":["Iron Wave","Seeing Red"],"picked":"Heavy Blade","floor":3},{"not_picked":["Combust","Iron Wave","Second Wind"],"picked":"SKIP","floor":4},{"not_picked":["Perfected Strike","Rupture","Sentinel"],"picked":"SKIP","floor":7},{"not_picked":["Warcry","Iron Wave","Havoc"],"picked":"SKIP","floor":8},{"not_picked":["Perfected Strike","Evolve"],"picked":"Inflame","floor":12},{"not_picked":["Fiend Fire","Body Slam"],"picked":"Pommel Strike","floor":14},{"not_picked":["Fiend Fire","Barricade"],"picked":"Limit Break","floor":16},{"not_picked":["Wild Strike","Pommel Strike"],"picked":"Flex","floor":18},{"not_picked":["Armaments","Rampage","Anger"],"picked":"SKIP","floor":19},{"not_picked":["True Grit","Thunderclap"],"picked":"Sword Boomerang","floor":20},{"not_picked":["Feel No Pain+1","Pummel"],"picked":"Flex","floor":21}],"player_experience":2186420,"relics_obtained":[{"floor":7,"key":"HornCleat"},{"floor":9,"key":"Blood Vial"},{"floor":13,"key":"Pear"},{"floor":14,"key":"Potion Belt"}],"event_choices":[{"damage_healed":0,"gold_gain":150,"player_choice":"AGREE","damage_taken":0,"max_hp_gain":0,"max_hp_loss":0,"event_name":"Liars Game","floor":5,"gold_loss":0,"cards_obtained":["Doubt"]},{"damage_healed":0,"gold_gain":0,"cards_transformed":["Defend_R"],"player_choice":"Transformed","damage_taken":0,"max_hp_gain":0,"max_hp_loss":0,"event_name":"Transmorgrifier","floor":10,"gold_loss":0,"cards_obtained":["Shockwave"]}],"is_beta":false,"boss_relics":[{"not_picked":["Black Blood","Tiny House"],"picked":"Cursed Key"}],"items_purged_floors":[22],"is_endless":false,"potions_floor_spawned":[3,12,14,21],"killed_by":"Book of Stabbing","ascension_level":19}}