{"host":"g8a0qo0vjtg6u5wv","time":1609851832,"event":{"mods":["BaseMod","Colored Map","Custom Start","KOR Keyword Fix","Minty Spire (QoL Compilation)","StSLib","SuperFastMode","The Jungle"],"gold_per_floor":[114,131,143,243,254,289,299,299,325,104,139,139,152,163,163,237,237,250,262,361,68,68,68,102,119,142,170,197,225,237,249,261,273,273],"floor_reached":33,"playtime":980,"items_purged":["Defend_R","Strike_R"],"score":478,"play_id":"589a50b0-ab22-413e-85ce-7a4899095158","local_time":"20210105220352","is_ascension_mode":true,"campfire_choices":[{"floor":8.0,"key":"REST"},{"floor":12.0,"key":"REST"},{"data":"Blood for Blood","floor":15.0,"key":"SMITH"},{"data":"Corruption","floor":23.0,"key":"SMITH"},{"floor":30.0,"key":"REST"},{"floor":32.0,"key":"REST"}],"circlet_count":0,"master_deck":["AscendersBane","Strike_R","Defend_R","Defend_R","Bash","Entrench","Evolve","Clothesline","Carnage","Armaments","Fire Breathing","Wild Strike","Wild Strike","Blood for Blood+1","Reaper","Pommel Strike","Shockwave","Feel No Pain","Corruption+1","Fire Breathing+1","Sentinel+1","Armaments+1","True Grit+1","Shrug It Off","Hemokinesis","Flex","Dark Embrace","Iron Wave"],"relics":["Burning Blood","Regal Pillow","Ancient Tea Set","Orrery","Anchor","Astrolabe","TheAbacus","Boot","MawBank"],"acts_visited":["Exordium","TheCity"],"potions_floor_usage":[33],"damage_taken":[{"damage":4.0,"enemies":"Cultist","floor":1.0,"turns":5.0},{"damage":14.0,"enemies":"2 Louse","floor":2.0,"turns":4.0},{"damage":9.0,"enemies":"Small Slimes","floor":3.0,"turns":4.0},{"damage":13.0,"enemies":"3 Louse","floor":5.0,"turns":4.0},{"damage":36.0,"enemies":"Gremlin Nob","floor":6.0,"turns":5.0},{"damage":21.0,"enemies":"Gremlin Gang","floor":7.0,"turns":6.0},{"damage":45.0,"enemies":"Lagavulin","floor":11.0,"turns":10.0},{"damage":6.0,"enemies":"Blue Slaver","floor":13.0,"turns":3.0},{"damage":10.0,"enemies":"3 Louse","floor":14.0,"turns":4.0},{"damage":24.0,"enemies":"Slime Boss","floor":16.0,"turns":9.0},{"damage":11.0,"enemies":"Shell Parasite","floor":18.0,"turns":4.0},{"damage":12.0,"enemies":"2 Thieves","floor":19.0,"turns":4.0},{"damage":20.0,"enemies":"Book of Stabbing","floor":24.0,"turns":6.0},{"damage":10.0,"enemies":"Shelled Parasite and Fungi","floor":25.0,"turns":6.0},{"damage":29.0,"enemies":"Snake Plant","floor":27.0,"turns":4.0},{"damage":22.0,"enemies":"Centurion and Healer","floor":28.0,"turns":6.0},{"damage":24.0,"enemies":"Cultist and Chosen","floor":29.0,"turns":5.0},{"damage":77,"enemies":"Automaton","floor":33,"turns":8}],"seed_played":"-4436064244109084546","potions_obtained":[{"floor":1.0,"key":"SkillPotion"},{"floor":5.0,"key":"SpeedPotion"},{"floor":6.0,"key":"SpeedPotion"},{"floor":19.0,"key":"Block Potion"},{"floor":24.0,"key":"SkillPotion"},{"floor":25.0,"key":"BlessingOfTheForge"}],"is_trial":false,"path_per_floor":["M","M","M","?","M","E","M","R","T","$","E","R","M","M","R","B",null,"M","M","?","$","?","R","E","M","T","M","M","M","R","?","R","B"],"character_chosen":"IRONCLAD","items_purchased":["Orrery","Shrug It Off","TheAbacus"],"campfire_rested":4,"item_purchase_floors":[10,21,21],"current_hp_per_floor":[70,62,59,59,52,22,7,44,44,44,8,45,49,53,53,35,65,60,66,66,66,59,59,47,48,48,25,21,13,50,36,75,0,0],"gold":273,"neow_bonus":"TRANSFORM_CARD","is_daily":false,"chose_seed":false,"campfire_upgraded":2,"win_rate":0.0,"timestamp":1609851832,"path_taken":["M","?","M","?","M","E","M","R","T","$","E","R","M","?","R","BOSS","M","M","?","$","?","R","E","?","T","?","M","M","R","?","R","BOSS"],"items_purchased_type":["Relic","Card","Relic"],"build_version":"2020-12-22","purchased_purges":2,"victory":false,"max_hp_per_floor":[75,75,75,75,75,75,75,75,75,75,75,75,75,75,75,75,75,75,75,75,75,75,75,75,75,75,75,75,75,75,80,80,80,80],"card_choices":[{"not_picked":["Inflame","Wild Strike"],"picked":"Evolve","floor":1.0},{"not_picked":["Rupture","True Grit"],"picked":"Clothesline","floor":2.0},{"not_picked":["Perfected Strike","Twin Strike"],"picked":"Carnage","floor":3.0},{"not_picked":["Cleave","Feel No Pain"],"picked":"Armaments","floor":5.0},{"not_picked":["Flex","Bludgeon"],"picked":"Fire Breathing","floor":6.0},{"not_picked":["Body Slam","Armaments","Cleave"],"picked":"SKIP","floor":7.0},{"not_picked":["Headbutt","Dual Wield"],"picked":"Wild Strike","floor":10.0},{"not_picked":["Sword Boomerang","Twin Strike"],"picked":"Wild Strike","floor":10.0},{"not_picked":["Anger","Warcry"],"picked":"Blood for Blood","floor":10.0},{"not_picked":["Anger","Fire Breathing"],"picked":"Reaper","floor":10.0},{"not_picked":["Wild Strike","Feel No Pain"],"picked":"Pommel Strike","floor":11.0},{"not_picked":["Pummel","Burning Pact"],"picked":"Shockwave","floor":13.0},{"not_picked":["Blood for Blood","Warcry"],"picked":"Feel No Pain","floor":14.0},{"not_picked":["Limit Break","Impervious"],"picked":"Corruption","floor":16.0},{"not_picked":["Armaments","Anger","Hemokinesis"],"picked":"SKIP","floor":18.0},{"not_picked":["Warcry","Rupture"],"picked":"True Grit+1","floor":19.0},{"not_picked":["Carnage","Infernal Blade"],"picked":"Hemokinesis","floor":24.0},{"not_picked":["Heavy Blade","Battle Trance"],"picked":"Flex","floor":25.0},{"not_picked":["Rampage","True Grit","Searing Blow"],"picked":"SKIP","floor":27.0},{"not_picked":["Clash","Anger"],"picked":"Dark Embrace","floor":28.0},{"not_picked":["Hemokinesis","Cleave"],"picked":"Iron Wave","floor":29.0}],"player_experience":547605,"relics_obtained":[{"floor":6.0,"key":"Regal Pillow"},{"floor":9.0,"key":"Ancient Tea Set"},{"floor":11.0,"key":"Anchor"},{"floor":24.0,"key":"Boot"},{"floor":26.0,"key":"MawBank"}],"event_choices":[{"damage_healed":0.0,"max_hp_gain":0.0,"max_hp_loss":0.0,"gold_gain":100.0,"event_name":"Golden Shrine","player_choice":"Pray","floor":4.0,"gold_loss":0.0,"damage_taken":0.0},{"damage_healed":0.0,"max_hp_gain":0.0,"max_hp_loss":0.0,"gold_gain":99.0,"event_name":"Nest","player_choice":"Stole From Cult","floor":20.0,"gold_loss":0.0,"damage_taken":0.0},{"damage_healed":0.0,"max_hp_gain":0.0,"max_hp_loss":0.0,"gold_gain":0.0,"event_name":"Wheel of Change","player_choice":"Damaged","floor":22.0,"gold_loss":0.0,"damage_taken":7.0},{"damage_healed":0.0,"max_hp_gain":5.0,"max_hp_loss":0.0,"gold_gain":0.0,"event_name":"Forgotten Altar","player_choice":"Shed Blood","floor":31.0,"gold_loss":0.0,"damage_taken":19.0}],"is_beta":false,"boss_relics":[{"not_picked":["Fusion Hammer","Busted Crown"],"picked":"Astrolabe"}],"items_purged_floors":[10,21],"is_endless":false,"potions_floor_spawned":[1,5,6,19,24,25],"killed_by":"Automaton","ascension_level":14}}