{"host":"h4lp0eeso8a0ssq0","time":1609820264,"event":{"mods":["2.2 Compatiblity","AchievementEnabler","BaseMod","CapriCore","Colored Map","Minty Spire (QoL Compilation)","StSLib","SuperFastMode"],"gold_per_floor":[117,192,192,192,142,170,187,187,213,228,246,75,75,88,88,184,184,198,208,208,61,79,79,99,99,178,204,204,154,170,170,170,273,273,288,288,16,32,52,52,77,27,105,121,121,152,152,172,172,172,172,172,122,153,153],"floor_reached":56,"playtime":4711,"items_purged":["Defend_B","Strike_B","Zap","Defend_B","Defend_B"],"score":1275,"play_id":"1921a4d0-a70b-4741-88b5-5d970bc704b7","local_time":"20210105131744","is_ascension_mode":false,"campfire_choices":[{"data":"Dualcast","floor":8.0,"key":"SMITH"},{"data":"Blizzard","floor":15.0,"key":"SMITH"},{"floor":23.0,"key":"REST"},{"data":"Aggregate","floor":25.0,"key":"SMITH"},{"floor":32.0,"key":"REST"},{"floor":40.0,"key":"REST"},{"floor":45.0,"key":"RECALL"},{"floor":49.0,"key":"REST"},{"data":"Consume","floor":52.0,"key":"SMITH"}],"circlet_count":0,"master_deck":["Defend_B","Dualcast+1","Coolheaded","Stack","Coolheaded+1","Blizzard+1","Seek","Skim","Aggregate+1","Coolheaded","Coolheaded","Creative AI","Consume+1","Defragment","Skim+1","Skim","BootSequence+1","Redo+1","Defragment","Coolheaded+1","Steam Power","Reinforced Body","Redo+1","Hologram+1"],"relics":["Cracked Core","NeowsBlessing","Prayer Wheel","Sozu","Runic Capacitor","Smiling Mask","Nloth\u0027s Gift","Inserter","War Paint","Bag of Preparation","Singing Bowl","Ice Cream","Lantern"],"acts_visited":["Exordium","TheCity","TheBeyond","TheEnding"],"potions_floor_usage":[55,55,55],"damage_taken":[{"damage":0.0,"enemies":"Cultist","floor":1.0,"turns":1.0},{"damage":0.0,"enemies":"Lagavulin","floor":6.0,"turns":1.0},{"damage":0.0,"enemies":"2 Louse","floor":7.0,"turns":1.0},{"damage":6.0,"enemies":"Small Slimes","floor":10.0,"turns":4.0},{"damage":8.0,"enemies":"2 Fungi Beasts","floor":11.0,"turns":3.0},{"damage":3.0,"enemies":"Exordium Wildlife","floor":14.0,"turns":5.0},{"damage":17.0,"enemies":"The Guardian","floor":16.0,"turns":13.0},{"damage":20.0,"enemies":"Shell Parasite","floor":18.0,"turns":10.0},{"damage":6.0,"enemies":"3 Byrds","floor":19.0,"turns":7.0},{"damage":11.0,"enemies":"Centurion and Healer","floor":22.0,"turns":7.0},{"damage":14.0,"enemies":"Shelled Parasite and Fungi","floor":24.0,"turns":10.0},{"damage":24.0,"enemies":"Gremlin Leader","floor":27.0,"turns":9.0},{"damage":5.0,"enemies":"Colosseum Slavers","floor":28.0,"turns":7.0},{"damage":0.0,"enemies":"Snecko","floor":30.0,"turns":7.0},{"damage":1.0,"enemies":"Automaton","floor":33.0,"turns":13.0},{"damage":33.0,"enemies":"3 Darklings","floor":35.0,"turns":12.0},{"damage":5.0,"enemies":"Orb Walker","floor":38.0,"turns":7.0},{"damage":0.0,"enemies":"Writhing Mass","floor":39.0,"turns":6.0},{"damage":5.0,"enemies":"Nemesis","floor":41.0,"turns":11.0},{"damage":0.0,"enemies":"Sphere and 2 Shapes","floor":44.0,"turns":9.0},{"damage":0.0,"enemies":"Giant Head","floor":46.0,"turns":12.0},{"damage":0.0,"enemies":"3 Darklings","floor":48.0,"turns":7.0},{"damage":25.0,"enemies":"Awakened One","floor":50.0,"turns":22.0},{"damage":0.0,"enemies":"Shield and Spear","floor":54.0,"turns":9.0},{"damage":71,"enemies":"The Heart","floor":55,"turns":16}],"seed_played":"-7461766277097973322","potions_obtained":[{"floor":6.0,"key":"SkillPotion"},{"floor":7.0,"key":"Block Potion"},{"floor":10.0,"key":"Regen Potion"}],"is_trial":false,"path_per_floor":["M","?","?","?","?","E","M","R","T","M","M","$","?","M","R","B",null,"M","M","?","$","M","R","M","R","T","E","?","$","M","?","R","B",null,"M","?","$","M","M","R","E","$","T","M","R","E","?","M","R","B",null,"R","$","E","B",null],"character_chosen":"DEFECT","items_purchased":["EssenceOfDarkness","Runic Capacitor","Defragment","War Paint"],"campfire_rested":4,"item_purchase_floors":[12,21,37,37],"current_hp_per_floor":[75,64,64,57,57,57,57,57,57,51,43,43,43,40,40,23,75,55,49,49,49,38,60,46,46,46,22,17,17,17,17,39,38,75,42,42,42,37,37,59,54,54,54,56,56,56,56,60,81,56,81,81,81,81,25],"gold":153,"neow_bonus":"THREE_ENEMY_KILL","is_daily":false,"chose_seed":false,"campfire_upgraded":4,"win_rate":0.0,"timestamp":1609820264,"path_taken":["M","?","?","?","?","E","M","R","T","M","?","$","?","M","R","BOSS","M","M","?","$","M","R","M","R","T","E","?","$","M","?","R","BOSS","M","?","$","M","M","R","E","$","T","M","R","E","?","M","R","BOSS","R","$","E","BOSS"],"items_purchased_type":["Potion","Relic","Card","Relic"],"build_version":"2020-12-22","purchased_purges":5,"victory":true,"max_hp_per_floor":[75,75,75,75,75,75,75,75,75,75,75,75,75,75,75,75,75,75,75,75,75,75,75,75,75,75,75,75,75,75,75,75,75,75,75,75,75,75,75,75,75,75,75,77,77,77,77,81,81,81,81,81,81,81,81],"card_choices":[{"not_picked":["Double Energy","Fusion"],"picked":"Coolheaded","floor":1.0},{"not_picked":["Loop","Rebound"],"picked":"Stack","floor":6.0},{"not_picked":["Rebound","BootSequence"],"picked":"Coolheaded","floor":7.0},{"not_picked":["Compile Driver","Redo"],"picked":"Blizzard","floor":7.0},{"not_picked":["Beam Cell","Barrage"],"picked":"Seek","floor":10.0},{"not_picked":["Gash","Stack"],"picked":"Skim","floor":10.0},{"not_picked":["Go for the Eyes","Doom and Gloom"],"picked":"Hologram","floor":11.0},{"not_picked":["Turbo","Steam"],"picked":"Aggregate","floor":11.0},{"not_picked":["Meteor Strike","Cold Snap"],"picked":"Coolheaded","floor":14.0},{"not_picked":["Compile Driver","Lockon"],"picked":"Coolheaded","floor":14.0},{"not_picked":["Core Surge","Fission"],"picked":"Creative AI","floor":16.0},{"not_picked":["Go for the Eyes","Turbo"],"picked":"Consume","floor":18.0},{"not_picked":["Ball Lightning+1","Turbo","Coolheaded"],"picked":"SKIP","floor":18.0},{"not_picked":["Hologram","Leap","Auto Shields+1"],"picked":"SKIP","floor":19.0},{"not_picked":["FTL","Gash+1","Creative AI"],"picked":"SKIP","floor":19.0},{"not_picked":["Hologram","Sweeping Beam"],"picked":"Skim+1","floor":22.0},{"not_picked":["White Noise","Sweeping Beam+1"],"picked":"Skim","floor":22.0},{"not_picked":["Steam","Conserve Battery"],"picked":"BootSequence+1","floor":24.0},{"not_picked":["FTL","Redo","Cold Snap"],"picked":"SKIP","floor":24.0},{"not_picked":["Hologram","Rebound","Chaos+1"],"picked":"SKIP","floor":27.0},{"not_picked":["BootSequence","Reprogram","Rebound"],"picked":"SKIP","floor":30.0},{"not_picked":["Hyperbeam","Stack+1","Steam"],"picked":"SKIP","floor":30.0},{"not_picked":["Lockon+1","Gash+1"],"picked":"Redo","floor":35.0},{"not_picked":["Scrape+1","Turbo","Beam Cell+1"],"picked":"SKIP","floor":35.0},{"not_picked":["Compile Driver+1","Beam Cell+1"],"picked":"Coolheaded+1","floor":38.0},{"not_picked":["Cold Snap","Rebound","Stack+1"],"picked":"SKIP","floor":38.0},{"not_picked":["Turbo+1","Sunder"],"picked":"Steam Power","floor":39.0},{"not_picked":["Aggregate","Ball Lightning+1","Melter+1"],"picked":"SKIP","floor":39.0},{"not_picked":["Self Repair","Biased Cognition","White Noise"],"picked":"SKIP","floor":41.0},{"not_picked":["Undo","Leap+1"],"picked":"Reinforced Body","floor":44.0},{"not_picked":["Chill","Steam","Compile Driver"],"picked":"Singing Bowl","floor":44.0},{"not_picked":["Gash+1","Rebound+1"],"picked":"Redo+1","floor":46.0},{"not_picked":["Beam Cell+1","Ball Lightning+1","Scrape"],"picked":"Singing Bowl","floor":48.0},{"not_picked":["White Noise+1","Redo+1","Leap"],"picked":"Singing Bowl","floor":48.0},{"not_picked":["FTL+1","Steam+1"],"picked":"Hologram+1","floor":54.0}],"player_experience":65296,"relics_obtained":[{"floor":6.0,"key":"Prayer Wheel"},{"floor":9.0,"key":"Potion Belt"},{"floor":27.0,"key":"Smiling Mask"},{"floor":41.0,"key":"Bag of Preparation"},{"floor":43.0,"key":"Singing Bowl"},{"floor":46.0,"key":"Ice Cream"},{"floor":54.0,"key":"Lantern"}],"event_choices":[{"damage_healed":0.0,"max_hp_gain":0.0,"max_hp_loss":0.0,"gold_gain":75.0,"event_name":"World of Goop","player_choice":"Gather Gold","floor":2.0,"gold_loss":0.0,"damage_taken":11.0},{"damage_healed":0.0,"max_hp_gain":0.0,"max_hp_loss":0.0,"gold_gain":0.0,"event_name":"Liars Game","player_choice":"Ignored","floor":3.0,"gold_loss":0.0,"damage_taken":0.0},{"cards_removed":["Strike_B"],"damage_healed":0.0,"max_hp_gain":0.0,"max_hp_loss":0.0,"gold_gain":0.0,"event_name":"Golden Wing","player_choice":"Card Removal","floor":4.0,"gold_loss":0.0,"damage_taken":7.0},{"cards_removed":["Strike_B"],"damage_healed":0.0,"max_hp_gain":0.0,"max_hp_loss":0.0,"gold_gain":0.0,"event_name":"The Cleric","player_choice":"Card Removal","floor":5.0,"gold_loss":50.0,"damage_taken":0.0},{"cards_removed":["Strike_B"],"damage_healed":0.0,"max_hp_gain":0.0,"max_hp_loss":0.0,"gold_gain":0.0,"event_name":"Living Wall","player_choice":"Forget","floor":13.0,"gold_loss":0.0,"damage_taken":0.0},{"damage_healed":0.0,"max_hp_gain":0.0,"max_hp_loss":0.0,"gold_gain":0.0,"event_name":"The Library","player_choice":"Read","floor":20.0,"gold_loss":0.0,"damage_taken":0.0,"cards_obtained":["Defragment"]},{"damage_healed":0.0,"max_hp_gain":0.0,"max_hp_loss":0.0,"gold_gain":0.0,"event_name":"Colosseum","player_choice":"Fight","floor":28.0,"gold_loss":0.0,"damage_taken":0.0},{"damage_healed":0.0,"max_hp_gain":0.0,"max_hp_loss":0.0,"gold_gain":0.0,"event_name":"Colosseum","player_choice":"Fled From Nobs","floor":28.0,"gold_loss":0.0,"damage_taken":0.0},{"damage_healed":0.0,"max_hp_gain":0.0,"max_hp_loss":0.0,"gold_gain":0.0,"event_name":"N\u0027loth","player_choice":"Traded Relic","floor":31.0,"relics_lost":["Potion Belt"],"gold_loss":0.0,"damage_taken":0.0,"relics_obtained":["Nloth\u0027s Gift"]},{"damage_healed":0.0,"max_hp_gain":0.0,"max_hp_loss":0.0,"gold_gain":0.0,"event_name":"Tomb of Lord Red Mask","player_choice":"Ignored","floor":36.0,"gold_loss":0.0,"damage_taken":0.0},{"cards_removed":["Hologram"],"damage_healed":0.0,"max_hp_gain":0.0,"max_hp_loss":0.0,"gold_gain":0.0,"event_name":"Falling","player_choice":"Removed Skill","floor":47.0,"gold_loss":0.0,"damage_taken":0.0}],"is_beta":false,"boss_relics":[{"not_picked":["Pandora\u0027s Box","Runic Dome"],"picked":"Sozu"},{"not_picked":["Busted Crown","FrozenCore"],"picked":"Inserter"}],"items_purged_floors":[12,29,37,42,53],"is_endless":false,"potions_floor_spawned":[6,7,10,19,27,28,39,41,44],"ascension_level":0}}