{"host":"i0m9g0siyue4991n","time":1609805142,"event":{"mods":["ATMod(°¢èªMod)","Act Like it!","BaseMod","BetterRewards","CapriCore","Challenge The Spire","Custom Start","Friendly Minions","Gensokyo","Koishi","Marisa£¨ìFÓê¡¡Ä§ÀíÉ³£©","Minty Spire (QoL Compilation)","Quick Restart","Reimu£¨²©ÀöÁéÃÎ£©","Remilia£¨ÀÙÃ×ÀòÑÇ£©","RumiaBox-Â¶Ã×æ«µÄÉñÃØºÐ×Ó","StSLib","The Immortal","The Servant 0.9.4","Yuyuko"],"gold_per_floor":[118,118,118,135,135,164,10,10,35,51,51,66,66,79,79,182,182,198,213,213,233,250,250,263,0,26,26,57,69,96,196,196,297,297,316,316,3,3,17,45,45,71,71,83,103,103,103,103,103,103,103,103,11,46,46],"floor_reached":56,"playtime":3272,"items_purged":["Dreamy Sakura"],"score":1549,"play_id":"701ac3d7-ffd9-4397-a339-612d63e7d12f","local_time":"20210105080542","is_ascension_mode":true,"campfire_choices":[{"data":"Bloom","floor":8.0,"key":"SMITH"},{"data":"Bloom","floor":11.0,"key":"SMITH"},{"floor":13.0,"key":"RECALL"},{"data":"Explore Ghostdom","floor":15,"key":"SMITH"},{"data":"Ghost Spot","floor":23,"key":"SMITH"},{"data":"Deathly Ground","floor":32,"key":"SMITH"},{"data":"Sweet of Phantom","floor":41,"key":"SMITH"},{"data":"Gensokyo:ShootingStar","floor":46,"key":"SMITH"},{"data":"Bomb","floor":49,"key":"SMITH"},{"data":"1","floor":52,"key":"LIFT"}],"circlet_count":0,"master_deck":["Fantasy Butterflies","Fantasy Butterflies+1","Fantasy Butterflies","Fantasy Butterflies","Dreamy Sakura","Dreamy Sakura","Dreamy Sakura","Dreamy Sakura","Deathly Ground+1","Childlike+1","Bloom+1","The Inky Sakura","Bloom+1","Explore Ghostdom+1","Ghost Spot+1","Bloom+1","Bomb+1","Cerasus Subhirtella","Lunch+1","Gensokyo:ShootingStar+1","Sweet of Phantom+1","Lunch+1","Purity"],"relics":["Coronal","Yuyuko\u0027s fan","AT_ATBox","NeowsBlessing","Gensokyo:OccultBall","Anchor","Incense Burner","AT_TrinityForce","Gensokyo:RedStar","Blood Vial","AT_ChloranthyRing","TungstenRod","Girya","FossilizedHelix","Sozu","Singing Bowl","Gensokyo:DualWield","GodSword3","AT_Manta","Molten Egg 2","Pocketwatch","AT_SunfireAegis"],"acts_visited":["Exordium","Gensokyo:Gensokyo","Gensokyo:Gensokyoer","TheEnding"],"potions_floor_usage":[55,55,55],"damage_taken":[{"damage":1.0,"enemies":"Gensokyo:Gryphon","floor":1.0,"turns":1.0},{"damage":1.0,"enemies":"Gensokyo:3_Fairies","floor":4.0,"turns":1.0},{"damage":11.0,"enemies":"Gensokyo:Mamizou","floor":6.0,"turns":1.0},{"damage":25.0,"enemies":"Gensokyo:2_Kodama","floor":10.0,"turns":5.0},{"damage":10.0,"enemies":"Gensokyo:VengefulSpirit","floor":12.0,"turns":5.0},{"damage":8,"enemies":"Gensokyo:Kitsune","floor":14,"turns":3},{"damage":87,"enemies":"Gensokyo:Reimu","floor":16,"turns":14},{"damage":1,"enemies":"Gensokyo:Chomper","floor":18,"turns":2},{"damage":3,"enemies":"Gensokyo:AngelMirror","floor":19,"turns":3},{"damage":11,"enemies":"Gensokyo:Monolith_and_Dog","floor":21,"turns":4},{"damage":42,"enemies":"Gensokyo:Swordslinger","floor":22,"turns":4},{"damage":43,"enemies":"Gensokyo:Slime_Group","floor":24,"turns":5},{"damage":1,"enemies":"Gensokyo:Reisen","floor":28,"turns":4},{"damage":1,"enemies":"Gensokyo:Monolith_and_Dog","floor":29,"turns":5},{"damage":3,"enemies":"Gensokyo:Koishi","floor":30,"turns":3},{"damage":0,"enemies":"Gensokyo:Koishi","floor":31,"turns":7},{"damage":11,"enemies":"Gensokyo:Kaguya","floor":33,"turns":5},{"damage":0,"enemies":"Gensokyo:3_Bats","floor":35,"turns":2},{"damage":2,"enemies":"Gensokyo:3_Boulders","floor":39,"turns":3},{"damage":16,"enemies":"Gensokyo:Kasen","floor":40,"turns":5},{"damage":0,"enemies":"Gensokyo:Marisa","floor":42,"turns":3},{"damage":0,"enemies":"Gensokyo:4_Bats","floor":44,"turns":2},{"damage":0,"enemies":"Gensokyo:Rafflesia","floor":45,"turns":2},{"damage":0,"enemies":"Gensokyo:Yuyuko","floor":50,"turns":2},{"damage":0,"enemies":"Shield and Spear","floor":54,"turns":2},{"damage":0,"enemies":"The Heart","floor":55,"turns":3}],"seed_played":"-3106750336242695446","potions_obtained":[{"floor":4.0,"key":"Energy Potion"},{"floor":6.0,"key":"PowerPotion"},{"floor":12.0,"key":"Gelsemium Tea"},{"floor":16,"key":"Energy Potion"}],"is_trial":false,"path_per_floor":["M","?","?","M","T","E","$","R","T","M","R","M","R","M","R","B",null,"M","M","?","M","M","R","M","?","T","?","E","M","E","?","R","B",null,"M","?","$","?","M","E","R","E","T","M","M","R","T","?","R","B",null,"R","$","E","B",null],"character_chosen":"YUYOKO","items_purchased":["The Inky Sakura","Singing Bowl","Purity"],"campfire_rested":0,"item_purchase_floors":[7,37,53],"current_hp_per_floor":[39,39,39,39,39,29,29,29,29,17,17,30,30,37,37,16,40,39,37,37,36,36,36,13,13,13,13,39,39,37,40,40,36,40,40,35,35,35,38,35,35,44,44,46,48,48,48,48,48,48,48,48,48,50,50],"gold":46,"neow_bonus":"THREE_ENEMY_KILL","is_daily":false,"chose_seed":false,"campfire_upgraded":8,"win_rate":0.0,"timestamp":1609805142,"path_taken":["M","?","?","?","?","E","?","R","T","?","R","M","R","M","R","BOSS","M","M","?","M","M","R","M","?","T","?","E","?","E","?","R","BOSS","M","?","$","?","M","E","R","E","T","M","?","R","?","?","R","BOSS","R","$","E","BOSS"],"items_purchased_type":["Card","Relic","Card"],"build_version":"2020-12-22","purchased_purges":1,"victory":true,"max_hp_per_floor":[40,40,40,40,40,40,40,40,40,40,40,40,40,40,40,40,40,40,40,40,40,40,40,40,40,40,40,40,40,40,40,40,40,40,40,40,40,40,40,42,42,44,44,46,48,48,48,48,48,48,48,48,48,50,50],"card_choices":[{"not_picked":["Gather the Spring","Reverse The Screen","Song of Papilio"],"picked":"SKIP","floor":1.0},{"not_picked":["Spear of Papilio","Dancing Soul"],"picked":"Childlike","floor":2.0},{"not_picked":["Become Phantom","Final of Final"],"picked":"Linger over Flower","floor":2.0},{"not_picked":["Final of Final","Steamed Phantom"],"picked":"Linger over Flower","floor":4.0},{"not_picked":["Final of Final","Gauzy Sakura"],"picked":"Bloom","floor":6.0},{"not_picked":["Trap Lamp","Gone"],"picked":"Bloom","floor":10.0},{"not_picked":["Linger over Flower","Wandering Soul","Song of Papilio"],"picked":"SKIP","floor":12.0},{"not_picked":["Serene Spring","Bloom"],"picked":"Explore Ghostdom","floor":14},{"not_picked":["Sakura Sakura","Float on Moon"],"picked":"Ghost Spot","floor":16},{"not_picked":["End of Faramita","Song of Papilio+1","Final of Final"],"picked":"SKIP","floor":18},{"not_picked":["Unstable Ward","Redemption of Death"],"picked":"Bloom","floor":19},{"not_picked":["Become Phantom+1","Dancing Butterflies","End of Faramita"],"picked":"SKIP","floor":21},{"not_picked":["End of Faramita","Unborn Light"],"picked":"Bomb","floor":22},{"not_picked":["Unborn Light+1","Showy Withering","Triple Snow"],"picked":"SKIP","floor":24},{"not_picked":["The Forgotten Winter","Redemption of Death"],"picked":"Cerasus Subhirtella","floor":28},{"not_picked":["Postpone Bloom","Dying Butterflies"],"picked":"Lunch+1","floor":29},{"not_picked":["The Inky Sakura","Butterflies in Dream","Spear of Papilio"],"picked":"SKIP","floor":30},{"not_picked":[],"picked":"Gensokyo:ShootingStar","floor":33},{"not_picked":["Redemption of Death+1","Fondling of Papilio"],"picked":"Sweet of Phantom","floor":35},{"not_picked":["Ghostdom Sakura","Trap Lamp"],"picked":"Lunch+1","floor":39},{"not_picked":["Dark Wind","The Nether+1","Lunch"],"picked":"Singing Bowl","floor":40},{"not_picked":["Dark Wind+1","Mini Ghostdom","Monster Cherry Tree"],"picked":"Singing Bowl","floor":42},{"not_picked":["Redemption of Death+1","Ghostdom Sakura+1","The Forgotten Winter+1"],"picked":"Singing Bowl","floor":44},{"not_picked":["Phantom Village+1","All Wander+1","Elegance+1"],"picked":"Singing Bowl","floor":45},{"not_picked":["The Forgotten Winter+1","Dream of Spring","End of Faramita+1"],"picked":"Singing Bowl","floor":54}],"player_experience":552562,"relics_obtained":[{"floor":6.0,"key":"AT_BellDemon"},{"floor":9.0,"key":"Anchor"},{"floor":10.0,"key":"Incense Burner"},{"floor":16,"key":"Gensokyo:OccultBall"},{"floor":26,"key":"Blood Vial"},{"floor":28,"key":"AT_ChloranthyRing"},{"floor":29,"key":"Gensokyo:OccultBall"},{"floor":30,"key":"TungstenRod"},{"floor":31,"key":"Girya"},{"floor":31,"key":"FossilizedHelix"},{"floor":33,"key":"Gensokyo:OccultBall"},{"floor":40,"key":"GodSword3"},{"floor":42,"key":"Gensokyo:OccultBall"},{"floor":42,"key":"AT_Manta"},{"floor":43,"key":"Molten Egg 2"},{"floor":47,"key":"Pocketwatch"},{"floor":54,"key":"AT_SunfireAegis"}],"event_choices":[],"is_beta":false,"boss_relics":[{"not_picked":["Runic Dome","Calling Bell"],"picked":"AT_TrinityForce"},{"not_picked":["Black Star","SacredBark"],"picked":"Sozu"}],"items_purged_floors":[37],"is_endless":false,"potions_floor_spawned":[4,6,12,16,22,29,30,31,35,39,45],"ascension_level":2}}