{"host":"sav7uxregyirlf69","time":1609874245,"event":{"mods":["AchievementEnabler","BaseMod","Colored Map","DeckTracker","Keyboard Shortcuts","Minty Spire (QoL Compilation)","READ ME - Guardian Mod","StSLib","SuperFastMode"],"gold_per_floor":[114,39,39,55,73,105,105,115,115,125,142,142,197,197,197,197,197],"floor_reached":16,"playtime":235,"items_purged":["Strike_G"],"score":204,"play_id":"179924fa-fa8d-410a-be67-ea91523ccd37","local_time":"20210106041725","is_ascension_mode":true,"campfire_choices":[{"data":"Masterful Stab","floor":7,"key":"SMITH"},{"floor":15,"key":"REST"}],"circlet_count":0,"master_deck":["AscendersBane","Strike_G","Strike_G","Strike_G","Strike_G","Defend_G","Defend_G","Defend_G","Defend_G","Defend_G","Survivor","Neutralize","Masterful Stab+1","Unload","Dagger Throw+1","Underhanded Strike+1","Crippling Poison","Acrobatics"],"relics":["Ring of the Snake","NeowsBlessing","Molten Egg 2","Meat on the Bone","Darkstone Periapt"],"acts_visited":["Exordium"],"potions_floor_usage":[10,13],"damage_taken":[{"damage":0.0,"enemies":"Cultist","floor":1.0,"turns":1.0},{"damage":0,"enemies":"Small Slimes","floor":4,"turns":1},{"damage":0,"enemies":"2 Louse","floor":5,"turns":1},{"damage":26,"enemies":"Gremlin Nob","floor":6,"turns":4},{"damage":2,"enemies":"Exordium Wildlife","floor":8,"turns":4},{"damage":2,"enemies":"Red Slaver","floor":10,"turns":3},{"damage":20,"enemies":"Exordium Thugs","floor":11,"turns":5},{"damage":29,"enemies":"Lagavulin Event","floor":13,"turns":4},{"damage":41,"enemies":"Slime Boss","floor":16,"turns":6}],"seed_played":"-5075771687977104260","potions_obtained":[{"floor":4,"key":"Regen Potion"},{"floor":8,"key":"LiquidMemories"},{"floor":10,"key":"Energy Potion"}],"is_trial":false,"path_per_floor":["M","$","$","M","M","E","R","M","T","M","M","?","?","?","R","B"],"character_chosen":"THE_SILENT","items_purchased":[],"campfire_rested":1,"item_purchase_floors":[],"current_hp_per_floor":[59,59,59,59,59,33,33,31,31,38,30,35,18,18,39,0,0],"gold":197,"neow_bonus":"THREE_ENEMY_KILL","is_daily":false,"chose_seed":false,"campfire_upgraded":1,"win_rate":0.0,"timestamp":1609874245,"path_taken":["M","$","?","M","?","E","R","M","T","M","M","?","?","?","R","BOSS"],"items_purchased_type":[],"build_version":"2020-12-22","purchased_purges":1,"victory":false,"max_hp_per_floor":[66,66,66,66,66,66,66,66,66,66,66,71,71,71,71,71,71],"card_choices":[{"not_picked":["Backflip","Prepared"],"picked":"Masterful Stab","floor":1.0},{"not_picked":["Choke","Dodge and Roll","Underhanded Strike"],"picked":"SKIP","floor":4},{"not_picked":["Deflect","Blur"],"picked":"Unload","floor":5},{"not_picked":["Acrobatics","Cloak And Dagger","Quick Slash+1"],"picked":"SKIP","floor":6},{"not_picked":["Dodge and Roll","Cloak And Dagger"],"picked":"Dagger Throw+1","floor":8},{"not_picked":["Prepared","Dodge and Roll"],"picked":"Underhanded Strike+1","floor":10},{"not_picked":["Concentrate","Sucker Punch+1"],"picked":"Crippling Poison","floor":11},{"not_picked":["Underhanded Strike+1","Blade Dance"],"picked":"Acrobatics","floor":13}],"player_experience":1154369,"relics_obtained":[{"floor":6,"key":"Molten Egg 2"},{"floor":9,"key":"Meat on the Bone"},{"floor":13,"key":"Darkstone Periapt"}],"event_choices":[{"damage_healed":0,"gold_gain":0,"player_choice":"Donut","damage_taken":0,"max_hp_gain":5,"max_hp_loss":0,"event_name":"Big Fish","floor":12,"gold_loss":0},{"damage_healed":0,"gold_gain":0,"player_choice":"Searched \u00271\u0027 times","damage_taken":0,"max_hp_gain":0,"max_hp_loss":0,"event_name":"Dead Adventurer","floor":13,"gold_loss":0},{"damage_healed":0,"gold_gain":0,"player_choice":"Ignored","damage_taken":0,"max_hp_gain":0,"max_hp_loss":0,"event_name":"Liars Game","floor":14,"gold_loss":0}],"is_beta":false,"boss_relics":[],"items_purged_floors":[2],"is_endless":false,"potions_floor_spawned":[4,8,10],"killed_by":"Slime Boss","ascension_level":20}}