{"host":"9l4mw5jqza9qz9hr","time":1609853327,"event":{"mods":["AchievementEnabler","Always Whale","BaseMod","Colored Map","Minty Spire (QoL Compilation)","StSLib","SuperFastMode"],"gold_per_floor":[119,137,137,149,224,224,259,259,310,337,437,457,457,486,486,587,587,605,530,455,455,455,455,467,498,524,524,536,536,566,583,583,583,583],"floor_reached":33,"playtime":643,"items_purged":["Strike_R"],"score":482,"play_id":"1b7b6b6e-5acc-483f-89fe-f3c90b6c8a03","local_time":"20210105222847","is_ascension_mode":true,"campfire_choices":[{"data":"Corruption","floor":6.0,"key":"SMITH"},{"floor":8.0,"key":"REST"},{"floor":13.0,"key":"REST"},{"data":"Double Tap","floor":15.0,"key":"SMITH"},{"floor":27.0,"key":"REST"},{"floor":29.0,"key":"REST"},{"floor":32.0,"key":"REST"}],"circlet_count":0,"master_deck":["AscendersBane","Strike_R","Defend_R","Defend_R","Defend_R","Defend_R","Bash","Twin Strike","Blood for Blood+1","Corruption+1","Shrug It Off","Inflame","Warcry","Double Tap+1","Immolate+1","Sword Boomerang+1","Armaments","Shrug It Off","Heavy Blade+1"],"relics":["Burning Blood","Bronze Scales","Tiny Chest","Mummified Hand","MealTicket","Mark of Pain","Molten Egg 2","Gremlin Horn","Oddly Smooth Stone","Juzu Bracelet"],"acts_visited":["Exordium","TheCity"],"potions_floor_usage":[],"damage_taken":[{"damage":10.0,"enemies":"Small Slimes","floor":1.0,"turns":3.0},{"damage":1.0,"enemies":"Cultist","floor":2.0,"turns":3.0},{"damage":6.0,"enemies":"2 Louse","floor":4.0,"turns":3.0},{"damage":47.0,"enemies":"Lagavulin","floor":7.0,"turns":7.0},{"damage":24.0,"enemies":"Gremlin Nob","floor":10.0,"turns":4.0},{"damage":12.0,"enemies":"Looter","floor":12.0,"turns":3.0},{"damage":12.0,"enemies":"Lagavulin","floor":14.0,"turns":6.0},{"damage":18.0,"enemies":"Hexaghost","floor":16.0,"turns":6.0},{"damage":17.0,"enemies":"Spheric Guardian","floor":18.0,"turns":3.0},{"damage":10.0,"enemies":"Shell Parasite","floor":24.0,"turns":3.0},{"damage":45.0,"enemies":"Book of Stabbing","floor":25.0,"turns":4.0},{"damage":23.0,"enemies":"Centurion and Healer","floor":28.0,"turns":6.0},{"damage":28.0,"enemies":"Slavers","floor":30.0,"turns":4.0},{"damage":3.0,"enemies":"Snecko","floor":31.0,"turns":4.0},{"damage":44,"enemies":"Champ","floor":33,"turns":3}],"seed_played":"3451922901569839647","potions_obtained":[{"floor":4.0,"key":"LiquidBronze"},{"floor":7.0,"key":"DuplicationPotion"},{"floor":12.0,"key":"Explosive Potion"},{"floor":25.0,"key":"Fire Potion"},{"floor":28.0,"key":"Fire Potion"},{"floor":30.0,"key":"DistilledChaos"}],"is_trial":false,"path_per_floor":["M","M","?","M","?","R","E","R","T","E","?","M","R","E","R","B",null,"M","$","?","T","?","?","M","E","T","R","M","R","E","M","R","B"],"character_chosen":"IRONCLAD","items_purchased":[],"campfire_rested":5,"item_purchase_floors":[],"current_hp_per_floor":[68,72,72,72,61,61,20,41,41,23,23,17,38,32,32,20,59,48,63,63,63,50,50,46,7,7,30,13,36,14,17,40,0,0],"gold":583,"neow_bonus":"REMOVE_TWO","is_daily":false,"chose_seed":false,"campfire_upgraded":2,"win_rate":0.0,"timestamp":1609853327,"path_taken":["M","M","?","?","?","R","E","R","T","E","?","?","R","E","R","BOSS","M","$","?","?","?","?","M","E","T","R","?","R","E","M","R","BOSS"],"items_purchased_type":[],"build_version":"2020-12-22","purchased_purges":1,"victory":false,"max_hp_per_floor":[72,72,72,72,72,72,72,72,72,72,72,72,72,72,72,72,72,72,72,72,72,77,77,77,77,77,77,77,77,77,77,77,77,77],"card_choices":[{"not_picked":["Anger","Seeing Red"],"picked":"Twin Strike","floor":1.0},{"not_picked":["Bloodletting","Perfected Strike"],"picked":"Blood for Blood","floor":2.0},{"not_picked":["Rupture","Wild Strike"],"picked":"Corruption","floor":4.0},{"not_picked":["Twin Strike","Hemokinesis"],"picked":"Shrug It Off","floor":7.0},{"not_picked":["Twin Strike","Shrug It Off"],"picked":"Inflame","floor":10.0},{"not_picked":["Iron Wave","Entrench"],"picked":"Warcry","floor":12.0},{"not_picked":["Inflame","Metallicize"],"picked":"Double Tap","floor":14.0},{"not_picked":["Fiend Fire","Exhume"],"picked":"Immolate","floor":16.0},{"not_picked":["Evolve","Power Through"],"picked":"Sword Boomerang+1","floor":18.0},{"not_picked":["Warcry","Disarm","Entrench"],"picked":"SKIP","floor":24.0},{"not_picked":["Shrug It Off","Anger+1"],"picked":"Armaments","floor":25.0},{"not_picked":["Headbutt+1","Twin Strike+1","Rampage+1"],"picked":"SKIP","floor":28.0},{"not_picked":["Entrench+1","Cleave+1"],"picked":"Shrug It Off","floor":30.0},{"not_picked":["Havoc","Rupture"],"picked":"Heavy Blade+1","floor":31.0}],"player_experience":176301,"relics_obtained":[{"floor":7.0,"key":"Bronze Scales"},{"floor":9.0,"key":"Tiny Chest"},{"floor":10.0,"key":"Mummified Hand"},{"floor":14.0,"key":"MealTicket"},{"floor":21.0,"key":"Molten Egg 2"},{"floor":25.0,"key":"Gremlin Horn"},{"floor":26.0,"key":"Oddly Smooth Stone"},{"floor":30.0,"key":"Juzu Bracelet"}],"event_choices":[{"damage_healed":0.0,"max_hp_gain":0.0,"max_hp_loss":0.0,"gold_gain":0.0,"event_name":"Upgrade Shrine","player_choice":"Upgraded","floor":3.0,"gold_loss":0.0,"damage_taken":0.0,"cards_upgraded":["Blood for Blood"]},{"damage_healed":0.0,"max_hp_gain":0.0,"max_hp_loss":0.0,"gold_gain":75.0,"event_name":"World of Goop","player_choice":"Gather Gold","floor":5.0,"gold_loss":0.0,"damage_taken":11.0},{"damage_healed":0.0,"max_hp_gain":0.0,"max_hp_loss":0.0,"gold_gain":100.0,"event_name":"Golden Shrine","player_choice":"Pray","floor":11.0,"gold_loss":0.0,"damage_taken":0.0},{"cards_removed":["Strike_R"],"damage_healed":0.0,"max_hp_gain":0.0,"max_hp_loss":0.0,"gold_gain":0.0,"event_name":"Beggar","player_choice":"Gave Gold","floor":20.0,"gold_loss":75.0,"damage_taken":0.0},{"damage_healed":0.0,"max_hp_gain":5.0,"max_hp_loss":0.0,"gold_gain":0.0,"event_name":"Forgotten Altar","player_choice":"Shed Blood","floor":22.0,"gold_loss":0.0,"damage_taken":18.0},{"damage_healed":0.0,"max_hp_gain":0.0,"max_hp_loss":0.0,"gold_gain":0.0,"event_name":"Accursed Blacksmith","player_choice":"Forge","floor":23.0,"gold_loss":0.0,"damage_taken":0.0,"cards_upgraded":["Immolate"]}],"is_beta":false,"boss_relics":[{"not_picked":["Runic Dome","Philosopher\u0027s Stone"],"picked":"Mark of Pain"}],"items_purged_floors":[19],"is_endless":false,"potions_floor_spawned":[4,7,12,14,25,28,30],"killed_by":"Champ","ascension_level":12}}