{"host":"l2dnabsh5e0fsksb","time":1609847641,"event":{"mods":["2.2 Compatiblity","BaseMod","Downfall","Minty Spire (QoL Compilation)","Quick Restart","StSLib"],"gold_per_floor":[99,99,99,199,199,199,199,49,60,60,70,133,183,215,229,229,229,229],"floor_reached":16,"playtime":390,"items_purged":[],"score":118,"play_id":"3a1d1453-cd0f-41fb-896a-5a94c7116ce7","local_time":"20210105222401","is_ascension_mode":true,"campfire_choices":[{"floor":1.0,"key":"RECALL"},{"data":"champ:DeathBlow","floor":8.0,"key":"SMITH"},{"data":"champ:DeathBlow","floor":10.0,"key":"SMITH"}],"circlet_count":0,"master_deck":["champ:Strike","champ:Strike","champ:Strike","champ:Strike","champ:Defend","champ:Defend","champ:Defend","champ:Defend","champ:Execute","champ:Taunt","champ:DeathBlow+1","champ:TornadoPunch","champ:DeathBlow+1","champ:ArenaPreparation","champ:BerserkerStyle+1","champ:Aggression","champ:LastStand","champ:GladiatorsShout"],"relics":["champ:ChampionCrown","downfall:HeartsMalice","SsserpentHead","downfall:HeartBlessingBlue","downfall:HeartBlessingRed","WingedGreaves"],"acts_visited":["Exordium"],"potions_floor_usage":[14,14],"damage_taken":[{"damage":0.0,"enemies":"Small Slimes","floor":2.0,"turns":1.0},{"damage":0.0,"enemies":"2 Louse","floor":3.0,"turns":1.0},{"damage":0.0,"enemies":"Cultist","floor":5.0,"turns":1.0},{"damage":37.0,"enemies":"Exordium Wildlife","floor":9.0,"turns":2.0},{"damage":4.0,"enemies":"Lots of Slimes","floor":11.0,"turns":2.0},{"damage":68.0,"enemies":"Gremlin Gang","floor":12.0,"turns":4.0},{"damage":46,"enemies":"Gremlin Nob","floor":14,"turns":3},{"damage":22,"enemies":"2 Fungi Beasts","floor":15,"turns":3},{"damage":65,"enemies":"downfall:Defect","floor":16,"turns":6}],"seed_played":"1758501215373720286","potions_obtained":[{"floor":9.0,"key":"BlessingOfTheForge"},{"floor":11.0,"key":"BlessingOfTheForge"}],"is_trial":false,"path_per_floor":["R","M","M","?","M","?","T","R","M","R","M","M","?","E","M","B"],"character_chosen":"THE_CHAMP","items_purchased":[],"campfire_rested":0,"item_purchase_floors":[],"current_hp_per_floor":[90,90,90,90,90,90,90,100,88,88,84,66,66,48,48,0,0,0],"gold":229,"neow_bonus":"THREE_ENEMY_KILL","is_daily":false,"chose_seed":false,"campfire_upgraded":2,"win_rate":0.0,"timestamp":1609847641,"path_taken":["R","M","M","?","M","?","T","R","M","R","M","?","?","E","M","BOSS"],"items_purchased_type":[],"build_version":"2020-12-22","purchased_purges":0,"victory":false,"max_hp_per_floor":[90,90,90,90,90,90,90,100,100,100,100,100,100,100,100,100,100,100],"card_choices":[{"not_picked":["champ:CrookedStrike","champ:SkillfulDodge"],"picked":"champ:DeathBlow","floor":2.0},{"not_picked":["champ:GladiatorsShout","champ:PerfectedStrike"],"picked":"champ:TornadoPunch","floor":3.0},{"not_picked":["champ:MurderStrike","champ:StanceDance"],"picked":"champ:DeathBlow","floor":5.0},{"not_picked":["champ:SkillfulDodge","champ:BringItOn"],"picked":"champ:ArenaPreparation","floor":9.0},{"not_picked":["champ:RageSigil","champ:Haymaker"],"picked":"champ:BerserkerStyle","floor":11.0},{"not_picked":["champ:EnGarde","champ:TornadoPunch"],"picked":"champ:Aggression","floor":12.0},{"not_picked":["champ:RageSigil","champ:RisingSlash"],"picked":"champ:LastStand","floor":14},{"not_picked":["champ:Haymaker","champ:BladeFlurry"],"picked":"champ:GladiatorsShout","floor":15}],"player_experience":1741161,"relics_obtained":[{"floor":14,"key":"WingedGreaves"}],"event_choices":[{"damage_healed":0.0,"max_hp_gain":0.0,"max_hp_loss":0.0,"gold_gain":0.0,"event_name":"FaceTrader","player_choice":"Trade","floor":6.0,"gold_loss":0.0,"damage_taken":0.0,"relics_obtained":["SsserpentHead"]},{"damage_healed":0.0,"max_hp_gain":0.0,"max_hp_loss":0.0,"gold_gain":0.0,"event_name":"Accursed Blacksmith","player_choice":"Forge","floor":13.0,"gold_loss":0.0,"damage_taken":0.0,"cards_upgraded":["champ:BerserkerStyle"]}],"is_beta":false,"boss_relics":[],"items_purged_floors":[],"is_endless":false,"potions_floor_spawned":[9,11],"killed_by":"downfall:Defect","ascension_level":4}}