{"host":"igj4vwc42ivwqexo","time":1609856219,"event":{"mods":["BaseMod","Better Third Choice","Koishi","Marisa????????","Minty Spire (QoL Compilation)","Shop Mod","StSLib","The Blue Laboratory","The Disciple","The Hierophant","The Servant 0.9.4"],"gold_per_floor":[113,126,145,164,184,213,213,238,238,238,52,66,66,81,81,179,179,193,118,132,149,163,222,222,266,292,292,292,292,292],"floor_reached":29,"playtime":4686,"items_purged":[],"score":284,"play_id":"65fc625f-2ebc-4fd9-bacd-45a3b25b385d","local_time":"20210105151659","is_ascension_mode":false,"campfire_choices":[{"data":"MagicChant","floor":7.0,"key":"SMITH"},{"data":"OpenUniverse","floor":10,"key":"SMITH"},{"data":"Apotheosis","floor":13,"key":"SMITH"},{"data":"LuminesStrike","floor":15,"key":"SMITH"},{"data":"OortCloud","floor":24,"key":"SMITH"},{"data":"DarkMatter","floor":28,"key":"SMITH"}],"circlet_count":0,"master_deck":["Strike_MRS","Strike_MRS","Strike_MRS","Defend_MRS","Defend_MRS","Defend_MRS","Defend_MRS","MasterSpark+1","UpSweep","GalacticHalo","MagicChant+1","OpenUniverse+1","AlicesGift","EventHorizon","DarkMatter+1","EnergyFlow","Apotheosis+1","LuminesStrike+1","OortCloud+1","WitchOfGreed+1","SuperPerseids","AsteroidBelt+1"],"relics":["MiniHakkero","Pen Nib","Bottled Tornado","Matryoshka","RampagingMagicTools","StrikeDummy","Mercury Hourglass","ShroomBag"],"acts_visited":["Exordium","TheCity"],"potions_floor_usage":[12,22,23,23,25,25,29],"damage_taken":[{"damage":6.0,"enemies":"Jaw Worm","floor":1.0,"turns":3.0},{"damage":0.0,"enemies":"Cultist","floor":2.0,"turns":4.0},{"damage":3.0,"enemies":"Small Slimes","floor":3.0,"turns":3.0},{"damage":0.0,"enemies":"3 Louse","floor":4.0,"turns":4.0},{"damage":0.0,"enemies":"Large Slime","floor":5.0,"turns":4.0},{"damage":28.0,"enemies":"Lagavulin","floor":6.0,"turns":8.0},{"damage":2.0,"enemies":"3 Sentries","floor":8.0,"turns":8.0},{"damage":2,"enemies":"Lots of Slimes","floor":12,"turns":6},{"damage":0,"enemies":"2 Fungi Beasts","floor":14,"turns":3},{"damage":2,"enemies":"Hexaghost","floor":16,"turns":9},{"damage":8,"enemies":"3 Byrds","floor":18,"turns":6},{"damage":4,"enemies":"Chosen","floor":20,"turns":3},{"damage":11,"enemies":"Centurion and Healer","floor":21,"turns":6},{"damage":0,"enemies":"Snake Plant","floor":22,"turns":4},{"damage":40,"enemies":"Slavers","floor":23,"turns":8},{"damage":3,"enemies":"Chosen and Byrds","floor":25,"turns":8},{"damage":11,"enemies":"Shelled Parasite and Fungi","floor":29,"turns":4}],"seed_played":"5497501873190254972","potions_obtained":[{"floor":1.0,"key":"Fire Potion"},{"floor":2.0,"key":"Block Potion"},{"floor":6.0,"key":"Weak Potion"},{"floor":12,"key":"blueLaboratory:BubblePotion"},{"floor":22,"key":"Block Potion"},{"floor":23,"key":"blueLaboratory:FrostheartPotion"},{"floor":25,"key":"blueLaboratory:LouseDecoction"}],"is_trial":false,"path_per_floor":["M","M","M","M","M","E","R","E","T","R","$","M","R","M","R","B",null,"M","?","M","M","M","E","R","M","T","?","R","M"],"character_chosen":"MARISA","items_purchased":["Apotheosis"],"campfire_rested":0,"item_purchase_floors":[11],"current_hp_per_floor":[69,69,66,66,66,38,38,36,36,36,36,46,46,46,46,44,75,67,67,63,52,52,12,12,9,9,9,9,0,0],"gold":292,"neow_bonus":"UPGRADE_CARD","is_daily":false,"chose_seed":false,"campfire_upgraded":6,"win_rate":0.0,"timestamp":1609856219,"path_taken":["M","M","M","M","M","E","R","E","T","R","$","M","R","M","R","BOSS","M","?","M","M","M","E","R","M","T","?","R","M"],"items_purchased_type":["Card"],"build_version":"2020-12-22","purchased_purges":0,"victory":false,"max_hp_per_floor":[75,75,75,75,75,75,75,75,75,75,75,75,75,75,75,75,75,75,75,75,75,75,75,75,75,75,69,69,69,69],"card_choices":[{"not_picked":["OneTimeOff","StarBarrage"],"picked":"GalacticHalo","floor":1.0},{"not_picked":["GravityBeat","NonDirectionalLaser"],"picked":"MagicChant","floor":2.0},{"not_picked":["DragonMeteor","Acceleration"],"picked":"OpenUniverse","floor":3.0},{"not_picked":["MilkyWay","ShootingEcho"],"picked":"AlicesGift","floor":4.0},{"not_picked":["GalacticHalo","PulseMagic"],"picked":"EventHorizon","floor":5.0},{"not_picked":["ChargingUp","6A"],"picked":"DarkMatter","floor":6.0},{"not_picked":["GravityBeat","SprinkleStarSeal"],"picked":"EnergyFlow","floor":8.0},{"not_picked":["ManaConvection","MysteriousBeam","EarthLightRay"],"picked":"SKIP","floor":12},{"not_picked":["BlazeAway","Orbital"],"picked":"LuminesStrike","floor":14},{"not_picked":["EarthLightRay+1","IllusionStar","NonDirectionalLaser"],"picked":"SKIP","floor":18},{"not_picked":["NonDirectionalLaser","RefractionSpark+1"],"picked":"OortCloud","floor":20},{"not_picked":["LuminesStrike","MilkyWay"],"picked":"WitchOfGreed+1","floor":21},{"not_picked":["NonDirectionalLaser","PropBag+1"],"picked":"SuperPerseids","floor":22},{"not_picked":["MachineGunSpark","Orbital","FairyDestructionRay"],"picked":"SKIP","floor":23},{"not_picked":["ShootingEcho","GrandCross"],"picked":"AsteroidBelt+1","floor":25}],"player_experience":337523,"relics_obtained":[{"floor":6.0,"key":"Pen Nib"},{"floor":8.0,"key":"Bottled Tornado"},{"floor":9.0,"key":"Matryoshka"},{"floor":23,"key":"StrikeDummy"},{"floor":26,"key":"Mercury Hourglass"},{"floor":26,"key":"ShroomBag"}],"event_choices":[{"cards_removed":["Strike_MRS"],"damage_healed":0,"gold_gain":0,"player_choice":"Gave Gold","damage_taken":0,"max_hp_gain":0,"max_hp_loss":0,"event_name":"Beggar","floor":19,"gold_loss":75},{"cards_removed":["Parasite","Parasite"],"damage_healed":0,"gold_gain":0,"player_choice":"Removed Curses","damage_taken":0,"max_hp_gain":0,"max_hp_loss":0,"event_name":"Fountain of Cleansing","floor":27,"gold_loss":0}],"is_beta":false,"boss_relics":[{"not_picked":["Runic Dome","Cursed Key"],"picked":"RampagingMagicTools"}],"items_purged_floors":[],"is_endless":false,"potions_floor_spawned":[1,2,6,12,16,20,22,23],"killed_by":"Shelled Parasite and Fungi","ascension_level":0}}