{"host":"n0yecwpl2j4u196k","time":1609808858,"event":{"mods":["2.2 Compatiblity","AchievementEnabler","BaseMod","Colored Map","Colored Powertips","Highlight Path","Minty Spire (QoL Compilation)","Quick Restart","Rare Cards Sparkle","Relic Stats","SuperFastMode"],"gold_per_floor":[111,61,74,74,224,257,257,257,283,293,307,320,78,90,90,90,90],"floor_reached":16,"playtime":370,"items_purged":["Doubt"],"score":254,"play_id":"e43fa552-cdc0-4807-8963-76d50b9632d1","local_time":"20210104200738","is_ascension_mode":true,"campfire_choices":[{"data":"Bash","floor":7.0,"key":"SMITH"},{"data":"Iron Wave","floor":15.0,"key":"SMITH"}],"circlet_count":0,"master_deck":["AscendersBane","Strike_R","Strike_R","Strike_R","Strike_R","Strike_R","Defend_R","Defend_R","Defend_R","Defend_R","Bash+1","Disarm","Shrug It Off","Iron Wave+1","Carnage","Dropkick","Combust","Cleave"],"relics":["Burning Blood","NeowsBlessing","Ice Cream","Bag of Marbles","ClockworkSouvenir"],"acts_visited":["Exordium"],"potions_floor_usage":[16,16],"damage_taken":[{"damage":0.0,"enemies":"Jaw Worm","floor":1.0,"turns":1.0},{"damage":0.0,"enemies":"2 Louse","floor":3.0,"turns":1.0},{"damage":0.0,"enemies":"3 Sentries","floor":6.0,"turns":2.0},{"damage":0.0,"enemies":"Cultist","floor":10.0,"turns":2.0},{"damage":9.0,"enemies":"Red Slaver","floor":11.0,"turns":2.0},{"damage":6.0,"enemies":"Looter","floor":12.0,"turns":2.0},{"damage":0.0,"enemies":"Gremlin Gang","floor":14.0,"turns":3.0},{"damage":89,"enemies":"Hexaghost","floor":16,"turns":13}],"seed_played":"-5747022740004800480","potions_obtained":[{"floor":1.0,"key":"Strength Potion"},{"floor":3.0,"key":"BloodPotion"}],"is_trial":false,"path_per_floor":["M","$","M","$","?","E","R","?","T","M","M","M","$","M","R","B"],"character_chosen":"IRONCLAD","items_purchased":["Shrug It Off","ClockworkSouvenir"],"campfire_rested":0,"item_purchase_floors":[2,13],"current_hp_per_floor":[74,74,75,75,75,75,75,80,80,80,77,77,77,80,80,7,7],"gold":90,"neow_bonus":"THREE_ENEMY_KILL","is_daily":false,"chose_seed":false,"campfire_upgraded":2,"win_rate":0.0,"timestamp":1609808858,"path_taken":["M","$","M","$","?","E","R","?","T","?","M","M","$","M","R","BOSS"],"items_purchased_type":["Card","Relic"],"build_version":"2020-12-22","purchased_purges":1,"victory":false,"max_hp_per_floor":[75,75,75,75,75,75,75,80,80,80,80,80,80,80,80,80,80],"relic_stats":{"counters":[8,26],"obtain_stats":[{"Ice Cream":6,"NeowsBlessing":0,"Bag of Marbles":9,"Burning Blood":0,"ClockworkSouvenir":13},{"Ice Cream":3,"NeowsBlessing":0,"Bag of Marbles":3,"Burning Blood":0,"ClockworkSouvenir":6},{"Ice Cream":4,"NeowsBlessing":0,"Bag of Marbles":4,"Burning Blood":0,"ClockworkSouvenir":10}],"Burning Blood":22},"card_choices":[{"not_picked":["Burning Pact","Fire Breathing"],"picked":"Disarm","floor":1.0},{"not_picked":["Inflame","Clash"],"picked":"Iron Wave","floor":3.0},{"not_picked":["Rage","Wild Strike"],"picked":"Carnage","floor":6.0},{"not_picked":["Perfected Strike","Headbutt"],"picked":"Dropkick","floor":10.0},{"not_picked":["Evolve","Ghostly Armor"],"picked":"Combust","floor":11.0},{"not_picked":["Anger","Sentinel"],"picked":"Cleave","floor":12.0},{"not_picked":["Burning Pact","Perfected Strike","Sever Soul"],"picked":"SKIP","floor":14.0}],"player_experience":261748,"relics_obtained":[{"floor":6.0,"key":"Ice Cream"},{"floor":9.0,"key":"Bag of Marbles"}],"event_choices":[{"damage_healed":0.0,"max_hp_gain":0.0,"max_hp_loss":0.0,"gold_gain":150.0,"event_name":"Liars Game","player_choice":"AGREE","floor":5.0,"gold_loss":0.0,"damage_taken":0.0,"cards_obtained":["Doubt"]},{"damage_healed":0.0,"max_hp_gain":5.0,"max_hp_loss":0.0,"gold_gain":0.0,"event_name":"Big Fish","player_choice":"Donut","floor":8.0,"gold_loss":0.0,"damage_taken":0.0}],"is_beta":false,"boss_relics":[],"items_purged_floors":[13],"is_endless":false,"potions_floor_spawned":[1,3,14],"killed_by":"Hexaghost","ascension_level":20}}