{"host":"d2y4rmbezebiv8aj","time":1609839251,"event":{"mods":["AchievementEnabler","BaseMod","Bestiary","BetterRewards","Colored Map","Colored Powertips","Custom Start","Highlight Path","Minty Spire (QoL Compilation)","Quick Restart","Rare Cards Sparkle","Relic Sorter","Relic Stats","Shop Mod","Slay-I","StSLib","SuperFastMode"],"gold_per_floor":[109,284,28,46,46,81,81,93,93,107,173,189,204,219,219,317,317,328,328,347,365,385,385,416,416,439,78,96,112,33,33,33,33,33],"floor_reached":33,"playtime":1268,"items_purged":["Doubt"],"score":464,"play_id":"520c7a38-0509-48cd-884e-d7d57b1beb54","local_time":"20210105103411","is_ascension_mode":true,"campfire_choices":[{"data":"Magnetism","floor":7.0,"key":"SMITH"},{"floor":15.0,"key":"REST"},{"floor":23.0,"key":"REST"},{"floor":32,"key":"REST"}],"circlet_count":0,"master_deck":["Strike_G","Strike_G","Strike_G","Strike_G","Strike_G","Defend_G","Defend_G","Defend_G","Defend_G","Defend_G","Survivor","Neutralize","Infinite Blades","Sucker Punch","Magnetism+1","Cloak And Dagger","Infinite Blades","Magnetism","Accuracy","Underhanded Strike","Choke","Blade Dance","Backstab","Phantasmal Killer","Flying Knee","All Out Attack+1","Masterful Stab","Noxious Fumes","Blade Dance","Dramatic Entrance","Blade Dance","Accuracy","Decay"],"relics":["Ring of the Snake","Mercury Hourglass","Paper Crane","WristBlade","MealTicket","Bottled Flame","Bag of Preparation","Blood Vial"],"acts_visited":["Exordium","TheCity"],"potions_floor_usage":[],"damage_taken":[{"damage":6.0,"enemies":"2 Louse","floor":1.0,"turns":4.0},{"damage":9.0,"enemies":"Jaw Worm","floor":4.0,"turns":5.0},{"damage":16.0,"enemies":"Lagavulin","floor":6.0,"turns":6.0},{"damage":0.0,"enemies":"Cultist","floor":8.0,"turns":3.0},{"damage":1.0,"enemies":"Blue Slaver","floor":10.0,"turns":4.0},{"damage":10.0,"enemies":"Lots of Slimes","floor":12.0,"turns":3.0},{"damage":11.0,"enemies":"Exordium Thugs","floor":13.0,"turns":3.0},{"damage":2.0,"enemies":"Blue Slaver","floor":14.0,"turns":2.0},{"damage":12.0,"enemies":"Slime Boss","floor":16.0,"turns":8.0},{"damage":17.0,"enemies":"2 Thieves","floor":18.0,"turns":4.0},{"damage":1.0,"enemies":"Chosen","floor":20.0,"turns":5.0},{"damage":23.0,"enemies":"Snecko","floor":21.0,"turns":4.0},{"damage":12.0,"enemies":"Snake Plant","floor":22.0,"turns":3.0},{"damage":41.0,"enemies":"Slavers","floor":24.0,"turns":4.0},{"damage":1.0,"enemies":"3 Cultists","floor":28.0,"turns":3.0},{"damage":9,"enemies":"Centurion and Healer","floor":29,"turns":3},{"damage":66,"enemies":"Automaton","floor":33,"turns":6}],"seed_played":"2972072213065725516","potions_obtained":[{"floor":4.0,"key":"GamblersBrew"},{"floor":8.0,"key":"Strength Potion"},{"floor":12.0,"key":"Swift Potion"},{"floor":13.0,"key":"EntropicBrew"},{"floor":21.0,"key":"Fire Potion"},{"floor":24.0,"key":"Energy Potion"}],"is_trial":false,"path_per_floor":["M","?","$","M","?","E","R","M","T","M","?","M","M","M","R","B",null,"M","?","M","M","M","R","E","T","T","$","M","M","$","?","R","B"],"character_chosen":"THE_SILENT","items_purchased":["Infinite Blades","Sucker Punch","Magnetism","Infinite Blades","Magnetism","Blood Vial","Blade Dance","Dramatic Entrance","Accuracy"],"campfire_rested":3,"item_purchase_floors":[0,0,0,3,3,27,27,27,30],"current_hp_per_floor":[50,50,50,41,64,48,48,48,48,47,47,37,26,24,45,33,61,44,67,66,43,31,52,11,11,11,26,27,20,35,35,56,0,0],"gold":33,"neow_bonus":"","is_daily":false,"chose_seed":false,"campfire_upgraded":1,"win_rate":0.0,"timestamp":1609839251,"path_taken":["M","?","$","M","?","E","R","M","T","M","?","?","M","M","R","BOSS","M","?","M","M","M","R","E","?","T","$","M","?","$","?","R","BOSS"],"items_purchased_type":["Card","Card","Card","Card","Card","Relic","Card","Card","Card"],"build_version":"2020-12-22","purchased_purges":1,"victory":false,"max_hp_per_floor":[70,70,70,70,70,70,70,70,70,70,70,70,70,70,70,70,70,70,70,70,70,70,70,70,70,70,70,70,70,70,70,70,70,70],"relic_stats":{"Blood Vial":6,"counters":[40,197],"MealTicket":45,"Bag of Preparation":[6],"obtain_stats":[{"Darkstone Periapt":23,"Oddly Smooth Stone":9,"Pen Nib":25,"Bag of Preparation":2,"Omamori":19,"Orichalcum":14,"Paper Crane":9,"Cursed Key":17,"Mercury Hourglass":6,"Blood Vial":27,"Nunchaku":0,"Centennial Puzzle":3,"Dream Catcher":14,"Bottled Flame":25,"WristBlade":17,"Ornamental Fan":6,"Mummified Hand":27,"MealTicket":9,"Tiny Chest":7,"Ring of the Snake":0},{"Darkstone Periapt":21,"Oddly Smooth Stone":13,"Pen Nib":22,"Bag of Preparation":1,"Omamori":18,"Orichalcum":8,"Paper Crane":27,"Cursed Key":17,"Mercury Hourglass":26,"Blood Vial":37,"Nunchaku":0,"Centennial Puzzle":1,"Dream Catcher":16,"Bottled Flame":37,"WristBlade":32,"Ornamental Fan":4,"Mummified Hand":22,"MealTicket":5,"Tiny Chest":13,"Ring of the Snake":0},{"Darkstone Periapt":115,"Oddly Smooth Stone":74,"Pen Nib":124,"Bag of Preparation":8,"Omamori":97,"Orichalcum":49,"Paper Crane":146,"Cursed Key":94,"Mercury Hourglass":143,"Blood Vial":185,"Nunchaku":0,"Centennial Puzzle":8,"Dream Catcher":84,"Bottled Flame":185,"WristBlade":166,"Ornamental Fan":32,"Mummified Hand":124,"MealTicket":35,"Tiny Chest":74,"Ring of the Snake":0}],"Ring of the Snake":[80],"Mercury Hourglass":[257]},"card_choices":[{"not_picked":["Heel Hook","Underhanded Strike"],"picked":"Cloak And Dagger","floor":1.0},{"not_picked":["Blur","Dodge and Roll"],"picked":"Accuracy","floor":4.0},{"not_picked":["Acrobatics","Caltrops"],"picked":"Underhanded Strike","floor":6.0},{"not_picked":["Backflip","Quick Slash"],"picked":"Choke","floor":8.0},{"not_picked":["Prepared","Underhanded Strike"],"picked":"Blade Dance","floor":10.0},{"not_picked":["Burst","Deadly Poison"],"picked":"Backstab","floor":12.0},{"not_picked":["Prepared","Caltrops","Distraction"],"picked":"SKIP","floor":13.0},{"not_picked":["Endless Agony","Setup","Acrobatics"],"picked":"SKIP","floor":14.0},{"not_picked":["Tools of the Trade","Burst"],"picked":"Phantasmal Killer","floor":16.0},{"not_picked":["Dagger Throw","Tactician"],"picked":"Flying Knee","floor":18.0},{"not_picked":["Slice","PiercingWail"],"picked":"All Out Attack+1","floor":20.0},{"not_picked":["Poisoned Stab","Eviscerate"],"picked":"Masterful Stab","floor":21.0},{"not_picked":["Dagger Spray","Sucker Punch"],"picked":"Noxious Fumes","floor":22.0},{"not_picked":["Tactician","Dodge and Roll","Glass Knife"],"picked":"SKIP","floor":24.0},{"not_picked":["Acrobatics+1","Quick Slash+1"],"picked":"Blade Dance","floor":28.0},{"not_picked":["Blade Dance","Wraith Form v2","Flying Knee"],"picked":"SKIP","floor":29}],"player_experience":345770,"relics_obtained":[{"floor":6.0,"key":"Mercury Hourglass"},{"floor":9.0,"key":"Paper Crane"},{"floor":24.0,"key":"MealTicket"},{"floor":25.0,"key":"Bottled Flame"},{"floor":26.0,"key":"Bag of Preparation"}],"event_choices":[{"damage_healed":0.0,"max_hp_gain":0.0,"max_hp_loss":0.0,"gold_gain":175.0,"event_name":"Liars Game","player_choice":"AGREE","floor":2.0,"gold_loss":0.0,"damage_taken":0.0,"cards_obtained":["Doubt"]},{"damage_healed":23.0,"max_hp_gain":0.0,"max_hp_loss":0.0,"gold_gain":0.0,"event_name":"Big Fish","player_choice":"Banana","floor":5.0,"gold_loss":0.0,"damage_taken":0.0},{"damage_healed":0.0,"max_hp_gain":0.0,"max_hp_loss":0.0,"gold_gain":66.0,"event_name":"Golden Wing","player_choice":"Gained Gold","floor":11.0,"gold_loss":0.0,"damage_taken":0.0},{"damage_healed":23.0,"max_hp_gain":0.0,"max_hp_loss":0.0,"gold_gain":0.0,"event_name":"The Library","player_choice":"Heal","floor":19.0,"gold_loss":0.0,"damage_taken":0.0},{"damage_healed":0,"gold_gain":0,"player_choice":"Smashed Altar","damage_taken":0,"max_hp_gain":0,"max_hp_loss":0,"event_name":"Forgotten Altar","floor":31,"gold_loss":0,"cards_obtained":["Decay"]}],"is_beta":false,"boss_relics":[{"not_picked":["Velvet Choker","HoveringKite"],"picked":"WristBlade"}],"items_purged_floors":[27],"is_endless":false,"potions_floor_spawned":[4,8,12,13,21,24],"killed_by":"Automaton","ascension_level":5}}