{"host":"eemx8njkng76fu5x","time":1609838578,"event":{"mods":["2.2 Compatiblity","BaseMod","Downfall","Minty Spire (QoL Compilation)","Permanent Neow","StSLib","Unceasing Turn Reminder","Unknown Chances"],"gold_per_floor":[99,116,129,139,155,155,155,167,50,50,50,85,85,104,122,196,196,196,213,229,247,258,258,334,344,344,59,70,70,55,55,75,154,154,154,174,174,14,30,30,57,75,75,86,103,138,138,138,150,150,150,150],"floor_reached":50,"playtime":2073,"items_purged":["champ:Execute","champ:SwordThrow","champ:Defend"],"score":925,"play_id":"0799b68f-9bbf-415c-aa4d-d118ce2e1d01","local_time":"20210105172258","is_ascension_mode":true,"campfire_choices":[{"data":"champ:Taunt","floor":1.0,"key":"SMITH"},{"data":"champ:TornadoPunch","floor":6.0,"key":"SMITH"},{"data":"champ:Duel","floor":10.0,"key":"SMITH"},{"floor":13.0,"key":"REST"},{"data":"champ:Lariat","floor":18.0,"key":"SMITH"},{"data":"champ:DefensiveStyle","floor":23.0,"key":"SMITH"},{"data":"champ:Lariat","floor":26.0,"key":"SMITH"},{"data":"champ:TornadoPunch","floor":29.0,"key":"SMITH"},{"data":"champ:ViciousMockery","floor":35.0,"key":"SMITH"},{"data":"champ:Duel","floor":40,"key":"SMITH"},{"data":"champ:Circumvent","floor":43,"key":"SMITH"}],"circlet_count":0,"master_deck":["AscendersBane","champ:Defend","champ:Defend","champ:Taunt+1","champ:TornadoPunch+1","champ:Circumvent+1","champ:CalledShot+1","champ:BringItOn","champ:DefensiveStyle+1","champ:Lariat+1","champ:MurderStrike","champ:Lariat+1","champ:ViciousMockery+1","champ:BringItOn","champ:RapidStrikes","champ:TornadoPunch+1","champ:RisingSlash","champ:DeathBlow+1","champ:Duel+1"],"relics":["champ:ChampionCrown","The Courier","Ancient Tea Set","Coffee Dripper","Letter Opener","Calipers","Empty Cage","Blood Vial","Meat on the Bone"],"acts_visited":["Exordium","TheCity","TheBeyond"],"potions_floor_usage":[],"damage_taken":[{"damage":17.0,"enemies":"Small Slimes","floor":2.0,"turns":4.0},{"damage":16.0,"enemies":"Cultist","floor":3.0,"turns":4.0},{"damage":12.0,"enemies":"Jaw Worm","floor":4.0,"turns":5.0},{"damage":17.0,"enemies":"Large Slime","floor":5.0,"turns":5.0},{"damage":0.0,"enemies":"3 Louse","floor":8.0,"turns":2.0},{"damage":7.0,"enemies":"downfall:FleeingMerchant","floor":9.0,"turns":4.0},{"damage":16.0,"enemies":"Gremlin Nob","floor":12.0,"turns":5.0},{"damage":17.0,"enemies":"Exordium Wildlife","floor":14.0,"turns":4.0},{"damage":0.0,"enemies":"Large Slime","floor":15.0,"turns":5.0},{"damage":34.0,"enemies":"downfall:Ironclad","floor":16.0,"turns":9.0},{"damage":13.0,"enemies":"Shell Parasite","floor":19.0,"turns":6.0},{"damage":1.0,"enemies":"3 Cultists","floor":20.0,"turns":6.0},{"damage":16.0,"enemies":"Shelled Parasite and Fungi","floor":21.0,"turns":6.0},{"damage":16.0,"enemies":"Snake Plant","floor":22.0,"turns":5.0},{"damage":0.0,"enemies":"3 Cultists","floor":25.0,"turns":5.0},{"damage":0.0,"enemies":"downfall:FleeingMerchant","floor":27.0,"turns":4.0},{"damage":1.0,"enemies":"Cultist and Chosen","floor":28.0,"turns":7.0},{"damage":0.0,"enemies":"downfall:FleeingMerchant","floor":30.0,"turns":4.0},{"damage":2.0,"enemies":"Snake Plant","floor":32.0,"turns":4.0},{"damage":0.0,"enemies":"downfall:Watcher","floor":33.0,"turns":11.0},{"damage":0.0,"enemies":"3 Darklings","floor":36.0,"turns":5.0},{"damage":15,"enemies":"downfall:FleeingMerchant","floor":38,"turns":4},{"damage":0,"enemies":"Orb Walker","floor":39,"turns":4},{"damage":15,"enemies":"3 Darklings","floor":42,"turns":4},{"damage":18,"enemies":"Jaw Worm Horde","floor":44,"turns":4},{"damage":9,"enemies":"Spire Growth","floor":45,"turns":5},{"damage":0,"enemies":"downfall:FleeingMerchant","floor":46,"turns":2},{"damage":40,"enemies":"4 Shapes","floor":49,"turns":4},{"damage":95,"enemies":"downfall:Defect","floor":50,"turns":10}],"seed_played":"-712753367741544821","potions_obtained":[{"floor":2.0,"key":"champ:OpenerPotion"},{"floor":3.0,"key":"LiquidMemories"},{"floor":5.0,"key":"FairyPotion"},{"floor":8.0,"key":"Ancient Potion"},{"floor":15.0,"key":"DistilledChaos"},{"floor":21.0,"key":"Ancient Potion"}],"is_trial":false,"path_per_floor":["R","M","M","M","M","R","T","M","$","R","?","E","R","M","M","B",null,"R","M","M","M","M","R","T","M","R","$","M","R","$","?","M","B",null,"R","M","?","?","M","R","T","M","R","M","M","$","?","?","M","B"],"character_chosen":"THE_CHAMP","items_purchased":["champ:BringItOn","Calipers","champ:Duel","Meat on the Bone"],"campfire_rested":1,"item_purchase_floors":[9,27,38,46],"current_hp_per_floor":[73,61,55,53,41,41,41,41,41,41,41,25,46,37,37,3,56,56,43,42,26,10,10,10,10,10,10,9,9,9,9,7,7,57,57,57,57,57,57,57,57,59,59,58,51,53,53,73,60,0,0,0],"gold":150,"neow_bonus":"REMOVE_TWO","is_daily":false,"chose_seed":false,"campfire_upgraded":10,"win_rate":0.0,"timestamp":1609838578,"path_taken":["R","M","M","M","M","R","T","M","$","R","?","E","R","M","M","BOSS","R","M","M","?","M","R","T","M","R","$","M","R","$","?","M","BOSS","R","M","?","?","M","R","T","M","R","M","M","$","?","?","M","BOSS"],"items_purchased_type":["Card","Relic","Card","Relic"],"build_version":"2020-12-22","purchased_purges":3,"victory":false,"max_hp_per_floor":[73,73,73,73,73,73,73,73,73,73,73,73,73,73,73,73,73,73,73,73,73,73,73,73,73,73,73,73,73,73,73,73,73,73,73,73,73,73,73,73,73,73,73,73,73,73,73,73,73,73,73,73],"card_choices":[{"not_picked":["champ:RageSigil","champ:PerfectedStrike","champ:FanOfKnives"],"picked":"SKIP","floor":2.0},{"not_picked":["champ:GutPunch","champ:FlashCut"],"picked":"champ:TornadoPunch","floor":3.0},{"not_picked":["champ:FaceSlap","champ:GladiatorsShout"],"picked":"champ:Control","floor":4.0},{"not_picked":["champ:FocusedGladiator","champ:Riposte"],"picked":"champ:Circumvent","floor":5.0},{"not_picked":["champ:RageSigil","champ:Backstep"],"picked":"champ:Duel","floor":8.0},{"not_picked":["champ:VampiricStrike","champ:AdrenalArmor"],"picked":"champ:CalledShot","floor":9.0},{"not_picked":["champ:GladiatorsShout","champ:IronFortress","champ:Shatter"],"picked":"SKIP","floor":12.0},{"not_picked":["champ:FanOfKnives","champ:FightOn"],"picked":"champ:DefensiveStyle","floor":14.0},{"not_picked":["champ:FlashCut","champ:GutPunch"],"picked":"champ:Lariat","floor":15.0},{"not_picked":["champ:HeavySlash","champ:CrownThrow"],"picked":"champ:MurderStrike","floor":16.0},{"not_picked":["champ:FanOfKnives","champ:DefensiveShout","champ:PreciseThrust"],"picked":"SKIP","floor":19.0},{"not_picked":["champ:DefensiveShout","champ:DeathBlow"],"picked":"champ:Lariat","floor":20.0},{"not_picked":["champ:FlashCut","champ:DefensiveShout+1"],"picked":"champ:ViciousMockery","floor":21.0},{"not_picked":["champ:BerserkersShout","champ:Shatter","champ:PerfectedStrike"],"picked":"SKIP","floor":22.0},{"not_picked":["champ:Control","champ:StanceDance"],"picked":"champ:BringItOn","floor":25.0},{"not_picked":["champ:BladeFlurry","champ:ShieldSlam"],"picked":"champ:RapidStrikes","floor":27.0},{"not_picked":["champ:RageSigil","champ:RecklessLeap"],"picked":"champ:TornadoPunch","floor":28.0},{"not_picked":["champ:BerserkersShout","champ:CalledShot","champ:Haymaker"],"picked":"SKIP","floor":30.0},{"not_picked":["champ:Backstep","champ:GutPunch","champ:PerfectedStrike"],"picked":"SKIP","floor":32.0},{"not_picked":["champ:EndlessRage","champ:ShieldSigil"],"picked":"champ:DeathBlow+1","floor":36.0},{"not_picked":["champ:EndlessRage","champ:Backstep","champ:Aggression"],"picked":"SKIP","floor":38},{"not_picked":["champ:IronFortress+1","champ:GladiatorStyle","champ:Riposte"],"picked":"SKIP","floor":39},{"not_picked":["champ:FlashCut","champ:DefensiveShout+1","champ:RageSigil"],"picked":"SKIP","floor":42},{"not_picked":["champ:StanceDance","champ:BringItOn","champ:PreciseThrust+1"],"picked":"SKIP","floor":44},{"not_picked":["champ:EndlessRage","champ:Control"],"picked":"champ:ShieldWall","floor":45},{"not_picked":["champ:Balance","champ:Devastate","champ:Circumvent"],"picked":"SKIP","floor":46},{"not_picked":["champ:FanOfKnives+1","champ:RapidStrikes+1","champ:Duel"],"picked":"SKIP","floor":49}],"player_experience":457773,"relics_obtained":[{"floor":7.0,"key":"The Courier"},{"floor":12.0,"key":"Ancient Tea Set"},{"floor":24.0,"key":"Letter Opener"},{"floor":41,"key":"Blood Vial"}],"event_choices":[{"damage_healed":0.0,"max_hp_gain":0.0,"max_hp_loss":0.0,"gold_gain":0.0,"event_name":"Upgrade Shrine","player_choice":"Upgraded","floor":11.0,"gold_loss":0.0,"damage_taken":0.0,"cards_upgraded":["champ:CalledShot"]},{"damage_healed":0.0,"max_hp_gain":0.0,"max_hp_loss":0.0,"gold_gain":0.0,"cards_transformed":["champ:Strike","champ:Strike"],"event_name":"Drug Dealer","player_choice":"Became Test Subject","floor":31.0,"gold_loss":0.0,"damage_taken":0.0,"cards_obtained":["champ:RisingSlash","champ:SwordThrow"]},{"cards_removed":["champ:Duel"],"damage_healed":0.0,"max_hp_gain":0.0,"max_hp_loss":0.0,"gold_gain":0.0,"event_name":"Falling","player_choice":"Removed Attack","floor":37.0,"gold_loss":0.0,"damage_taken":0.0},{"cards_removed":["champ:ShieldWall"],"damage_healed":20,"gold_gain":0,"player_choice":"Offered Uncommon","damage_taken":0,"max_hp_gain":0,"max_hp_loss":0,"event_name":"Bonfire Elementals","floor":48,"gold_loss":0}],"is_beta":false,"boss_relics":[{"not_picked":["SlaversCollar","expansioncontent:StudyCardRelic"],"picked":"Coffee Dripper"},{"not_picked":["Astrolabe","SacredBark"],"picked":"Empty Cage"}],"items_purged_floors":[9,38,46],"is_endless":false,"potions_floor_spawned":[2,3,5,8,15,19,21,25,39,42,44],"killed_by":"downfall:Defect","ascension_level":17}}