{"host":"oigynbtg272c19pw","time":1609845164,"event":{"mods":["BaseMod","Colored Map","Minty Spire (QoL Compilation)","Relic Stats","StSLib"],"gold_per_floor":[113,126,4,19,19,19,36,61,107,132,132,2,39,56,56,135,135,151,186,186,206,226,226,261,28,28,28,55,55,84,98,98,169,169,182,198,198,208,208,208,237,253,253,253,281,304,323,104,104,104,104,104,104,18,48,48,48],"floor_reached":56,"playtime":4190,"items_purged":["Strike_G","Strike_G","Writhe"],"score":2375,"play_id":"3ac61f12-898b-4a56-89ea-2af891eb9d5e","local_time":"20210105121244","is_ascension_mode":true,"campfire_choices":[{"data":"Footwork","floor":6.0,"key":"SMITH"},{"data":"Crippling Poison","floor":11.0,"key":"SMITH"},{"data":"Sadistic Nature","floor":15.0,"key":"SMITH"},{"data":"Backflip","floor":23.0,"key":"SMITH"},{"data":"Well Laid Plans","floor":27.0,"key":"SMITH"},{"data":"Terror","floor":29.0,"key":"SMITH"},{"data":"Dash","floor":32.0,"key":"SMITH"},{"floor":44.0,"key":"RECALL"}],"circlet_count":0,"master_deck":["AscendersBane","Strike_G","Defend_G","Defend_G","Defend_G","Defend_G","Defend_G","Survivor","Neutralize","Sadistic Nature+1","Dash+1","Crippling Poison+1","Terror+1","Footwork+1","Endless Agony","Backflip+1","Phantasmal Killer+1","Catalyst+1","Deadly Poison+1","Escape Plan+1","Deflect+1","Night Terror+1","Acrobatics+1","Leg Sweep+1","Crippling Poison+1","Escape Plan+1","Leg Sweep+1","Well Laid Plans+1","PiercingWail+1","Deflect+1","Malaise+1","Acrobatics+1","Blur+1","A Thousand Cuts","Dodge and Roll+1","Adrenaline+1","Trip+1","Venomology+1"],"relics":["Ring of the Snake","Toxic Egg 2","Bag of Preparation","Akabeko","Coffee Dripper","Red Mask","TungstenRod","The Courier","Tiny Chest","Ancient Tea Set","Fusion Hammer","Singing Bowl","Omamori","Sundial","Vajra","Boot"],"acts_visited":["Exordium","TheCity","TheBeyond","TheEnding"],"potions_floor_usage":[],"damage_taken":[{"damage":0.0,"enemies":"Cultist","floor":1.0,"turns":4.0},{"damage":11.0,"enemies":"Jaw Worm","floor":2.0,"turns":8.0},{"damage":1.0,"enemies":"Small Slimes","floor":4.0,"turns":3.0},{"damage":4.0,"enemies":"Blue Slaver","floor":7.0,"turns":4.0},{"damage":22.0,"enemies":"3 Sentries","floor":8.0,"turns":14.0},{"damage":0.0,"enemies":"Lagavulin","floor":10.0,"turns":7.0},{"damage":0.0,"enemies":"Exordium Thugs","floor":13.0,"turns":3.0},{"damage":0.0,"enemies":"Lots of Slimes","floor":14.0,"turns":1.0},{"damage":0.0,"enemies":"Hexaghost","floor":16.0,"turns":9.0},{"damage":16.0,"enemies":"Spheric Guardian","floor":18.0,"turns":7.0},{"damage":16.0,"enemies":"Masked Bandits","floor":19.0,"turns":4.0},{"damage":2.0,"enemies":"2 Thieves","floor":21.0,"turns":5.0},{"damage":2.0,"enemies":"Chosen and Byrds","floor":22.0,"turns":4.0},{"damage":1.0,"enemies":"Slavers","floor":24.0,"turns":4.0},{"damage":0.0,"enemies":"Gremlin Leader","floor":28.0,"turns":6.0},{"damage":7.0,"enemies":"Slavers","floor":30.0,"turns":5.0},{"damage":0.0,"enemies":"Snecko","floor":31.0,"turns":4.0},{"damage":0.0,"enemies":"Champ","floor":33.0,"turns":19.0},{"damage":0.0,"enemies":"3 Shapes","floor":35.0,"turns":3.0},{"damage":2.0,"enemies":"3 Darklings","floor":36.0,"turns":4.0},{"damage":0.0,"enemies":"Maw","floor":38.0,"turns":5.0},{"damage":0.0,"enemies":"Reptomancer","floor":41.0,"turns":5.0},{"damage":0.0,"enemies":"Transient","floor":42.0,"turns":6.0},{"damage":0.0,"enemies":"Giant Head","floor":45.0,"turns":10.0},{"damage":22.0,"enemies":"Spire Growth","floor":47.0,"turns":6.0},{"damage":13.0,"enemies":"Time Eater","floor":50.0,"turns":9.0},{"damage":19.0,"enemies":"Awakened One","floor":51.0,"turns":17.0},{"damage":39,"enemies":"Shield and Spear","floor":55,"turns":13},{"damage":58,"enemies":"The Heart","floor":56,"turns":3}],"seed_played":"8863752201155190020","potions_obtained":[{"floor":1.0,"key":"Energy Potion"},{"floor":2.0,"key":"Dexterity Potion"},{"floor":10.0,"key":"ColorlessPotion"},{"floor":13.0,"key":"DuplicationPotion"},{"floor":16.0,"key":"Fire Potion"},{"floor":19.0,"key":"BlessingOfTheForge"},{"floor":24.0,"key":"SneckoOil"},{"floor":31.0,"key":"Fruit Juice"},{"floor":33.0,"key":"Poison Potion"},{"floor":36.0,"key":"Swift Potion"},{"floor":41.0,"key":"Block Potion"}],"is_trial":false,"path_per_floor":["M","M","$","M","?","R","M","E","T","E","R","$","M","M","R","B",null,"M","?","?","M","M","R","E","$","T","R","E","R","E","M","R","B",null,"M","M","?","M","?","T","E","M","T","R","E","T","M","$","R","B","B",null,"R","$","E","B"],"character_chosen":"THE_SILENT","items_purchased":["Terror","Footwork","Deadly Poison+1","Well Laid Plans","PiercingWail+1","Adrenaline+1","Trip+1"],"campfire_rested":0,"item_purchase_floors":[3,3,12,25,25,48,54],"current_hp_per_floor":[59,48,48,47,52,52,48,26,26,26,26,26,26,26,26,26,55,39,23,23,21,19,19,18,18,18,18,18,18,11,16,16,16,57,57,55,55,55,69,69,71,73,73,73,75,75,53,53,53,40,21,62,62,62,23,0,0],"gold":48,"neow_bonus":"RANDOM_COLORLESS_2","is_daily":false,"chose_seed":false,"campfire_upgraded":7,"win_rate":0.0,"timestamp":1609845164,"path_taken":["M","?","?","M","?","R","M","E","T","E","R","$","M","M","R","BOSS","M","?","?","M","?","R","E","$","T","R","E","R","E","M","R","BOSS","M","M","?","?","?","?","E","M","T","R","E","?","M","$","R","BOSS","BOSS","R","$","E","BOSS"],"items_purchased_type":["Card","Card","Card","Card","Card","Card","Card"],"build_version":"2020-12-13","purchased_purges":3,"victory":false,"max_hp_per_floor":[60,60,60,60,65,65,65,65,65,65,65,65,65,65,65,65,65,65,65,65,65,65,65,65,65,65,65,65,65,65,70,70,70,70,70,70,70,70,70,70,72,74,74,74,76,76,76,76,76,76,76,76,76,76,76,76,76],"relic_stats":{"Singing Bowl":6,"counters":[29,192],"Sundial":[6],"Tiny Chest":1,"Bag of Preparation":[50],"Boot":[0],"obtain_stats":[{"Singing Bowl":40,"Vajra":46,"The Courier":26,"Bag of Preparation":9,"Omamori":41,"Ancient Tea Set":30,"Boot":55,"Akabeko":10,"Sundial":45,"Tiny Chest":28,"Fusion Hammer":34,"Coffee Dripper":17,"Red Mask":19,"Toxic Egg 2":8,"TungstenRod":24,"Ring of the Snake":0},{"Singing Bowl":21,"Vajra":24,"The Courier":14,"Bag of Preparation":5,"Omamori":22,"Ancient Tea Set":16,"Boot":28,"Akabeko":6,"Sundial":24,"Tiny Chest":15,"Fusion Hammer":18,"Coffee Dripper":9,"Red Mask":11,"Toxic Egg 2":5,"TungstenRod":14,"Ring of the Snake":0},{"Singing Bowl":123,"Vajra":144,"The Courier":77,"Bag of Preparation":33,"Omamori":128,"Ancient Tea Set":88,"Boot":189,"Akabeko":40,"Sundial":144,"Tiny Chest":83,"Fusion Hammer":111,"Coffee Dripper":53,"Red Mask":64,"Toxic Egg 2":33,"TungstenRod":77,"Ring of the Snake":0}],"TungstenRod":38,"Ring of the Snake":[58]},"card_choices":[{"not_picked":["Thinking Ahead","The Bomb"],"picked":"Sadistic Nature","floor":0.0},{"not_picked":["Deflect","PiercingWail"],"picked":"Dash","floor":1.0},{"not_picked":["Eviscerate","Flying Knee"],"picked":"Crippling Poison","floor":2.0},{"not_picked":["Backflip","Bane"],"picked":"Endless Agony","floor":4.0},{"not_picked":["Slice","Quick Slash"],"picked":"Backflip","floor":7.0},{"not_picked":["Backstab","Flechettes"],"picked":"Phantasmal Killer+1","floor":8.0},{"not_picked":["Noxious Fumes","Flechettes"],"picked":"Catalyst+1","floor":10.0},{"not_picked":["Cloak And Dagger+1","Slice"],"picked":"Escape Plan+1","floor":13.0},{"not_picked":["Outmaneuver+1","Reflex+1"],"picked":"Deflect+1","floor":14.0},{"not_picked":["Unload","Die Die Die"],"picked":"Night Terror+1","floor":16.0},{"not_picked":["Heel Hook","Deadly Poison+1"],"picked":"Acrobatics+1","floor":18.0},{"not_picked":["Underhanded Strike","Predator"],"picked":"Leg Sweep+1","floor":19.0},{"not_picked":["Flechettes+1","Slice+1"],"picked":"Crippling Poison+1","floor":21.0},{"not_picked":["Slice","Prepared+1"],"picked":"Escape Plan+1","floor":22.0},{"not_picked":["Phantasmal Killer+1","Cloak And Dagger+1"],"picked":"Leg Sweep+1","floor":24.0},{"not_picked":["Dagger Spray","Dash","Reflex+1"],"picked":"SKIP","floor":28.0},{"not_picked":["Flying Knee","Die Die Die","Flechettes"],"picked":"SKIP","floor":30.0},{"not_picked":["Cloak And Dagger+1","Terror+1"],"picked":"Deflect+1","floor":31.0},{"not_picked":["Grand Finale","Die Die Die"],"picked":"Malaise+1","floor":33.0},{"not_picked":["Endless Agony+1","Caltrops"],"picked":"Acrobatics+1","floor":35.0},{"not_picked":["Expertise+1","Flying Knee"],"picked":"Blur+1","floor":36.0},{"not_picked":["All Out Attack+1","Slice","Expertise+1"],"picked":"SKIP","floor":38.0},{"not_picked":["Crippling Poison+1","Grand Finale","Heel Hook"],"picked":"Singing Bowl","floor":41.0},{"not_picked":["Poisoned Stab","Caltrops","Bane"],"picked":"Singing Bowl","floor":42.0},{"not_picked":["Blur+1","Dagger Spray+1","Outmaneuver+1"],"picked":"Singing Bowl","floor":45.0},{"not_picked":["Acrobatics+1","Backflip+1"],"picked":"Dodge and Roll+1","floor":47.0},{"not_picked":["Cloak And Dagger+1","Dagger Throw"],"picked":"Venomology+1","floor":55}],"player_experience":1340600,"relics_obtained":[{"floor":8.0,"key":"Toxic Egg 2"},{"floor":9.0,"key":"Bag of Preparation"},{"floor":10.0,"key":"Akabeko"},{"floor":19.0,"key":"Red Mask"},{"floor":24.0,"key":"TungstenRod"},{"floor":26.0,"key":"The Courier"},{"floor":28.0,"key":"Tiny Chest"},{"floor":30.0,"key":"Ancient Tea Set"},{"floor":40.0,"key":"Singing Bowl"},{"floor":41.0,"key":"Omamori"},{"floor":45.0,"key":"Sundial"},{"floor":46.0,"key":"Vajra"},{"floor":55,"key":"Boot"}],"event_choices":[{"damage_healed":0.0,"max_hp_gain":5.0,"max_hp_loss":0.0,"gold_gain":0.0,"event_name":"Big Fish","player_choice":"Donut","floor":5.0,"gold_loss":0.0,"damage_taken":0.0},{"damage_healed":0.0,"max_hp_gain":0.0,"max_hp_loss":0.0,"gold_gain":0.0,"event_name":"Masked Bandits","player_choice":"Fought Bandits","floor":19.0,"gold_loss":0.0,"damage_taken":0.0},{"cards_removed":["Strike_G"],"damage_healed":0.0,"max_hp_gain":0.0,"max_hp_loss":0.0,"gold_gain":0.0,"event_name":"Purifier","player_choice":"Purged","floor":20.0,"gold_loss":0.0,"damage_taken":0.0},{"damage_healed":0.0,"max_hp_gain":0.0,"max_hp_loss":0.0,"gold_gain":0.0,"cards_transformed":["Strike_G"],"event_name":"Transmorgrifier","player_choice":"Transformed","floor":37.0,"gold_loss":0.0,"damage_taken":0.0,"cards_obtained":["A Thousand Cuts"]},{"damage_healed":14.0,"max_hp_gain":0.0,"max_hp_loss":0.0,"gold_gain":0.0,"event_name":"Winding Halls","player_choice":"Writhe","floor":39.0,"gold_loss":0.0,"damage_taken":0.0,"cards_obtained":["Writhe"]}],"is_beta":false,"boss_relics":[{"not_picked":["Calling Bell","Runic Dome"],"picked":"Coffee Dripper"},{"not_picked":["Astrolabe","Ring of the Serpent"],"picked":"Fusion Hammer"}],"items_purged_floors":[12,25,48],"is_endless":false,"potions_floor_spawned":[1,2,10,13,14,16,19,21,24,31,33,36,41,45],"killed_by":"The Heart","ascension_level":20}}