{"host":"9v3x998ddbx8o276","time":1609845732,"event":{"mods":["AchievementEnabler","BaseMod","Colored Map","Colored Powertips","Highlight Path","Minty Spire (QoL Compilation)","Quick Restart","Rare Cards Sparkle"],"gold_per_floor":[109,109,121,196,123,123,140,140,164,164,178,205,220,17,17,91,91,109,119,145,171,183,183,183],"floor_reached":23,"playtime":753,"items_purged":["Defend_B"],"score":461,"play_id":"c3877c39-ddcb-47b5-b43b-ff45ab67ca89","local_time":"20210105215212","is_ascension_mode":true,"campfire_choices":[{"data":"Doom and Gloom","floor":6,"key":"SMITH"},{"data":"Loop","floor":8,"key":"SMITH"},{"data":"Compile Driver","floor":10,"key":"SMITH"},{"floor":15,"key":"REST"}],"circlet_count":0,"master_deck":["AscendersBane","Strike_B","Strike_B","Strike_B","Strike_B","Defend_B","Defend_B","Defend_B","Zap","Dualcast","Doom and Gloom+1","Compile Driver+1","Loop+1","Coolheaded","Echo Form","Reinforced Body","Static Discharge","Amplify","Tempest+1","Cold Snap","Barrage"],"relics":["Cracked Core","Tiny Chest","Strawberry","Pear","Busted Crown","CeramicFish"],"acts_visited":["Exordium","TheCity"],"potions_floor_usage":[12,13,16,22,23],"damage_taken":[{"damage":0,"enemies":"2 Louse","floor":1,"turns":3},{"damage":1,"enemies":"Small Slimes","floor":3,"turns":2},{"damage":11,"enemies":"Cultist","floor":7,"turns":4},{"damage":25,"enemies":"Gremlin Gang","floor":11,"turns":3},{"damage":0,"enemies":"Lagavulin","floor":12,"turns":5},{"damage":5,"enemies":"Exordium Thugs","floor":13,"turns":4},{"damage":36,"enemies":"Slime Boss","floor":16,"turns":7},{"damage":7,"enemies":"3 Byrds","floor":18,"turns":4},{"damage":14,"enemies":"Spheric Guardian","floor":19,"turns":3},{"damage":11,"enemies":"Snecko","floor":21,"turns":3},{"damage":18,"enemies":"3 Cultists","floor":22,"turns":4},{"damage":39,"enemies":"Slavers","floor":23,"turns":3}],"seed_played":"6156326219106911831","potions_obtained":[{"floor":0,"key":"DuplicationPotion"},{"floor":0,"key":"FearPotion"},{"floor":1,"key":"Fire Potion"},{"floor":12,"key":"SkillPotion"},{"floor":13,"key":"Fruit Juice"},{"floor":18,"key":"PowerPotion"}],"is_trial":false,"path_per_floor":["M","?","M","?","?","R","M","R","T","R","M","E","M","$","R","B",null,"M","M","T","M","M","E"],"character_chosen":"DEFECT","items_purchased":["PowerPotion","Static Discharge"],"campfire_rested":1,"item_purchase_floors":[14,14],"current_hp_per_floor":[64,69,68,57,57,57,46,46,53,53,28,38,38,38,67,31,81,74,60,60,49,31,0,0],"gold":183,"neow_bonus":"THREE_SMALL_POTIONS","is_daily":false,"chose_seed":false,"campfire_upgraded":3,"win_rate":0.0,"timestamp":1609845732,"path_taken":["M","?","M","?","?","R","?","R","T","R","M","E","?","?","R","BOSS","M","M","?","M","?","E"],"items_purchased_type":["Potion","Card"],"build_version":"2020-12-22","purchased_purges":1,"victory":false,"max_hp_per_floor":[71,76,76,76,76,76,76,76,83,83,83,93,98,98,98,98,98,98,98,98,98,98,98,98],"card_choices":[{"not_picked":["Reboot","Steam"],"picked":"Doom and Gloom","floor":1},{"not_picked":["Double Energy","Fusion"],"picked":"Compile Driver","floor":3},{"not_picked":["Sweeping Beam","Steam Power"],"picked":"Loop","floor":7},{"not_picked":["Rebound","Sweeping Beam"],"picked":"Coolheaded","floor":11},{"not_picked":["Ball Lightning","Cold Snap"],"picked":"Echo Form","floor":12},{"not_picked":["Blizzard","Consume"],"picked":"Reinforced Body","floor":13},{"not_picked":["All For One","Buffer"],"picked":"Amplify","floor":16},{"not_picked":[],"picked":"Tempest+1","floor":18},{"not_picked":[],"picked":"Cold Snap","floor":19},{"not_picked":[],"picked":"Barrage","floor":21},{"not_picked":["Sweeping Beam"],"picked":"SKIP","floor":22}],"player_experience":2087513,"relics_obtained":[{"floor":9,"key":"Strawberry"},{"floor":12,"key":"Pear"},{"floor":20,"key":"CeramicFish"}],"event_choices":[{"damage_healed":0,"gold_gain":0,"player_choice":"Donut","damage_taken":0,"max_hp_gain":5,"max_hp_loss":0,"event_name":"Big Fish","floor":2,"gold_loss":0},{"damage_healed":0,"gold_gain":75,"player_choice":"Gather Gold","damage_taken":11,"max_hp_gain":0,"max_hp_loss":0,"event_name":"World of Goop","floor":4,"gold_loss":0},{"damage_healed":0,"gold_gain":0,"player_choice":"Paid Gold","damage_taken":0,"relics_obtained":["Tiny Chest"],"max_hp_gain":0,"max_hp_loss":0,"event_name":"WeMeetAgain","floor":5,"gold_loss":73}],"is_beta":false,"boss_relics":[{"not_picked":["Coffee Dripper","Sozu"],"picked":"Busted Crown"}],"items_purged_floors":[14],"is_endless":false,"potions_floor_spawned":[1,11,12,13,18,19],"killed_by":"Slavers","ascension_level":20}}