{"host":"1fn5ivlym87f4xjq","time":1609851980,"event":{"mods":["BaseMod","BetterRewards","Colored Powertips","Minty Spire (QoL Compilation)","Shop Mod","StSLib","The Animator","The Exalted","The Forsaken","The Hierophant"],"gold_per_floor":[23,98,22,22,41,72,99,99,123,48,87,101,101,120,120,218,218,205,224,224,11,27,27,27,27,27,27,27],"floor_reached":27,"playtime":2280,"items_purged":["animator:Defend"],"score":246,"play_id":"929cf60f-394a-4bc7-8cd3-6353515a6fb2","local_time":"20210105140620","is_ascension_mode":false,"campfire_choices":[{"data":"animator:DolaSchwi","floor":15,"key":"SMITH"},{"floor":23,"key":"RECALL"}],"circlet_count":0,"master_deck":["animator:Strike_NoGameNoLife","animator:Defend_NoGameNoLife","animator:Strike","animator:Strike","animator:Strike","animator:Defend+1","animator:Defend","animator:DolaSchwi+1","animator:DolaCouronne","animator:Sora+1","animator:Aqua+1","animator:FielNirvalen","animator:DolaRiku","animator:Shuna","animator:IzunaHatsuse","animator:Arpeggio","animator:Jibril","animator:Hakurou","animator:Kyubey","animator:Millim+1","animator:Cocytus","animator:DolaStephanie","animator:Demiurge","animator:ChlammyZell"],"relics":["animator:LivingPicture","animator:TheMissingPiece","animator:PurgingStone","Bromod:ArcanePistoleer","Anchor","Philosopher\u0027s Stone","animator:ShionDessert","Bromod:ArcaneTempo"],"acts_visited":["Exordium","TheCity"],"potions_floor_usage":[6,11,12,18,27],"damage_taken":[{"damage":11,"enemies":"Jaw Worm","floor":1,"turns":4},{"damage":0,"enemies":"Small Slimes","floor":5,"turns":4},{"damage":28,"enemies":"Gremlin Nob","floor":6,"turns":5},{"damage":4,"enemies":"2 Louse","floor":7,"turns":5},{"damage":0,"enemies":"Lagavulin","floor":11,"turns":7},{"damage":12,"enemies":"Exordium Thugs","floor":12,"turns":6},{"damage":3,"enemies":"Lots of Slimes","floor":14,"turns":4},{"damage":25,"enemies":"The Guardian","floor":16,"turns":9},{"damage":17,"enemies":"2 Thieves","floor":18,"turns":4},{"damage":3,"enemies":"Shell Parasite","floor":19,"turns":5},{"damage":30,"enemies":"Cultist and Chosen","floor":22,"turns":6},{"damage":29,"enemies":"3 Cultists","floor":27,"turns":4}],"seed_played":"3957210914707154932","potions_obtained":[{"floor":1,"key":"Ancient Potion"},{"floor":7,"key":"PowerPotion"},{"floor":11,"key":"Dexterity Potion"},{"floor":16,"key":"ColorlessPotion"},{"floor":18,"key":"FearPotion"},{"floor":22,"key":"Block Potion"}],"is_trial":false,"path_per_floor":["M","?","$","?","M","E","M","?","T","$","E","M","$","M","R","B",null,"M","M","?","$","M","R","$","?","T","M"],"character_chosen":"THE_ANIMATOR","items_purchased":["animator:FielNirvalen","animator:DolaStephanie","animator:ShionDessert"],"campfire_rested":0,"item_purchase_floors":[3,21,21],"current_hp_per_floor":[55,44,44,31,35,7,6,6,6,6,17,17,17,21,21,11,68,51,51,51,51,24,24,24,24,24,0,0],"gold":27,"neow_bonus":"THREE_RARE_CARDS","is_daily":false,"chose_seed":false,"campfire_upgraded":1,"win_rate":0.0,"timestamp":1609851980,"path_taken":["M","?","$","?","M","E","?","?","T","$","E","M","$","M","R","BOSS","M","M","?","?","?","R","?","?","T","M"],"items_purchased_type":["Card","Card","Relic"],"build_version":"2020-12-22","purchased_purges":1,"victory":false,"max_hp_per_floor":[66,66,66,66,67,67,67,67,67,67,67,68,68,68,68,68,68,68,68,68,68,68,68,68,68,68,68,68],"card_choices":[{"not_picked":["animator:Shizu","animator:Elesis"],"picked":"animator:Sora","floor":0},{"not_picked":["animator:Illya","animator:Archer"],"picked":"animator:Aqua","floor":1},{"not_picked":["animator:RinTohsaka","animator:SilverFang"],"picked":"animator:DolaRiku","floor":5},{"not_picked":["animator:Genos","animator:Raven"],"picked":"animator:Shuna","floor":6},{"not_picked":["animator:FielNirvalen","animator:DolaCouronne"],"picked":"animator:IzunaHatsuse","floor":7},{"not_picked":["animator:Rider","animator:ShinjiMatou","animator:Arpeggio"],"picked":"SKIP","floor":11},{"not_picked":["animator:Rider","animator:ShinjiMatou"],"picked":"animator:Arpeggio","floor":11},{"not_picked":["animator:Aisha","animator:Mitsurugi"],"picked":"animator:Jibril","floor":12},{"not_picked":["animator:OrikoMikuni","animator:Benimaru"],"picked":"animator:Hakurou","floor":14},{"not_picked":["animator:MadokaKaname","animator:Saber"],"picked":"animator:Kyubey","floor":16},{"not_picked":["animator:Shuna","animator:Vesta"],"picked":"animator:Millim","floor":18},{"not_picked":["animator:IrohaTamaki","animator:Add"],"picked":"animator:Cocytus","floor":19},{"not_picked":["animator:SayakaMiki","animator:EmiyaShirou+1"],"picked":"animator:Demiurge","floor":22}],"player_experience":98696,"relics_obtained":[{"floor":6,"key":"Bromod:ArcanePistoleer"},{"floor":11,"key":"Anchor"},{"floor":26,"key":"Bromod:ArcaneTempo"}],"event_choices":[{"damage_healed":0,"gold_gain":75,"player_choice":"Gather Gold","damage_taken":11,"max_hp_gain":0,"max_hp_loss":0,"event_name":"World of Goop","floor":2,"gold_loss":0},{"damage_healed":0,"gold_gain":0,"player_choice":"Entered Light","damage_taken":13,"max_hp_gain":0,"max_hp_loss":0,"event_name":"Shining Light","floor":4,"gold_loss":0,"cards_upgraded":["animator:Defend","animator:Aqua"]},{"damage_healed":0,"gold_gain":0,"player_choice":"Grow","damage_taken":0,"max_hp_gain":0,"max_hp_loss":0,"event_name":"Living Wall","floor":8,"gold_loss":0,"cards_upgraded":["animator:Sora"]},{"damage_healed":0,"gold_gain":0,"player_choice":"Upgraded","damage_taken":0,"max_hp_gain":0,"max_hp_loss":0,"event_name":"Upgrade Shrine","floor":20,"gold_loss":0,"cards_upgraded":["animator:Millim"]},{"damage_healed":0,"gold_gain":0,"player_choice":"Read","damage_taken":0,"max_hp_gain":0,"max_hp_loss":0,"event_name":"The Library","floor":25,"gold_loss":0,"cards_obtained":["animator:ChlammyZell"]}],"is_beta":false,"boss_relics":[{"not_picked":["Empty Cage","Cursed Key"],"picked":"Philosopher\u0027s Stone"}],"items_purged_floors":[10],"is_endless":false,"potions_floor_spawned":[1,7,11,16,18,22],"killed_by":"3 Cultists","ascension_level":0}}