{"host":"csp9nt53rootlkah","time":1609825943,"event":{"mods":["ATMod(阿瑾Mod)","Act Like it!","BaseMod","Colored Powertips","Downfall","Friendly Minions","Gensokyo","Highlight Path","Minty Spire (QoL Compilation)","Quick Restart","Replay The Spire","StSLib","TestMod","The Factory","The Jungle","UnlockEverythingMod","【遗物卡牌】REMEMod"],"gold_per_floor":[99,99,99,99,99,99,99,131,142,152,186,36,69,69,81,183,233,233,233,233,233],"floor_reached":19,"playtime":1367,"items_purged":[],"score":241,"play_id":"6e167f47-c348-4516-86dc-67d7d634992d","local_time":"20210105135223","is_ascension_mode":true,"campfire_choices":[{"data":"Slimebound:FlameTackle","floor":6.0,"key":"SMITH"},{"data":"Slimebound:BestDefense","floor":12.0,"key":"SMITH"},{"floor":18,"key":"DIG"}],"circlet_count":0,"master_deck":["Slimebound:Strike_Slimebound","Slimebound:Strike_Slimebound","Slimebound:Strike_Slimebound","Slimebound:Tackle","Slimebound:Defend_Slimebound","Slimebound:Defend_Slimebound","Slimebound:Defend_Slimebound","Slimebound:Defend_Slimebound","Slimebound:Split+1","Slimebound:CorrosiveSpit","testmod-CardIndex+1","Slimebound:BestDefense+1","Slimebound:FlameTackle+1","Slimebound:SlimeTap","Slimebound:OozeBath","Slimebound:Equalize"],"relics":["Slimebound:AbsorbEndCombat","testmod-TestBox","REME_ComplimentaryCards","AT_ATBox","testmod-CrystalShield","downfall:HeartsMalice","AT_ArcaneBoots","Vajra","downfall:HeartBlessingGreen","downfall:HeartBlessingBlue","AT_ImmortalShieldbow","Tiny House","Regal Pillow"],"acts_visited":["Exordium","TheCity"],"potions_floor_usage":[],"damage_taken":[{"damage":0.0,"enemies":"Cultist","floor":2.0,"turns":1.0},{"damage":0.0,"enemies":"Small Slimes","floor":3.0,"turns":1.0},{"damage":0.0,"enemies":"Jaw Worm","floor":4.0,"turns":1.0},{"damage":20.0,"enemies":"Lagavulin","floor":8.0,"turns":8.0},{"damage":19.0,"enemies":"Large Slime","floor":9.0,"turns":7.0},{"damage":16.0,"enemies":"2 Fungi Beasts","floor":10.0,"turns":5.0},{"damage":17.0,"enemies":"Replay:BlueRogue","floor":11.0,"turns":8.0},{"damage":12.0,"enemies":"Lagavulin","floor":13.0,"turns":7.0},{"damage":6.0,"enemies":"Blue Slaver","floor":15.0,"turns":1.0},{"damage":46.0,"enemies":"downfall:Watcher","floor":16.0,"turns":10.0},{"damage":9,"enemies":"3 Byrds","floor":19,"turns":2}],"seed_played":"-4495732650630015111","potions_obtained":[{"floor":9.0,"key":"Fire Potion"},{"floor":10.0,"key":"AttackPotion"},{"floor":11.0,"key":"DuplicationPotion"},{"floor":13.0,"key":"EntropicBrew"}],"is_trial":false,"path_per_floor":["R","M","M","M","?","R","T","E","M","M","E","R","E","?","M","B",null,"R","M"],"character_chosen":"SLIMEBOUND","items_purchased":[],"campfire_rested":0,"item_purchase_floors":[],"current_hp_per_floor":[60,60,60,60,65,65,65,57,50,42,33,43,47,47,41,40,80,80,71,71,71],"gold":233,"neow_bonus":"THREE_ENEMY_KILL","is_daily":false,"chose_seed":false,"campfire_upgraded":2,"win_rate":0.0,"timestamp":1609825943,"path_taken":["R","M","M","M","?","R","T","E","M","M","E","R","E","?","M","BOSS","R","M"],"items_purchased_type":[],"build_version":"2020-12-22","purchased_purges":0,"victory":false,"max_hp_per_floor":[60,60,60,60,65,65,65,65,65,65,65,75,75,75,75,75,80,80,80,80,80],"card_choices":[{"not_picked":["Slimebound:SplitLeeching","Slimebound:LeechingTouch"],"picked":"Slimebound:BestDefense","floor":2.0},{"not_picked":["Slimebound:SamplingLick","Slimebound:SplitAcid"],"picked":"Slimebound:FlameTackle","floor":3.0},{"not_picked":["Slimebound:ComboTackle","Slimebound:ForwardTackle","Slimebound:TongueLash"],"picked":"SKIP","floor":4.0},{"not_picked":["Slimebound:Grow","Slimebound:Overexert","Slimebound:ProtectTheBoss"],"picked":"SKIP","floor":8.0},{"not_picked":["Slimebound:ComboTackle","Slimebound:LeechingTouch"],"picked":"Slimebound:SlimeTap","floor":9.0},{"not_picked":["Slimebound:SplitMire","Slimebound:GoopSpray","Slimebound:LeechingTouch"],"picked":"SKIP","floor":10.0},{"not_picked":["Slimebound:SplitAcid","Slimebound:SlimeSpikes","Slimebound:LeechingTouch"],"picked":"SKIP","floor":11.0},{"not_picked":["Slimebound:PressTheAttack","Slimebound:Schlurp","Slimebound:SplitMire"],"picked":"SKIP","floor":13.0},{"not_picked":["Slimebound:SplitAcid","Slimebound:FinishingTackle","Slimebound:SplitMire"],"picked":"SKIP","floor":15.0},{"not_picked":["Slimebound:MinionMaster","Slimebound:OneTwoCombo"],"picked":"Slimebound:OozeBath","floor":16.0},{"not_picked":["Slimebound:SlimeSpikes","Slimebound:RollThrough"],"picked":"Slimebound:Equalize","floor":17}],"player_experience":127931,"relics_obtained":[{"floor":8.0,"key":"AT_SpeedBoots"},{"floor":11.0,"key":"Vajra"},{"floor":13.0,"key":"AT_ImmortalShieldbow"},{"floor":18,"key":"Regal Pillow"}],"event_choices":[{"damage_healed":0.0,"max_hp_gain":5.0,"max_hp_loss":0.0,"gold_gain":0.0,"event_name":"Big Fish","player_choice":"Donut","floor":5.0,"gold_loss":0.0,"damage_taken":0.0},{"damage_healed":0.0,"max_hp_gain":0.0,"max_hp_loss":0.0,"gold_gain":0.0,"event_name":"给自己的盒子","player_choice":"Ignored","floor":14.0,"gold_loss":0.0,"damage_taken":0.0}],"is_beta":false,"boss_relics":[{"not_picked":["Abe\u0027s Treasure","REME_DuelDisc"],"picked":"Tiny House"}],"items_purged_floors":[],"is_endless":false,"potions_floor_spawned":[9,10,11,13],"killed_by":"3 Byrds","ascension_level":1}}