{"host":"ig7tc0uedzltt2sr","time":1609822034,"event":{"mods":["BaseMod","Better Twitch Integration","Block Reminder","Colored Map","Colored Powertips","Communication Mod","Current Relic Mod","GifTheSpireLib","HexUI Lib","Minty Spire (QoL Compilation)","Quick Restart","Random Character Button","Rare Cards Sparkle","Relic Sorter","Relic Stats","Slay the Relics Exporter","StSLib","SuperFastMode","Synergy Search","Twitch Decklist","Twitch Utils","everything is the same but u backflip on backflip","slay the spire mod where everything is the same but ironclad has a cowboy hat"],"gold_per_floor":[110,127,127,145,115,115,140,140,190,190,206,171,188,207,207,207,207],"floor_reached":16,"playtime":171,"items_purged":[],"score":104,"play_id":"b5fa9025-b1b5-43e9-b323-b15d3a3d4950","local_time":"20210104204714","is_ascension_mode":false,"campfire_choices":[{"data":"Strike_R","floor":6,"key":"SMITH"},{"floor":15,"key":"REST"}],"circlet_count":0,"master_deck":["Strike_R+1","Strike_R","Strike_R","Strike_R","Strike_R","Defend_R+1","Defend_R","Defend_R","Defend_R","Bash","Clothesline","Metallicize","Entrench","Pommel Strike","Rage","Parasite","Pommel Strike","Carnage","Cleave","Feel No Pain"],"relics":["Burning Blood","Bag of Marbles"],"acts_visited":["Exordium"],"potions_floor_usage":[],"damage_taken":[{"damage":5,"enemies":"Small Slimes","floor":1,"turns":7},{"damage":7,"enemies":"2 Louse","floor":2,"turns":6},{"damage":4,"enemies":"Jaw Worm","floor":4,"turns":5},{"damage":5,"enemies":"Looter","floor":5,"turns":4},{"damage":73,"enemies":"3 Sentries","floor":7,"turns":15},{"damage":0,"enemies":"Blue Slaver","floor":11,"turns":7},{"damage":29,"enemies":"Exordium Thugs","floor":12,"turns":5},{"damage":0,"enemies":"Looter","floor":13,"turns":3},{"damage":6,"enemies":"Red Slaver","floor":14,"turns":5},{"damage":62,"enemies":"Hexaghost","floor":16,"turns":11}],"seed_played":"-6204757717245948538","potions_obtained":[{"floor":2,"key":"DistilledChaos"},{"floor":7,"key":"EssenceOfSteel"},{"floor":11,"key":"ColorlessPotion"},{"floor":12,"key":"Energy Potion"}],"is_trial":false,"path_per_floor":["M","M","?","M","M","R","E","?","T","?","M","M","M","M","R","B"],"character_chosen":"IRONCLAD","items_purchased":[],"campfire_rested":1,"item_purchase_floors":[],"current_hp_per_floor":[88,87,87,88,88,88,21,43,43,43,49,26,32,32,58,0,0],"gold":207,"neow_bonus":"TEN_PERCENT_HP_BONUS","is_daily":false,"chose_seed":false,"campfire_upgraded":1,"win_rate":0.0,"timestamp":1609822034,"path_taken":["M","M","?","M","M","R","E","?","T","?","M","M","M","M","R","BOSS"],"items_purchased_type":[],"build_version":"2020-12-22","purchased_purges":0,"victory":false,"max_hp_per_floor":[88,88,88,88,88,88,88,88,88,88,88,88,88,88,88,88,88],"relic_stats":{"counters":[10,68],"obtain_stats":[{"Bag of Marbles":7,"Burning Blood":0},{"Bag of Marbles":5,"Burning Blood":0},{"Bag of Marbles":37,"Burning Blood":0}],"Burning Blood":51},"card_choices":[{"not_picked":["Anger","Shrug It Off"],"picked":"Clothesline","floor":1},{"not_picked":["Perfected Strike","Armaments"],"picked":"Metallicize","floor":2},{"not_picked":["Shrug It Off","Clothesline"],"picked":"Entrench","floor":4},{"not_picked":["Iron Wave","True Grit"],"picked":"Pommel Strike","floor":5},{"not_picked":["Wild Strike","Armaments"],"picked":"Rage","floor":7},{"not_picked":["Warcry","Combust"],"picked":"Pommel Strike","floor":11},{"not_picked":["Anger","Shrug It Off"],"picked":"Carnage","floor":12},{"not_picked":["Whirlwind","Wild Strike"],"picked":"Cleave","floor":13},{"not_picked":["Iron Wave","Anger"],"picked":"Feel No Pain","floor":14}],"player_experience":1422987,"relics_obtained":[{"floor":7,"key":"Bag of Marbles"}],"event_choices":[{"damage_healed":0,"gold_gain":0,"player_choice":"Ignored","damage_taken":0,"max_hp_gain":0,"max_hp_loss":0,"event_name":"Golden Wing","floor":3,"gold_loss":0},{"damage_healed":22,"gold_gain":0,"player_choice":"Healed and dodged fight","damage_taken":0,"max_hp_gain":0,"max_hp_loss":0,"event_name":"Mushrooms","floor":8,"gold_loss":0,"cards_obtained":["Parasite"]},{"damage_healed":0,"gold_gain":0,"player_choice":"Grow","damage_taken":0,"max_hp_gain":0,"max_hp_loss":0,"event_name":"Living Wall","floor":10,"gold_loss":0,"cards_upgraded":["Defend_R"]}],"is_beta":false,"boss_relics":[],"items_purged_floors":[],"is_endless":false,"potions_floor_spawned":[2,7,11,12],"killed_by":"Hexaghost","ascension_level":0}}