{"host":"u9xtr94typ21duox","time":1609818836,"event":{"mods":["BaseMod","Key Reminder","KinomotoSakuraMod(木之本樱)","LagranYue(拉格朗・月)","Marisa（F雨　魔理沙）","Minty Spire (QoL Compilation)","Reimu（博丽灵梦）","Remilia（蕾米莉亚）","Replay The Spire","StSLib","Td1madao Mod","The Administrix","The Bladedancer","The Bug Knight","The Construct","The Cursed","The Gatherer","The Runesmith","The Servant 0.9.4","WarShipGirlsR/战舰少女R mod","Youmu（魂魄妖梦）","vexMod"],"gold_per_floor":[114,16,31,42,58,86,86,105,130,130,176,21,21,54,54,160,210,231,146,170,170,204,204,248,256,256],"floor_reached":25,"playtime":3036,"items_purged":[],"score":253,"play_id":"9a69ed13-b7da-4602-8cdb-78bdb85b1d3b","local_time":"20210105115356","is_ascension_mode":true,"campfire_choices":[{"data":"SpellCardSeal","floor":7.0,"key":"SMITH"},{"floor":13.0,"key":"REST"},{"data":"ClowCardTheTwin","floor":15.0,"key":"SMITH"},{"data":"ClowCardTheGlow","floor":23,"key":"SMITH"}],"circlet_count":0,"master_deck":["SakuraCardTheBig+","ClowCardTheSword","ClowCardTheSword","ClowCardTheSword","ClowCardTheSword","ClowCardTheShield","ClowCardTheShield+1","ClowCardTheShield","ClowCardTheShield","SpellCardSeal+1","SpellCardRelease","ClowCardTheRain","ClowCardTheArrow","ClowCardTheGlow+1","ClowCardTheSweet","ClowCardTheTwin+1","ClowCardTheFight","ClowCardTheFloat","ClowCardTheWave+1","ClowCardThePower+1"],"relics":["KSMOD_SealedBook","KSMOD_SealedWand","LagranYue:RandomDrawCardRelic","NeowsBlessing","HollowMod:StagPassRelic","keyreminder:keyreminder","Replay:Bandana","Blood Vial","PreservedInsect","Strawberry","Tiny House","Regal Pillow","Runesmith:AutoHammer","KSMOD_YukitosBentoBox"],"acts_visited":["Exordium","TheCity"],"potions_floor_usage":[18,24],"damage_taken":[{"damage":0.0,"enemies":"Cultist","floor":1.0,"turns":1.0},{"damage":0.0,"enemies":"2 Louse","floor":3.0,"turns":3.0},{"damage":0.0,"enemies":"Small Slimes","floor":4.0,"turns":4.0},{"damage":6.0,"enemies":"Blue Slaver","floor":5.0,"turns":4.0},{"damage":4.0,"enemies":"Replay:BlueRogue","floor":6.0,"turns":6.0},{"damage":3.0,"enemies":"2 Fungi Beasts","floor":8.0,"turns":4.0},{"damage":37.0,"enemies":"Gremlin Nob","floor":11.0,"turns":5.0},{"damage":27.0,"enemies":"Lagavulin","floor":14.0,"turns":9.0},{"damage":35.0,"enemies":"The Guardian","floor":16.0,"turns":16.0},{"damage":5,"enemies":"Chosen","floor":18,"turns":8},{"damage":15,"enemies":"Spheric Guardian","floor":20,"turns":5},{"damage":7,"enemies":"Centurion and Healer","floor":22,"turns":13},{"damage":53,"enemies":"Book of Stabbing","floor":24,"turns":10},{"damage":29,"enemies":"Snake Plant","floor":25,"turns":2}],"seed_played":"-7824252795402675697","potions_obtained":[{"floor":3.0,"key":"Elixir"},{"floor":4.0,"key":"SteroidPotion"},{"floor":5.0,"key":"Adrenaline Potion"},{"floor":8.0,"key":"Ancient Potion"},{"floor":14.0,"key":"SpeedPotion"},{"floor":16,"key":"Block Potion"},{"floor":18,"key":"Block Potion"},{"floor":24,"key":"KSMOD_MagickBottle"}],"is_trial":false,"path_per_floor":["M","$","M","M","M","E","R","M","T","?","E","$","R","E","R","B",null,"M","?","M","?","M","R","E","M"],"character_chosen":"KINOMOTOSAKURA","items_purchased":["ClowCardTheBig","ClowCardTheArrow","PreservedInsect"],"campfire_rested":1,"item_purchase_floors":[2,2,12],"current_hp_per_floor":[70,70,70,70,64,65,65,62,62,55,23,23,44,31,31,8,82,82,82,67,67,67,67,21,0,0],"gold":256,"neow_bonus":"THREE_ENEMY_KILL","is_daily":false,"chose_seed":false,"campfire_upgraded":3,"win_rate":0.0,"timestamp":1609818836,"path_taken":["M","?","?","?","M","E","R","?","T","?","E","$","R","E","R","BOSS","BOSS","M","?","M","?","M","R","E","M"],"items_purchased_type":["Card","Card","Relic"],"build_version":"2020-12-22","purchased_purges":0,"victory":false,"max_hp_per_floor":[70,70,70,70,70,70,70,70,70,70,70,70,70,77,77,77,82,82,82,82,82,82,82,82,82,82],"card_choices":[{"not_picked":["ClowCardTheDream","ClowCardTheErase"],"picked":"ClowCardTheRain","floor":1.0},{"not_picked":["ClowCardTheIllusion","ClowCardTheCloud"],"picked":"ClowCardTheGlow","floor":3.0},{"not_picked":["ClowCardTheSand","ClowCardTheJump","ClowCardTheChange"],"picked":"SKIP","floor":4.0},{"not_picked":["ClowCardTheBubbles","ClowCardTheVoice"],"picked":"ClowCardTheSweet","floor":5.0},{"not_picked":["ClowCardTheStorm","ClowCardTheMaze"],"picked":"ClowCardTheTwin","floor":6.0},{"not_picked":["ClowCardTheLittle","ClowCardTheWatery","ClowCardTheMist"],"picked":"SKIP","floor":8.0},{"not_picked":["ClowCardTheShot","ClowCardTheDream","ClowCardTheLibra"],"picked":"SKIP","floor":11.0},{"not_picked":["ClowCardTheWindy","ClowCardTheLittle","ClowCardTheLock"],"picked":"SKIP","floor":14.0},{"not_picked":["ClowCardTheReturn","ClowCardTheCreate"],"picked":"ClowCardTheFight","floor":16},{"not_picked":["ClowCardTheChange","ClowCardTheSand","ClowCardTheErase"],"picked":"SKIP","floor":18},{"not_picked":["ClowCardTheShot+1","ClowCardTheChange"],"picked":"ClowCardTheFloat","floor":20},{"not_picked":["ClowCardTheArrow","ClowCardTheMaze"],"picked":"ClowCardTheWave+1","floor":22},{"not_picked":["ClowCardTheDream+1","ClowCardTheCloud"],"picked":"ClowCardThePower+1","floor":24}],"player_experience":279019,"relics_obtained":[{"floor":6.0,"key":"HollowMod:StagPassRelic"},{"floor":11.0,"key":"Blood Vial"},{"floor":14.0,"key":"Strawberry"},{"floor":24,"key":"KSMOD_YukitosBentoBox"}],"event_choices":[{"damage_healed":0.0,"max_hp_gain":0.0,"max_hp_loss":0.0,"gold_gain":0.0,"event_name":"Scrap Ooze","player_choice":"Success","floor":10.0,"gold_loss":0.0,"damage_taken":7.0,"relics_obtained":["Replay:Bandana"]},{"damage_healed":0,"gold_gain":0,"player_choice":"Obtained Relic","damage_taken":0,"relics_obtained":["Regal Pillow"],"max_hp_gain":0,"max_hp_loss":0,"event_name":"Addict","floor":19,"gold_loss":85}],"is_beta":false,"boss_relics":[{"not_picked":["Fusion Hammer","Cursed Key"],"picked":"Tiny House"}],"items_purged_floors":[],"is_endless":false,"potions_floor_spawned":[3,4,5,8,14,16,18,24],"killed_by":"Snake Plant","ascension_level":1}}