{"host":"igj4vwc42ivwqexo","time":1609862502,"event":{"mods":["BaseMod","Better Third Choice","Koishi","Marisa????????","Minty Spire (QoL Compilation)","Shop Mod","StSLib","The Blue Laboratory","The Disciple","The Hierophant","The Servant 0.9.4"],"gold_per_floor":[11,29,49,324,334,334,369,369,369,394,394,409,435,435,435,538,538,554,573,281,281,296,296,211,271,325,325,325,375,500,513,513,641,641,658,100,118,0,42,42,78,78,102,116,132,142,142,187,187,187],"floor_reached":51,"playtime":6262,"items_purged":["Regret","Defend_MRS"],"score":797,"play_id":"121b9660-3c66-4ade-878c-c316a864d4bd","local_time":"20210105170142","is_ascension_mode":false,"campfire_choices":[{"data":"OrrerysSun","floor":6,"key":"SMITH"},{"data":"Acceleration","floor":8,"key":"SMITH"},{"data":"OrrerysSun","floor":11,"key":"SMITH"},{"data":"EarthLightRay","floor":15,"key":"SMITH"},{"data":"WitchOfGreed","floor":23,"key":"SMITH"},{"data":"BinaryStars","floor":28,"key":"SMITH"},{"data":"BinaryStars","floor":32,"key":"SMITH"},{"data":"EscapeVelocity","floor":40,"key":"SMITH"},{"data":"MasterSpark","floor":42,"key":"SMITH"},{"data":"Acceleration","floor":47,"key":"SMITH"},{"data":"ManaConvection","floor":49,"key":"SMITH"}],"circlet_count":0,"master_deck":["Strike_MRS","Strike_MRS","Strike_MRS","Strike_MRS","Defend_MRS","Defend_MRS","Defend_MRS","MasterSpark+1","UpSweep","OrrerysSun+1","ShootingEcho","ManaConvection+1","Acceleration+1","OrrerysSun+1","PulseMagic","EnergyRecoil","Parasite","Parasite","EarthLightRay+1","BinaryStars+1","GravityBeat","Orbital","WitchOfGreed+1","GalacticHalo","MagicAbsorber","ChargeUpSpray","Ghostly","Ghostly","Ghostly","Ghostly","Ghostly","DarkMatter","Acceleration+1","BinaryStars+1","EnergyFlow+1","EscapeVelocity+1","GalacticHalo","BinaryStars+1","Shame","Acceleration+1"],"relics":["MiniHakkero","MagicBroom","Ice Cream","Du-Vu Doll","Ornamental Fan","ShroomBag","Ancient Tea Set","Cursed Key","Pantograph","White Beast Statue","Blood Vial","Unceasing Top","Incense Burner","Letter Opener","Empty Cage","DollysMirror","CaptainsWheel","Red Mask","Orichalcum","CatCart"],"acts_visited":["Exordium","TheCity","TheBeyond"],"potions_floor_usage":[7,7,7,7,12,30,30,31,33,33,39],"damage_taken":[{"damage":1,"enemies":"Cultist","floor":1,"turns":3},{"damage":6,"enemies":"Jaw Worm","floor":2,"turns":3},{"damage":1,"enemies":"2 Louse","floor":3,"turns":2},{"damage":10,"enemies":"Exordium Wildlife","floor":5,"turns":4},{"damage":24,"enemies":"Lagavulin","floor":7,"turns":5},{"damage":16,"enemies":"Gremlin Nob","floor":10,"turns":4},{"damage":1,"enemies":"Looter","floor":12,"turns":3},{"damage":6,"enemies":"The Mushroom Lair","floor":13,"turns":5},{"damage":5,"enemies":"Hexaghost","floor":16,"turns":9},{"damage":10,"enemies":"3 Byrds","floor":18,"turns":6},{"damage":8,"enemies":"2 Thieves","floor":19,"turns":3},{"damage":3,"enemies":"Snake Plant","floor":22,"turns":4},{"damage":5,"enemies":"Book of Stabbing","floor":25,"turns":7},{"damage":3,"enemies":"Slavers","floor":29,"turns":7},{"damage":1,"enemies":"Colosseum Slavers","floor":30,"turns":4},{"damage":21,"enemies":"Colosseum Nobs","floor":30,"turns":5},{"damage":2,"enemies":"3 Cultists","floor":31,"turns":5},{"damage":1,"enemies":"Collector","floor":33,"turns":3},{"damage":7,"enemies":"3 Shapes","floor":35,"turns":5},{"damage":2,"enemies":"3 Darklings","floor":37,"turns":4},{"damage":0,"enemies":"Spire Growth","floor":39,"turns":3},{"damage":0,"enemies":"Jaw Worm Horde","floor":41,"turns":6},{"damage":0,"enemies":"3 Darklings","floor":44,"turns":3},{"damage":0,"enemies":"4 Shapes","floor":45,"turns":4},{"damage":0,"enemies":"Spire Growth","floor":46,"turns":4},{"damage":0,"enemies":"Orin","floor":48,"turns":8},{"damage":17,"enemies":"Awakened One","floor":50,"turns":10}],"seed_played":"2335615372324790470","potions_obtained":[{"floor":1,"key":"Explosive Potion"},{"floor":3,"key":"EntropicBrew"},{"floor":5,"key":"Strength Potion"},{"floor":22,"key":"blueLaboratory:AbyssPotion"},{"floor":25,"key":"blueLaboratory:BottleOfVodka"},{"floor":25,"key":"Energy Potion"},{"floor":29,"key":"Energy Potion"},{"floor":29,"key":"blueLaboratory:BottleOfVodka"},{"floor":30,"key":"Regen Potion"},{"floor":31,"key":"EssenceOfSteel"},{"floor":33,"key":"EssenceOfSteel"},{"floor":35,"key":"DuplicationPotion"},{"floor":37,"key":"ColorlessPotion"},{"floor":39,"key":"blueLaboratory:StoneskinPotion"},{"floor":44,"key":"Block Potion"}],"is_trial":false,"path_per_floor":["M","M","M","?","M","R","E","R","T","E","R","M","?","?","R","B",null,"M","M","$","?","M","R","?","E","T","?","R","E","?","M","R","B",null,"M","$","M","?","M","R","M","R","T","M","M","M","R","?","R","B",null],"character_chosen":"MARISA","items_purchased":["WitchOfGreed","GalacticHalo","MagicAbsorber","ChargeUpSpray","DollysMirror","CaptainsWheel"],"campfire_rested":0,"item_purchase_floors":[20,20,20,20,36,36],"current_hp_per_floor":[74,68,67,67,57,57,33,33,33,17,17,16,10,10,10,15,75,71,67,67,37,34,34,34,32,32,28,28,37,21,41,41,42,42,37,37,41,41,42,42,42,42,42,42,42,42,42,42,42,25],"gold":187,"neow_bonus":"ONE_RARE_RELIC","is_daily":false,"chose_seed":false,"campfire_upgraded":11,"win_rate":0.0,"timestamp":1609862502,"path_taken":["M","M","M","?","?","R","E","R","T","E","R","M","?","?","R","BOSS","M","M","$","?","M","R","?","E","T","?","R","E","?","M","R","BOSS","M","$","M","?","M","R","M","R","T","M","M","M","R","?","R","BOSS"],"items_purchased_type":["Card","Card","Card","Card","Relic","Relic"],"build_version":"2020-12-22","purchased_purges":2,"victory":true,"max_hp_per_floor":[75,75,75,75,75,75,75,75,75,75,75,75,75,75,75,75,75,75,75,75,37,37,37,37,37,37,42,42,42,42,42,42,42,42,42,42,42,42,42,42,42,42,42,42,42,42,42,42,42,42],"card_choices":[{"not_picked":["SuperPerseids","RefractionSpark"],"picked":"OrrerysSun","floor":1},{"not_picked":["DC","SporeBomb"],"picked":"ShootingEcho","floor":2},{"not_picked":["DC","CollectingQuirk"],"picked":"ManaConvection","floor":3},{"not_picked":["PropBag","6A"],"picked":"Acceleration","floor":5},{"not_picked":["PowerUp","ShootingEcho"],"picked":"OrrerysSun","floor":7},{"not_picked":["NonDirectionalLaser","MeteoricShower"],"picked":"PulseMagic","floor":10},{"not_picked":["IllusionStar","ShootingEcho"],"picked":"EnergyRecoil","floor":12},{"not_picked":["BlazeAway","DarkSpark"],"picked":"EarthLightRay","floor":13},{"not_picked":["UltimateShortwave","JA"],"picked":"BinaryStars","floor":16},{"not_picked":["6A","IllusionStar"],"picked":"GravityBeat","floor":18},{"not_picked":["LuminesStrike","Acceleration"],"picked":"Orbital","floor":19},{"not_picked":["SporeBomb","UnstableBomb+1"],"picked":"DarkMatter","floor":22},{"not_picked":["DC","GasGiant+1"],"picked":"Acceleration","floor":25},{"not_picked":["LuminesStrike","ShootingEcho"],"picked":"BinaryStars","floor":29},{"not_picked":["MilkyWay","MysteriousBeam+1"],"picked":"EnergyFlow+1","floor":30},{"not_picked":["OneTimeOff","GravityBeat","StarlightTyphoon"],"picked":"SKIP","floor":31},{"not_picked":["CasketOfStar","AbsoluteMagnitude"],"picked":"EscapeVelocity","floor":33},{"not_picked":["IllusionStar+1","PowerUp"],"picked":"GalacticHalo","floor":35},{"not_picked":["MilkyWay+1","Occultation","WitchOfGreed+1"],"picked":"SKIP","floor":37},{"not_picked":["DoubleSpark+1","UnstableBomb+1","AsteroidBelt"],"picked":"SKIP","floor":39},{"not_picked":["SporeBomb+1","6A+1","WitchOfGreed+1"],"picked":"SKIP","floor":41},{"not_picked":["GalacticHalo+1","SporeBomb+1","PowerUp"],"picked":"SKIP","floor":44},{"not_picked":["MysteriousBeam+1","MilkyWay+1"],"picked":"Acceleration+1","floor":45},{"not_picked":["EnergyRecoil","BinaryStars","GravityBeat"],"picked":"SKIP","floor":46}],"player_experience":342209,"relics_obtained":[{"floor":7,"key":"Ice Cream"},{"floor":9,"key":"Du-Vu Doll"},{"floor":10,"key":"Ornamental Fan"},{"floor":13,"key":"ShroomBag"},{"floor":25,"key":"White Beast Statue"},{"floor":26,"key":"Blood Vial"},{"floor":29,"key":"Unceasing Top"},{"floor":30,"key":"Incense Burner"},{"floor":30,"key":"Letter Opener"},{"floor":43,"key":"Orichalcum"},{"floor":48,"key":"CatCart"}],"event_choices":[{"damage_healed":0,"gold_gain":275,"player_choice":"Desecrate","damage_taken":0,"max_hp_gain":0,"max_hp_loss":0,"event_name":"Golden Shrine","floor":4,"gold_loss":0,"cards_obtained":["Regret"]},{"damage_healed":0,"gold_gain":0,"player_choice":"Fought Mushrooms","damage_taken":0,"max_hp_gain":0,"max_hp_loss":0,"event_name":"Mushrooms_MRS","floor":13,"gold_loss":0},{"damage_healed":0,"gold_gain":0,"player_choice":"Box","damage_taken":0,"relics_obtained":["Ancient Tea Set"],"max_hp_gain":0,"max_hp_loss":0,"event_name":"Big Fish","floor":14,"gold_loss":0,"cards_obtained":["Regret"]},{"damage_healed":0,"gold_gain":0,"player_choice":"Became a Ghost","damage_taken":0,"max_hp_gain":0,"max_hp_loss":38,"event_name":"Ghosts","floor":21,"gold_loss":0,"cards_obtained":["Ghostly","Ghostly","Ghostly","Ghostly","Ghostly"]},{"damage_healed":0,"gold_gain":0,"player_choice":"Obtained Relic","damage_taken":0,"relics_obtained":["Pantograph"],"max_hp_gain":0,"max_hp_loss":0,"event_name":"Addict","floor":24,"gold_loss":85},{"damage_healed":0,"gold_gain":0,"player_choice":"Shed Blood","damage_taken":9,"max_hp_gain":5,"max_hp_loss":0,"event_name":"Forgotten Altar","floor":27,"gold_loss":0},{"damage_healed":0,"gold_gain":0,"player_choice":"Fight","damage_taken":0,"max_hp_gain":0,"max_hp_loss":0,"event_name":"Colosseum","floor":30,"gold_loss":0},{"damage_healed":0,"gold_gain":0,"player_choice":"Fought Nobs","damage_taken":0,"max_hp_gain":0,"max_hp_loss":0,"event_name":"Colosseum","floor":30,"gold_loss":0},{"damage_healed":0,"gold_gain":0,"player_choice":"Paid","damage_taken":0,"relics_obtained":["Red Mask"],"max_hp_gain":0,"max_hp_loss":0,"event_name":"Tomb of Lord Red Mask","floor":38,"gold_loss":118},{"damage_healed":0,"gold_gain":0,"player_choice":"Fight","damage_taken":0,"max_hp_gain":0,"max_hp_loss":0,"event_name":"OrinTheCat","floor":48,"gold_loss":0}],"is_beta":false,"boss_relics":[{"not_picked":["Coffee Dripper","Busted Crown"],"picked":"Cursed Key"},{"not_picked":["Runic Dome","SacredBark"],"picked":"Empty Cage"}],"items_purged_floors":[20,36],"is_endless":false,"potions_floor_spawned":[1,3,5,22,25,29,30,31,33,35,37,39,41,44,45,46,48],"ascension_level":0}}