{"host":"dcj2yvrgcvh5dl2s","time":1609837636,"event":{"mods":["BaseMod","Better Note","Block Reminder","Colored Powertips","DeckTracker","Minty Spire (QoL Compilation)","Quick Restart","Rare Cards Sparkle","Relic Stats","StSLib"],"gold_per_floor":[110,260,260,271,271,300,1,19,94,94,105,140,151,169,169,244,244,259,10,10,27,27,27,60,60,60,79,96,112,112,11,11,11,11],"floor_reached":33,"playtime":853,"items_purged":["Doubt","Decay"],"score":589,"play_id":"7b0ff6a0-9a63-4540-9b13-f81697cec4cb","local_time":"20210105190716","is_ascension_mode":true,"campfire_choices":[{"data":"Flex","floor":10.0,"key":"SMITH"},{"floor":15.0,"key":"REST"},{"floor":23.0,"key":"REST"},{"floor":25.0,"key":"REST"},{"floor":32.0,"key":"REST"}],"circlet_count":0,"master_deck":["AscendersBane","Strike_R","Strike_R","Strike_R","Strike_R","Strike_R+1","Defend_R","Defend_R","Defend_R","Defend_R+1","Bash","Shrug It Off","Whirlwind","Thunderclap","Flex+1","Shrug It Off","Perfected Strike+1","Shrug It Off","Pummel","Fire Breathing","Carnage+1","Juggernaut","Offering","Sword Boomerang","Disarm","Berserk","Writhe","Sword Boomerang","Perfected Strike","Heavy Blade","Double Tap","Perfected Strike"],"relics":["Burning Blood","NeowsBlessing","Ancient Tea Set","Red Skull","Kunai","Prayer Wheel","Cursed Key","Whetstone","Smiling Mask","Ginger"],"acts_visited":["Exordium","TheCity"],"potions_floor_usage":[33],"damage_taken":[{"damage":0.0,"enemies":"2 Louse","floor":1.0,"turns":1.0},{"damage":0.0,"enemies":"Jaw Worm","floor":4.0,"turns":1.0},{"damage":0.0,"enemies":"Lagavulin","floor":6.0,"turns":1.0},{"damage":12.0,"enemies":"Cultist","floor":8.0,"turns":4.0},{"damage":0.0,"enemies":"Lots of Slimes","floor":11.0,"turns":2.0},{"damage":27.0,"enemies":"3 Sentries","floor":12.0,"turns":7.0},{"damage":8.0,"enemies":"Blue Slaver","floor":13.0,"turns":3.0},{"damage":7.0,"enemies":"Large Slime","floor":14.0,"turns":4.0},{"damage":48.0,"enemies":"Hexaghost","floor":16.0,"turns":9.0},{"damage":27.0,"enemies":"Spheric Guardian","floor":18.0,"turns":4.0},{"damage":16.0,"enemies":"2 Thieves","floor":21.0,"turns":3.0},{"damage":24.0,"enemies":"Book of Stabbing","floor":24.0,"turns":4.0},{"damage":30.0,"enemies":"Snecko","floor":27.0,"turns":6.0},{"damage":13.0,"enemies":"Centurion and Healer","floor":28.0,"turns":3.0},{"damage":37.0,"enemies":"Snake Plant","floor":29.0,"turns":4.0},{"damage":116,"enemies":"Collector","floor":33,"turns":9}],"seed_played":"6174693115978756686","potions_obtained":[{"floor":1.0,"key":"BlessingOfTheForge"},{"floor":6.0,"key":"FairyPotion"},{"floor":16.0,"key":"ElixirPotion"},{"floor":18.0,"key":"SneckoOil"},{"floor":21.0,"key":"FairyPotion"},{"floor":29.0,"key":"SteroidPotion"}],"is_trial":false,"path_per_floor":["M","?","?","M","?","E","$","M","T","R","M","E","M","M","R","B",null,"M","$","$","M","?","R","E","R","T","M","M","M","?","$","R","B"],"character_chosen":"IRONCLAD","items_purchased":["Red Skull","Flex","Disarm","Whetstone","Perfected Strike"],"campfire_rested":4,"item_purchase_floors":[7,7,19,19,31],"current_hp_per_floor":[74,74,51,57,57,63,63,57,57,57,63,42,40,39,61,19,61,40,40,40,30,30,52,34,56,56,32,25,16,16,16,38,0,0],"gold":11,"neow_bonus":"THREE_ENEMY_KILL","is_daily":false,"chose_seed":false,"campfire_upgraded":1,"win_rate":0.0,"timestamp":1609837636,"path_taken":["M","?","?","?","?","E","$","M","T","R","M","E","M","?","R","BOSS","M","?","$","M","?","R","E","R","T","?","M","M","?","$","R","BOSS"],"items_purchased_type":["Relic","Card","Card","Relic","Card"],"build_version":"2020-12-22","purchased_purges":2,"victory":false,"max_hp_per_floor":[75,75,75,75,75,75,75,75,75,75,75,75,75,75,75,75,75,75,75,75,75,75,75,75,75,75,75,75,75,75,75,75,75,75],"relic_stats":{"counters":[16,65],"Prayer Wheel":7,"Kunai":[9],"Whetstone":["Perfected Strike","Carnage"],"Ginger":[11],"Cursed Key":1,"Smiling Mask":50,"obtain_stats":[{"NeowsBlessing":0,"Prayer Wheel":12,"Kunai":9,"Whetstone":19,"Ginger":26,"Ancient Tea Set":6,"Cursed Key":17,"Smiling Mask":24,"Burning Blood":0,"Red Skull":7},{"NeowsBlessing":0,"Prayer Wheel":6,"Kunai":4,"Whetstone":10,"Ginger":12,"Ancient Tea Set":3,"Cursed Key":9,"Smiling Mask":12,"Burning Blood":0,"Red Skull":3},{"NeowsBlessing":0,"Prayer Wheel":16,"Kunai":7,"Whetstone":36,"Ginger":43,"Ancient Tea Set":3,"Cursed Key":32,"Smiling Mask":43,"Burning Blood":0,"Red Skull":3}],"Burning Blood":90},"card_choices":[{"not_picked":["Power Through","Thunderclap"],"picked":"Shrug It Off","floor":1.0},{"not_picked":["Sever Soul","Burning Pact"],"picked":"Whirlwind","floor":4.0},{"not_picked":["Hemokinesis","Intimidate"],"picked":"Thunderclap","floor":6.0},{"not_picked":["Clash","Headbutt"],"picked":"Shrug It Off","floor":8.0},{"not_picked":["Headbutt","Wild Strike"],"picked":"Perfected Strike","floor":11.0},{"not_picked":["Sentinel","Havoc"],"picked":"Shrug It Off","floor":12.0},{"not_picked":["Reckless Charge","Armaments"],"picked":"Pummel","floor":13.0},{"not_picked":["Warcry","Second Wind"],"picked":"Fire Breathing","floor":13.0},{"not_picked":["Pommel Strike","Iron Wave"],"picked":"Carnage","floor":14.0},{"not_picked":["Battle Trance","Iron Wave"],"picked":"Juggernaut","floor":14.0},{"not_picked":["Feed","Bludgeon"],"picked":"Offering","floor":16.0},{"not_picked":["Warcry","Entrench"],"picked":"Sword Boomerang","floor":18.0},{"not_picked":["Thunderclap","Combust","Carnage"],"picked":"SKIP","floor":18.0},{"not_picked":["Reckless Charge+1","True Grit","Warcry"],"picked":"SKIP","floor":21.0},{"not_picked":["Pommel Strike","Reckless Charge+1","Armaments"],"picked":"SKIP","floor":21.0},{"not_picked":["Flame Barrier","Rupture"],"picked":"Berserk","floor":24.0},{"not_picked":["Clothesline+1","Whirlwind","Warcry"],"picked":"SKIP","floor":27.0},{"not_picked":["Headbutt","Anger","Burning Pact+1"],"picked":"SKIP","floor":27.0},{"not_picked":["Fire Breathing+1","Second Wind"],"picked":"Sword Boomerang","floor":28.0},{"not_picked":["Perfected Strike","Thunderclap","Warcry"],"picked":"SKIP","floor":28.0},{"not_picked":["Thunderclap","Warcry"],"picked":"Perfected Strike","floor":28.0},{"not_picked":["Clothesline","Power Through"],"picked":"Heavy Blade","floor":29.0},{"not_picked":["Perfected Strike","Combust"],"picked":"Double Tap","floor":29.0}],"player_experience":2210129,"relics_obtained":[{"floor":6.0,"key":"Ancient Tea Set"},{"floor":9.0,"key":"Kunai"},{"floor":12.0,"key":"Prayer Wheel"},{"floor":24.0,"key":"Smiling Mask"},{"floor":26.0,"key":"Ginger"}],"event_choices":[{"damage_healed":0.0,"max_hp_gain":0.0,"max_hp_loss":0.0,"gold_gain":150.0,"event_name":"Liars Game","player_choice":"AGREE","floor":2.0,"gold_loss":0.0,"damage_taken":0.0,"cards_obtained":["Doubt"]},{"damage_healed":0.0,"max_hp_gain":0.0,"max_hp_loss":0.0,"gold_gain":0.0,"event_name":"Shining Light","player_choice":"Entered Light","floor":3.0,"gold_loss":0.0,"damage_taken":23.0,"cards_upgraded":["Defend_R","Strike_R"]},{"damage_healed":0.0,"max_hp_gain":0.0,"max_hp_loss":0.0,"gold_gain":0.0,"event_name":"Match and Keep!","player_choice":"0 cards matched","floor":5.0,"gold_loss":0.0,"damage_taken":0.0,"cards_obtained":[]},{"damage_healed":0.0,"max_hp_gain":0.0,"max_hp_loss":0.0,"gold_gain":0.0,"event_name":"Lab","player_choice":"Got Potions","floor":22.0,"gold_loss":0.0,"damage_taken":0.0},{"damage_healed":0.0,"max_hp_gain":0.0,"max_hp_loss":0.0,"gold_gain":0.0,"event_name":"Forgotten Altar","player_choice":"Smashed Altar","floor":30.0,"gold_loss":0.0,"damage_taken":0.0,"cards_obtained":["Decay"]}],"is_beta":false,"boss_relics":[{"not_picked":["Astrolabe","Sozu"],"picked":"Cursed Key"}],"items_purged_floors":[7,31],"is_endless":false,"potions_floor_spawned":[1,6,8,16,18,21,29],"killed_by":"Collector","ascension_level":19}}