{"host":"6jrnojxwearbrjzo","time":1609878148,"event":{"mods":["BaseMod","Minty Spire (QoL Compilation)","Shop Mod","Spicy Shops","StSLib","The Servant 0.9.4"],"gold_per_floor":[111,123,137,2,14,14,25,52,98,128,228,242,39,66,66,163,163,177,191,209,209,228,228,255,255,281,381,381,234,234,234,234,335,335,346,361,361,33,33,64,84,115,115,129,129,129,198,227,227,227],"floor_reached":51,"playtime":2573,"items_purged":["Writhe"],"score":910,"play_id":"6e698411-a17c-4011-abf6-850d2f2e3a7d","local_time":"20210106042228","is_ascension_mode":true,"campfire_choices":[{"data":"Strike_G","floor":6,"key":"SMITH"},{"data":"Dagger Spray","floor":15,"key":"SMITH"},{"data":"Doppelganger","floor":23,"key":"SMITH"},{"data":"Footwork","floor":25,"key":"SMITH"},{"floor":28,"key":"REST"},{"data":"Caltrops","floor":32,"key":"SMITH"},{"data":"Noxious Fumes","floor":46,"key":"SMITH"},{"data":"Survivor","floor":49,"key":"SMITH"}],"circlet_count":0,"master_deck":["Strike_G+1","Strike_G","Strike_G","Strike_G","Strike_G","Defend_G","Defend_G+1","Defend_G","Defend_G","Defend_G","Survivor+1","Neutralize","Acrobatics+1","Dagger Spray+1","After Image","Caltrops","Doppelganger+1","Flying Knee+1","Noxious Fumes+1","Noxious Fumes+1","Blade Dance+1","Caltrops+1","Tools of the Trade+1","Dagger Throw+1","Backstab+1","Well Laid Plans+1","Underhanded Strike+1","Blade Dance+1"],"relics":["Busted Crown","Bag of Marbles","HornCleat","War Paint","Mummified Hand","Orichalcum","MealTicket","Black Star","Incense Burner","Strawberry","Oddly Smooth Stone","Torii","Question Card","TwistedFunnel","Coffee Dripper","Shuriken","Orrery","Tingsha","Bottled Lightning","Potion Belt","Molten Egg 2","Darkstone Periapt","White Beast Statue","Bag of Preparation","Boot"],"acts_visited":["Exordium","TheCity","TheBeyond"],"potions_floor_usage":[8,8,14,14,19,27,27,48,50,50,50],"damage_taken":[{"damage":4,"enemies":"Jaw Worm","floor":1,"turns":4},{"damage":0,"enemies":"Cultist","floor":2,"turns":4},{"damage":5,"enemies":"Small Slimes","floor":3,"turns":4},{"damage":0,"enemies":"2 Fungi Beasts","floor":5,"turns":3},{"damage":10,"enemies":"Looter","floor":7,"turns":2},{"damage":8,"enemies":"Lagavulin","floor":8,"turns":3},{"damage":8,"enemies":"3 Sentries","floor":10,"turns":7},{"damage":3,"enemies":"Gremlin Gang","floor":12,"turns":4},{"damage":8,"enemies":"Gremlin Nob","floor":14,"turns":4},{"damage":18,"enemies":"The Guardian","floor":16,"turns":12},{"damage":0,"enemies":"Shell Parasite","floor":18,"turns":6},{"damage":4,"enemies":"2 Thieves","floor":19,"turns":3},{"damage":13,"enemies":"Sentry and Sphere","floor":20,"turns":6},{"damage":2,"enemies":"Snecko","floor":22,"turns":5},{"damage":23,"enemies":"Book of Stabbing","floor":24,"turns":6},{"damage":16,"enemies":"Colosseum Slavers","floor":27,"turns":4},{"damage":16,"enemies":"Colosseum Nobs","floor":27,"turns":5},{"damage":39,"enemies":"Collector","floor":33,"turns":9},{"damage":0,"enemies":"Orb Walker","floor":35,"turns":4},{"damage":37,"enemies":"3 Darklings","floor":36,"turns":5},{"damage":19,"enemies":"Reptomancer","floor":40,"turns":5},{"damage":1,"enemies":"Jaw Worm Horde","floor":41,"turns":3},{"damage":1,"enemies":"Nemesis","floor":42,"turns":5},{"damage":21,"enemies":"Spire Growth","floor":44,"turns":4},{"damage":0,"enemies":"Giant Head","floor":48,"turns":6},{"damage":1,"enemies":"Donu and Deca","floor":50,"turns":7}],"seed_played":"3594956759508455330","potions_obtained":[{"floor":2,"key":"SkillPotion"},{"floor":3,"key":"ColorlessPotion"},{"floor":12,"key":"Regen Potion"},{"floor":16,"key":"Energy Potion"},{"floor":18,"key":"EssenceOfSteel"},{"floor":22,"key":"Weak Potion"},{"floor":40,"key":"Energy Potion"},{"floor":41,"key":"PowerPotion"},{"floor":42,"key":"BlessingOfTheForge"},{"floor":44,"key":"Energy Potion"},{"floor":48,"key":"Explosive Potion"}],"is_trial":false,"path_per_floor":["M","M","M","$","M","R","M","E","T","E","?","M","$","E","R","B",null,"M","M","M","$","M","R","E","R","T","?","R","$","?","?","R","B",null,"M","M","?","$","?","E","M","E","T","M","$","R","T","E","R","B",null],"character_chosen":"THE_SILENT","items_purchased":["Bag of Marbles","Orichalcum","Strength Potion","TwistedFunnel","Shuriken","Orrery"],"campfire_rested":1,"item_purchase_floors":[4,13,13,29,38,38],"current_hp_per_floor":[66,66,61,61,61,61,51,43,43,35,35,32,32,36,36,18,70,70,66,53,68,66,66,50,50,50,18,41,56,56,56,56,17,77,77,40,40,55,55,36,35,34,34,13,28,28,28,28,28,27],"gold":227,"neow_bonus":"BOSS_RELIC","is_daily":false,"chose_seed":false,"campfire_upgraded":7,"win_rate":0.0,"timestamp":1609878148,"path_taken":["M","M","M","$","M","R","M","E","T","E","?","M","$","E","R","BOSS","M","M","M","$","?","R","E","R","T","?","R","$","?","?","R","BOSS","M","?","?","$","?","E","?","E","T","M","?","R","?","E","R","BOSS"],"items_purchased_type":["Relic","Relic","Potion","Relic","Relic","Relic"],"build_version":"2020-12-22","purchased_purges":1,"victory":true,"max_hp_per_floor":[70,70,70,70,70,70,70,70,70,70,70,70,70,70,70,70,70,70,70,70,70,70,70,77,77,77,77,77,77,77,77,77,77,77,77,77,77,77,77,77,77,77,77,77,77,77,77,77,77,77],"card_choices":[{"not_picked":["PiercingWail"],"picked":"SKIP","floor":1},{"not_picked":["Blur"],"picked":"SKIP","floor":2},{"not_picked":[],"picked":"Acrobatics","floor":3},{"not_picked":["Acrobatics"],"picked":"SKIP","floor":5},{"not_picked":[],"picked":"Dagger Spray","floor":7},{"not_picked":["Bane"],"picked":"SKIP","floor":8},{"not_picked":[],"picked":"After Image","floor":10},{"not_picked":["Poisoned Stab"],"picked":"SKIP","floor":12},{"not_picked":[],"picked":"Caltrops","floor":14},{"not_picked":[],"picked":"Doppelganger","floor":16},{"not_picked":[],"picked":"Flying Knee+1","floor":18},{"not_picked":["Deflect"],"picked":"SKIP","floor":19},{"not_picked":[],"picked":"Noxious Fumes","floor":20},{"not_picked":[],"picked":"Noxious Fumes+1","floor":22},{"not_picked":[],"picked":"Footwork","floor":24},{"not_picked":[],"picked":"Blade Dance","floor":27},{"not_picked":["Die Die Die"],"picked":"Tools of the Trade","floor":33},{"not_picked":["Outmaneuver+1","Endless Agony+1"],"picked":"SKIP","floor":35},{"not_picked":["Dodge and Roll"],"picked":"Dagger Throw+1","floor":36},{"not_picked":["Dodge and Roll+1"],"picked":"Backstab+1","floor":40},{"not_picked":["Backflip+1"],"picked":"Well Laid Plans+1","floor":41},{"not_picked":["Blade Dance+1","Outmaneuver+1"],"picked":"SKIP","floor":42},{"not_picked":["Poisoned Stab+1"],"picked":"Underhanded Strike+1","floor":44},{"not_picked":["Deflect+1"],"picked":"Blade Dance+1","floor":48}],"player_experience":11687,"relics_obtained":[{"floor":8,"key":"HornCleat"},{"floor":9,"key":"War Paint"},{"floor":10,"key":"Mummified Hand"},{"floor":14,"key":"MealTicket"},{"floor":24,"key":"Incense Burner"},{"floor":24,"key":"Strawberry"},{"floor":26,"key":"Oddly Smooth Stone"},{"floor":27,"key":"Torii"},{"floor":27,"key":"Question Card"},{"floor":40,"key":"Tingsha"},{"floor":40,"key":"Bottled Lightning"},{"floor":42,"key":"Potion Belt"},{"floor":42,"key":"Molten Egg 2"},{"floor":43,"key":"Darkstone Periapt"},{"floor":47,"key":"White Beast Statue"},{"floor":48,"key":"Bag of Preparation"},{"floor":48,"key":"Boot"}],"event_choices":[{"damage_healed":0,"gold_gain":100,"player_choice":"Pray","damage_taken":0,"max_hp_gain":0,"max_hp_loss":0,"event_name":"Golden Shrine","floor":11,"gold_loss":0},{"damage_healed":0,"gold_gain":0,"player_choice":"Fight","damage_taken":0,"max_hp_gain":0,"max_hp_loss":0,"event_name":"Colosseum","floor":27,"gold_loss":0},{"damage_healed":0,"gold_gain":0,"player_choice":"Fought Nobs","damage_taken":0,"max_hp_gain":0,"max_hp_loss":0,"event_name":"Colosseum","floor":27,"gold_loss":0},{"damage_healed":0,"gold_gain":0,"player_choice":"Read","damage_taken":0,"max_hp_gain":0,"max_hp_loss":0,"event_name":"The Library","floor":30,"gold_loss":0,"cards_obtained":["Caltrops"]},{"damage_healed":0,"gold_gain":0,"player_choice":"Forge","damage_taken":0,"max_hp_gain":0,"max_hp_loss":0,"event_name":"Accursed Blacksmith","floor":31,"gold_loss":0,"cards_upgraded":["Blade Dance"]},{"cards_removed":["Footwork"],"damage_healed":0,"gold_gain":0,"player_choice":"Removed Power","damage_taken":0,"max_hp_gain":0,"max_hp_loss":0,"event_name":"Falling","floor":37,"gold_loss":0},{"damage_healed":0,"gold_gain":0,"player_choice":"Upgraded","damage_taken":0,"max_hp_gain":0,"max_hp_loss":0,"event_name":"Upgrade Shrine","floor":39,"gold_loss":0,"cards_upgraded":["Tools of the Trade"]}],"is_beta":false,"boss_relics":[{"not_picked":["SlaversCollar","Tiny House"],"picked":"Black Star"},{"not_picked":["Sozu","Cursed Key"],"picked":"Coffee Dripper"}],"items_purged_floors":[4],"is_endless":false,"potions_floor_spawned":[2,3,12,16,18,22,40,41,42,44,48],"ascension_level":1}}