{"host":"sxnl403xm2xmiyj1","time":1609834229,"event":{"mods":["BaseMod","Colored Map","Keyboard Shortcuts","Lobotomy","Minty Spire (QoL Compilation)","Quick Restart","StSLib","SuperFastMode"],"gold_per_floor":[114,132,142,142,154,154,184,259,286,286,304,304,315,325,325,430,430,446,446,459,518,538,538,42,103,103,103,116,145,145,160,160,160,160],"floor_reached":33,"playtime":1313,"items_purged":["Strike_R"],"score":398,"play_id":"45d45bda-e903-4f51-b10b-870661f88518","local_time":"20210105171029","is_ascension_mode":false,"campfire_choices":[{"data":"Sword Boomerang","floor":6,"key":"SMITH"},{"data":"Heavy Blade","floor":12,"key":"SMITH"},{"data":"Fire Breathing","floor":15,"key":"SMITH"},{"data":"Barricade","floor":23,"key":"SMITH"},{"data":"Limit Break","floor":27,"key":"SMITH"},{"data":"Heavy Blade","floor":32,"key":"SMITH"}],"circlet_count":0,"master_deck":["Strike_R","Strike_R","Strike_R","Defend_R","Defend_R","Defend_R","Defend_R","Bash","Twin Strike","OldLady","Pommel Strike","GreedKing","Sword Boomerang+1","QueenBee","Sword Boomerang","UniverseFragment","Heavy Blade+1","OSAHOGD","Fire Breathing+1","LongBird","Battle Trance","SpiderBud","Barricade+1","VoidDream","True Grit","BigBird","Limit Break+1","RedShoes","Power Through+1","Scarecrow","Clothesline","Murderer","Offering","Sword Boomerang","Pommel Strike","BlackArmy","Heavy Blade+1","DreamingCurrent","Rampage+1","Variant","Bloodbath","Flex"],"relics":["Black Blood","CogitoBucket","Toy Ornithopter","Strawberry","Theresia","ChangeAnything","Eternal Feather","Pear","Anchor","AtMidnight","FleshIdol"],"acts_visited":["Exordium","TheCity"],"potions_floor_usage":[11,14,16,20,20,20,28,31,31,31,31,31],"damage_taken":[{"damage":11,"enemies":"Jaw Worm","floor":1,"turns":2},{"damage":4,"enemies":"Small Slimes","floor":2,"turns":3},{"damage":6,"enemies":"2 Louse","floor":3,"turns":2},{"damage":8,"enemies":"Lots of Slimes","floor":5,"turns":3},{"damage":10,"enemies":"3 Sentries","floor":7,"turns":5},{"damage":10,"enemies":"3 Louse","floor":11,"turns":3},{"damage":5,"enemies":"Red Slaver","floor":13,"turns":2},{"damage":0,"enemies":"Blue Slaver","floor":14,"turns":2},{"damage":5,"enemies":"Slime Boss","floor":16,"turns":5},{"damage":36,"enemies":"Shell Parasite","floor":18,"turns":6},{"damage":48,"enemies":"Chosen","floor":20,"turns":6},{"damage":28,"enemies":"Snecko","floor":21,"turns":5},{"damage":11,"enemies":"Sentry and Sphere","floor":22,"turns":5},{"damage":31,"enemies":"Cultist and Chosen","floor":25,"turns":6},{"damage":31,"enemies":"Centurion and Healer","floor":28,"turns":9},{"damage":91,"enemies":"Slavers","floor":29,"turns":8},{"damage":242,"enemies":"Shelled Parasite and Fungi","floor":31,"turns":27},{"damage":98,"enemies":"Automaton","floor":33,"turns":6}],"seed_played":"-2805420195035219609","potions_obtained":[{"floor":1,"key":"BloodPotion"},{"floor":5,"key":"Strength Potion"},{"floor":11,"key":"Block Potion"},{"floor":13,"key":"Dexterity Potion"},{"floor":14,"key":"CultistPotion"},{"floor":16,"key":"Regen Potion"},{"floor":20,"key":"Dexterity Potion"},{"floor":21,"key":"LiquidMemories"},{"floor":29,"key":"EntropicBrew"}],"is_trial":false,"path_per_floor":["M","M","M","?","M","R","E","?","T","?","M","R","M","M","R","B",null,"M","?","M","M","M","R","$","M","T","R","M","E","?","M","R","B"],"character_chosen":"IRONCLAD","items_purchased":["Offering","Eternal Feather","Sword Boomerang"],"campfire_rested":0,"item_purchase_floors":[24,24,24],"current_hp_per_floor":[75,77,77,82,80,80,76,65,72,72,73,73,74,92,92,92,92,68,68,62,46,51,51,51,36,46,67,68,40,40,21,45,0,0],"gold":160,"neow_bonus":"","is_daily":false,"chose_seed":false,"campfire_upgraded":6,"win_rate":0.0,"timestamp":1609834229,"path_taken":["M","M","M","?","M","R","E","?","T","?","M","R","M","M","R","BOSS","M","?","M","M","M","R","$","M","T","R","?","E","?","M","R","BOSS"],"items_purchased_type":["Card","Relic","Card"],"build_version":"2020-12-22","purchased_purges":1,"victory":false,"max_hp_per_floor":[80,80,80,85,85,85,85,85,92,92,92,92,92,92,92,92,92,92,92,92,92,92,92,92,92,102,102,102,102,102,102,102,102,102],"card_choices":[{"not_picked":["Second Wind","Rupture"],"picked":"Twin Strike","floor":1},{"not_picked":["WallGazer","Scorched"],"picked":"OldLady","floor":1},{"not_picked":["Clash","Twin Strike","Pommel Strike"],"picked":"SKIP","floor":2},{"not_picked":["Clash","Twin Strike"],"picked":"Pommel Strike","floor":2},{"not_picked":["CherryBlossoms","MeatLantern"],"picked":"GreedKing","floor":2},{"not_picked":["Warcry","Headbutt"],"picked":"Sword Boomerang","floor":3},{"not_picked":["BigBadWolf","VoidDream"],"picked":"QueenBee","floor":3},{"not_picked":["Headbutt","Dual Wield"],"picked":"Sword Boomerang","floor":5},{"not_picked":["Rudolta","VoidDream"],"picked":"UniverseFragment","floor":5},{"not_picked":["Disarm","Intimidate"],"picked":"Heavy Blade","floor":7},{"not_picked":["FairyFestival","Scorched","ShyLook"],"picked":"Singing Bowl","floor":7},{"not_picked":["CherryBlossoms","ShyLook"],"picked":"OSAHOGD","floor":7},{"not_picked":["Cleave","Infernal Blade"],"picked":"Fire Breathing","floor":11},{"not_picked":["Woodsman","SnowQueen"],"picked":"LongBird","floor":11},{"not_picked":["Thunderclap","Body Slam"],"picked":"Battle Trance","floor":13},{"not_picked":["BigBadWolf","QueenOfHatred"],"picked":"SpiderBud","floor":14},{"not_picked":["Evolve","Berserk","Anger"],"picked":"SKIP","floor":14},{"not_picked":["Brutality","Exhume"],"picked":"Barricade","floor":16},{"not_picked":["CherryBlossoms","LittleHelper"],"picked":"VoidDream","floor":16},{"not_picked":["Flame Barrier","Headbutt"],"picked":"True Grit","floor":18},{"not_picked":["WallGazer","MeatLantern"],"picked":"BigBird","floor":18},{"not_picked":["Flex","Sword Boomerang+1"],"picked":"Limit Break","floor":20},{"not_picked":["MHz","WallGazer"],"picked":"RedShoes","floor":20},{"not_picked":["Carnage","Seeing Red"],"picked":"Power Through+1","floor":21},{"not_picked":["BeautyBeast","MeltingLove"],"picked":"Scarecrow","floor":21},{"not_picked":["Armaments","Hemokinesis+1"],"picked":"Clothesline","floor":22},{"not_picked":["MHz","SingingMachine"],"picked":"Murderer","floor":22},{"not_picked":["Havoc","Iron Wave"],"picked":"Pommel Strike","floor":25},{"not_picked":["Scorched","SingingMachine","FairyFestival"],"picked":"Singing Bowl","floor":25},{"not_picked":["MeatLantern","HeroicMonk"],"picked":"BlackArmy","floor":25},{"not_picked":["Headbutt","Flex"],"picked":"Heavy Blade","floor":28},{"not_picked":["Freischutz","ShyLook"],"picked":"DreamingCurrent","floor":28},{"not_picked":["Flex","Clash"],"picked":"Rampage+1","floor":29},{"not_picked":["SnowQueen","FairyFestival"],"picked":"Variant","floor":29},{"not_picked":["Freischutz","SnowQueen"],"picked":"Bloodbath","floor":31},{"not_picked":["Wild Strike","Burning Pact+1"],"picked":"Flex","floor":31}],"player_experience":153390,"relics_obtained":[{"floor":7,"key":"Toy Ornithopter"},{"floor":9,"key":"Strawberry"},{"floor":26,"key":"Pear"},{"floor":29,"key":"Anchor"},{"floor":31,"key":"AtMidnight"}],"event_choices":[{"damage_healed":0,"gold_gain":0,"player_choice":"Donut","damage_taken":0,"max_hp_gain":5,"max_hp_loss":0,"event_name":"Big Fish","floor":4,"gold_loss":0},{"damage_healed":0,"gold_gain":75,"player_choice":"Gather Gold","damage_taken":11,"max_hp_gain":0,"max_hp_loss":0,"event_name":"World of Goop","floor":8,"gold_loss":0},{"cards_removed":["Strike_R"],"damage_healed":0,"gold_gain":0,"player_choice":"Forget","damage_taken":0,"max_hp_gain":0,"max_hp_loss":0,"event_name":"Living Wall","floor":10,"gold_loss":0},{"damage_healed":0,"gold_gain":0,"player_choice":"Ignored","damage_taken":0,"max_hp_gain":0,"max_hp_loss":0,"event_name":"Ghosts","floor":19,"gold_loss":0},{"damage_healed":0,"gold_gain":0,"player_choice":"Ignored","damage_taken":0,"max_hp_gain":0,"max_hp_loss":0,"event_name":"N\u0027loth","floor":30,"gold_loss":0}],"is_beta":false,"boss_relics":[{"not_picked":["Empty Cage","Philosopher\u0027s Stone"],"picked":"Black Blood"}],"items_purged_floors":[24],"is_endless":false,"potions_floor_spawned":[1,5,11,13,14,16,20,21,29],"killed_by":"Automaton","ascension_level":0}}