{"host":"0nfdmr2b19ur4mbc","time":1609867231,"event":{"mods":["2.2 Compatiblity","AchievementEnabler","Aspiration","BaseMod","Better Match","Better Note","Better Third Choice","Better Vampires","Disable Question Mark Monsters","Googly Eyes","Hubris","Infinite Spire","Minty Spire (QoL Compilation)","Quick Restart","Rare Cards Sparkle","Replay The Spire","StSLib"],"gold_per_floor":[118,118,118,118,118,118,136,161,235,247,247,259,259,278,278,278,278],"floor_reached":16,"playtime":387,"items_purged":[],"score":125,"play_id":"059239d3-c024-4fcc-85c4-b402f544be30","local_time":"20210105182031","is_ascension_mode":false,"campfire_choices":[{"data":"Bash","floor":6,"key":"SMITH"},{"data":"Entrench","floor":15,"key":"SMITH"}],"circlet_count":0,"master_deck":["Strike_R+1","Strike_R+1","Strike_R+1","Strike_R+1","Strike_R+1","Defend_R","Defend_R","Defend_R","Defend_R+1","Bash+1","Flame Barrier+1","Disarm","Impervious+1","Entrench+1","Perfected Strike"],"relics":["Burning Blood","NeowsBlessing","infinitespire:FocusingShard","Replay:Bottled Eggs"],"acts_visited":["Exordium"],"potions_floor_usage":[],"damage_taken":[{"damage":0,"enemies":"Small Slimes","floor":1,"turns":1},{"damage":0,"enemies":"2 Louse","floor":7,"turns":1},{"damage":0,"enemies":"Lagavulin","floor":8,"turns":1},{"damage":1,"enemies":"Cultist","floor":10,"turns":3},{"damage":15,"enemies":"Blue Slaver","floor":12,"turns":4},{"damage":6,"enemies":"3 Louse","floor":14,"turns":3},{"damage":67,"enemies":"Fading Forest","floor":16,"turns":10}],"seed_played":"-4011614110189126815","potions_obtained":[],"is_trial":false,"path_per_floor":["M","?","?","?","?","R","M","E","T","M","$","M","?","M","R","B"],"character_chosen":"IRONCLAD","items_purchased":[],"campfire_rested":0,"item_purchase_floors":[],"current_hp_per_floor":[80,80,80,80,80,80,80,80,80,80,80,71,55,55,55,0,0],"gold":278,"neow_bonus":"THREE_ENEMY_KILL","is_daily":false,"chose_seed":false,"campfire_upgraded":2,"win_rate":0.0,"timestamp":1609867231,"path_taken":["M","?","?","?","?","R","M","E","T","?","$","M","?","M","R","BOSS"],"items_purchased_type":[],"build_version":"2020-12-22","purchased_purges":0,"victory":false,"max_hp_per_floor":[80,80,80,80,80,80,80,80,80,80,80,80,80,80,80,80,80],"card_choices":[{"not_picked":["Body Slam","hubris:ReadiedAction"],"picked":"Flame Barrier","floor":1},{"not_picked":["Combust","Replay:Undeath\u0027s Touch","Dark Embrace"],"picked":"SKIP","floor":7},{"not_picked":["Flex","Life Link"],"picked":"Disarm","floor":8},{"not_picked":["Twin Strike","Evolve"],"picked":"Impervious","floor":10},{"not_picked":["Clothesline","ReplayReversal"],"picked":"Entrench","floor":12},{"not_picked":["Sword Boomerang","Anger"],"picked":"Perfected Strike","floor":14}],"player_experience":150426,"relics_obtained":[{"floor":8,"key":"infinitespire:FocusingShard"},{"floor":9,"key":"Replay:Bottled Eggs"}],"event_choices":[{"damage_healed":0,"gold_gain":0,"player_choice":"Bought 0 Potions","damage_taken":0,"max_hp_gain":0,"max_hp_loss":0,"event_name":"The Woman in Blue","floor":5,"gold_loss":0},{"damage_healed":71,"gold_gain":0,"player_choice":"Upgrade","damage_taken":16,"max_hp_gain":0,"max_hp_loss":80,"event_name":"betterThird:BetterShining","floor":13,"gold_loss":0,"cards_upgraded":["Defend_R","Impervious"]}],"is_beta":false,"boss_relics":[],"items_purged_floors":[],"is_endless":false,"potions_floor_spawned":[],"killed_by":"Fading Forest","ascension_level":0}}