{"host":"00f1p9ihhzi7hxfk","time":1609851407,"event":{"mods":["BaseMod","Colored Map","Colored Powertips","Minty Spire (QoL Compilation)","Rare Cards Sparkle","Relic Stats"],"gold_per_floor":[118,143,143,143,162,191,210,223,223,234,234,17,17,17,17,17,17],"floor_reached":16,"playtime":750,"items_purged":[],"score":100,"play_id":"23776f61-1749-43c1-9eff-d03df53223f0","local_time":"20210105135647","is_ascension_mode":false,"campfire_choices":[{"data":"Unload","floor":11,"key":"SMITH"},{"floor":15,"key":"REST"}],"circlet_count":0,"master_deck":["Strike_G","Strike_G","Strike_G","Strike_G","Strike_G","Defend_G+1","Defend_G","Defend_G","Defend_G","Defend_G","Survivor+1","Neutralize","Dash+1","Deadly Poison","Bane","Blade Dance","Bane","Unload+1","PanicButton","Deadly Poison"],"relics":["Sozu","Juzu Bracelet","Unceasing Top","War Paint","Membership Card","Golden Idol"],"acts_visited":["Exordium"],"potions_floor_usage":[],"damage_taken":[{"damage":0,"enemies":"Cultist","floor":1,"turns":4},{"damage":0,"enemies":"2 Louse","floor":5,"turns":2},{"damage":34,"enemies":"Gremlin Nob","floor":6,"turns":6},{"damage":9,"enemies":"Small Slimes","floor":7,"turns":3},{"damage":5,"enemies":"2 Fungi Beasts","floor":8,"turns":2},{"damage":0,"enemies":"3 Louse","floor":10,"turns":3},{"damage":46,"enemies":"Slime Boss","floor":16,"turns":9}],"seed_played":"-3590970397381939160","potions_obtained":[],"is_trial":false,"path_per_floor":["M","T","?","?","M","E","M","M","T","M","R","$","?","$","R","B"],"character_chosen":"THE_SILENT","items_purchased":["Membership Card","PanicButton","Deadly Poison"],"campfire_rested":1,"item_purchase_floors":[12,12,12],"current_hp_per_floor":[70,70,70,70,70,36,27,22,22,22,22,22,22,22,41,0,0],"gold":17,"neow_bonus":"BOSS_RELIC","is_daily":false,"chose_seed":false,"campfire_upgraded":1,"win_rate":0.0,"timestamp":1609851407,"path_taken":["M","?","?","?","M","E","M","M","T","M","R","?","?","?","R","BOSS"],"items_purchased_type":["Relic","Card","Card"],"build_version":"2020-12-22","purchased_purges":0,"victory":false,"max_hp_per_floor":[70,70,70,70,70,70,70,70,70,70,70,70,65,65,65,65,65],"relic_stats":{"Sozu":2,"counters":[7,29],"Golden Idol":0,"Juzu Bracelet":0,"War Paint":["Survivor","Defend_G"],"obtain_stats":[{"Sozu":0,"Golden Idol":13,"Juzu Bracelet":2,"Membership Card":12,"War Paint":9,"Unceasing Top":6,"Ring of the Snake":0},{"Sozu":0,"Golden Idol":6,"Juzu Bracelet":1,"Membership Card":6,"War Paint":5,"Unceasing Top":3,"Ring of the Snake":0},{"Sozu":0,"Golden Idol":20,"Juzu Bracelet":4,"Membership Card":20,"War Paint":17,"Unceasing Top":12,"Ring of the Snake":0}],"Unceasing Top":[11]},"card_choices":[{"not_picked":["Acrobatics","Blade Dance"],"picked":"Dash","floor":1},{"not_picked":["Acrobatics","Dodge and Roll"],"picked":"Deadly Poison","floor":5},{"not_picked":["Quick Slash","Sucker Punch"],"picked":"Bane","floor":6},{"not_picked":["Infinite Blades","Outmaneuver"],"picked":"Blade Dance","floor":7},{"not_picked":["Poisoned Stab","Flying Knee"],"picked":"Bane","floor":8},{"not_picked":["Flying Knee","Outmaneuver"],"picked":"Unload","floor":10}],"player_experience":48832,"relics_obtained":[{"floor":2,"key":"Juzu Bracelet"},{"floor":6,"key":"Unceasing Top"},{"floor":9,"key":"War Paint"}],"event_choices":[{"damage_healed":0,"gold_gain":0,"player_choice":"Grow","damage_taken":0,"max_hp_gain":0,"max_hp_loss":0,"event_name":"Living Wall","floor":3,"gold_loss":0,"cards_upgraded":["Dash"]},{"damage_healed":23,"gold_gain":0,"player_choice":"Banana","damage_taken":0,"max_hp_gain":0,"max_hp_loss":0,"event_name":"Big Fish","floor":4,"gold_loss":0},{"damage_healed":0,"gold_gain":0,"player_choice":"Lose Max HP","damage_taken":0,"relics_obtained":["Golden Idol"],"max_hp_gain":0,"max_hp_loss":5,"event_name":"Golden Idol","floor":13,"gold_loss":0}],"is_beta":false,"boss_relics":[],"items_purged_floors":[],"is_endless":false,"potions_floor_spawned":[5,8],"killed_by":"Slime Boss","ascension_level":0}}