{"host":"dn6kke80v5f7isus","time":1609812619,"event":{"mods":["AchievementEnabler","Act Like it!","BaseMod","Colored Powertips","Custom Start","Defuse TimeMaze Blight","Downfall","Duelist Mod","Gremlin Skip","Highlight Path","Hubris","Infinite Spire","Minty Spire (QoL Compilation)","Rare Cards Sparkle","Replay The Spire","StSLib","The Cursed","Uncapped"],"gold_per_floor":[143,143,218,233,233,233,261,40,92,119,119,149,71,82,82,183,183,194,72,90,100,125,125,152,152,152,152,24,24,24],"floor_reached":29,"playtime":1540,"items_purged":["theDuelist:SummoningCurse"],"score":338,"play_id":"165695e0-236d-4db2-9ab6-4dae93786f3a","local_time":"20210104211019","is_ascension_mode":true,"campfire_choices":[{"data":"theDuelist:BlizzardWarrior","floor":6,"key":"SMITH"},{"floor":15,"key":"REST"},{"data":"theDuelist:InvitationDarkSleep","floor":23,"key":"SMITH"},{"data":"theDuelist:PowerKaishin","floor":25,"key":"SMITH"}],"circlet_count":0,"master_deck":["theDuelist:CastleWalls","theDuelist:CastleWalls","theDuelist:DarkMagician","theDuelist:MysticalElf+1","theDuelist:MysticalElf","theDuelist:NeoMagic","theDuelist:NeoMagic","theDuelist:Sparks","theDuelist:Sparks","theDuelist:Sparks","theDuelist:BlizzardWarrior+1","theDuelist:StatueAnguishPattern","theDuelist:MagiciansRod","theDuelist:WingedKuriboh","theDuelist:InvitationDarkSleep+1","theDuelist:SilentDoom","theDuelist:IrisEarthMother","theDuelist:RainbowKuriboh","theDuelist:PowerKaishin+1","theDuelist:WhiteMagicalHat","theDuelist:RainbowKuriboh","theDuelist:PowerKaishin+1","theDuelist:MagiciansRod","hubris:Insight"],"relics":["theDuelist:MillenniumPuzzle","theDuelist:CardPoolRelic","theDuelist:CardPoolBasicRelic","theDuelist:BoosterPackPoolRelic","theDuelist:CardPoolAddRelic","theDuelist:CardPoolMinusRelic","theDuelist:CardPoolSaveRelic","theDuelist:CardPoolOptionsRelic","ReplayTheSpireMod:Spearhead","infinitespire:PuzzleCube","Red Skull","theDuelist:ShopToken","theDuelist:MillenniumArmor","theDuelist:DuelistLetterOpener","Centennial Puzzle","hubris:Backtick","The Courier","Chemical X","Blood Vial","Strawberry","theDuelist:MerchantNecklace","ReplayTheSpireMod:CursedCoin","theDuelist:DuelistOrichalcum"],"acts_visited":["Exordium","TheCity"],"potions_floor_usage":[16,24,24],"damage_taken":[{"damage":0,"enemies":"Jaw Worm","floor":1,"turns":3},{"damage":0,"enemies":"2 Louse","floor":4,"turns":2},{"damage":8,"enemies":"Lagavulin","floor":7,"turns":8},{"damage":0,"enemies":"Gremlin Nob","floor":10,"turns":6},{"damage":0,"enemies":"Cultist","floor":14,"turns":5},{"damage":0,"enemies":"Fading Forest","floor":16,"turns":11},{"damage":1,"enemies":"Spheric Guardian","floor":18,"turns":7},{"damage":2,"enemies":"Shell Parasite","floor":20,"turns":5},{"damage":4,"enemies":"Shelled Parasite and Fungi","floor":21,"turns":7},{"damage":10,"enemies":"theDuelist:KaibaA2","floor":24,"turns":6},{"damage":20,"enemies":"Centurion and Healer","floor":29,"turns":8}],"seed_played":"5806075889905995995","potions_obtained":[{"floor":4,"key":"Energy Potion"},{"floor":16,"key":"theDuelist:EarthBottle"},{"floor":18,"key":"theDuelist:FireBottle"},{"floor":24,"key":"sneckomod:MuddlingPotion"}],"is_trial":false,"path_per_floor":["M","?","?","M","?","R","E","$","T","E","T","?","$","M","R","B",null,"M","$","M","M","T","R","E","R","T","?","$","M"],"character_chosen":"THE_DUELIST","items_purchased":["theDuelist:ShopToken","theDuelist:MagiciansRod","theDuelist:WingedKuriboh","theDuelist:SilentDoom","Chemical X","ReplayTheSpireMod:CursedCoin","theDuelist:MagiciansRod","theDuelist:DuelistOrichalcum","hubris:Insight"],"campfire_rested":1,"item_purchase_floors":[8,8,8,13,19,28,28,28,28],"current_hp_per_floor":[80,73,62,62,62,62,54,54,54,54,54,54,54,54,78,80,80,79,79,77,73,73,73,72,72,72,72,72,54,54],"gold":24,"neow_bonus":"UPGRADE_CARD","is_daily":false,"chose_seed":false,"campfire_upgraded":3,"win_rate":0.0,"timestamp":1609812619,"path_taken":["M","?","?","M","?","R","E","$","T","E","?","?","?","?","R","BOSS","M","$","M","M","?","R","E","R","T","?","?","M"],"items_purchased_type":["Relic","Card","Card","Card","Relic","Relic","Card","Relic","Card"],"build_version":"2020-12-22","purchased_purges":1,"victory":false,"max_hp_per_floor":[80,80,80,80,80,80,80,80,80,80,80,80,80,80,80,80,80,80,80,80,80,80,80,87,87,87,87,87,87,87],"card_choices":[{"not_picked":["theDuelist:NeoMagic","theDuelist:LordD","theDuelist:AltarTribute","theDuelist:WonderWand"],"picked":"theDuelist:BlizzardWarrior","floor":1},{"not_picked":["theDuelist:ExodiaNecross","theDuelist:ExodiaRL","theDuelist:ExodiaRA","theDuelist:ExodiaLL","theDuelist:ExodiaHead"],"picked":"SKIP","floor":4},{"not_picked":["theDuelist:DarkHorizon","theDuelist:AltarTribute","theDuelist:BadReaction","theDuelist:Graverobber"],"picked":"theDuelist:StatueAnguishPattern","floor":7},{"not_picked":["theDuelist:SangaEarth","theDuelist:BlueDragonSummoner","theDuelist:CircleFireKings","theDuelist:ContractExodia"],"picked":"theDuelist:InvitationDarkSleep","floor":10},{"not_picked":["theDuelist:RainbowDarkDragon","theDuelist:RainbowMagician","theDuelist:RainbowKuriboh","theDuelist:RainbowOverdragon"],"picked":"theDuelist:IrisEarthMother","floor":14},{"not_picked":["theDuelist:RainbowDarkDragon","theDuelist:IrisEarthMother","theDuelist:RainbowMagician","theDuelist:RainbowOverdragon"],"picked":"theDuelist:RainbowKuriboh","floor":16},{"not_picked":["theDuelist:DarkMagician","theDuelist:MysticalElf+1","theDuelist:WhiteMagicalHat","theDuelist:LegendaryExodia"],"picked":"theDuelist:PowerKaishin","floor":18},{"not_picked":["theDuelist:InjectionFairy","theDuelist:NeoMagic","theDuelist:SpellShatteringArrow","theDuelist:OnslaughtFireKings"],"picked":"theDuelist:WhiteMagicalHat","floor":20},{"not_picked":["theDuelist:RainbowDarkDragon+1","theDuelist:IrisEarthMother","theDuelist:RainbowMagician","theDuelist:RainbowOverdragon"],"picked":"theDuelist:RainbowKuriboh","floor":21},{"not_picked":["theDuelist:DarkMagician","theDuelist:AncientElf","theDuelist:ExodiaRL","theDuelist:MysticalElf"],"picked":"theDuelist:PowerKaishin+1","floor":24}],"player_experience":526700,"relics_obtained":[{"floor":5,"key":"infinitespire:PuzzleCube"},{"floor":7,"key":"Red Skull"},{"floor":9,"key":"theDuelist:MillenniumArmor"},{"floor":10,"key":"theDuelist:DuelistLetterOpener"},{"floor":22,"key":"Blood Vial"},{"floor":24,"key":"Strawberry"},{"floor":26,"key":"theDuelist:MerchantNecklace"}],"event_choices":[{"damage_healed":0,"gold_gain":0,"player_choice":"Success","damage_taken":7,"relics_obtained":["ReplayTheSpireMod:Spearhead"],"max_hp_gain":0,"max_hp_loss":0,"event_name":"Scrap Ooze","floor":2,"gold_loss":0},{"damage_healed":0,"gold_gain":75,"player_choice":"Gather Gold","damage_taken":11,"max_hp_gain":0,"max_hp_loss":0,"event_name":"World of Goop","floor":3,"gold_loss":0},{"damage_healed":0,"gold_gain":30,"player_choice":"Searched \u00273\u0027 times","damage_taken":0,"relics_obtained":["Centennial Puzzle"],"max_hp_gain":0,"max_hp_loss":0,"event_name":"Dead Adventurer","floor":12,"gold_loss":0},{"damage_healed":0,"gold_gain":0,"player_choice":"Ignored","damage_taken":0,"max_hp_gain":0,"max_hp_loss":0,"event_name":"Vampires","floor":27,"gold_loss":0}],"is_beta":false,"boss_relics":[{"not_picked":["Abe\u0027s Treasure","Painkiller Herb"],"picked":"hubris:Backtick"}],"items_purged_floors":[28],"is_endless":false,"potions_floor_spawned":[4,16,18,24],"killed_by":"Centurion and Healer","ascension_level":1}}