{"host":"l2dnabsh5e0fsksb","time":1609810169,"event":{"mods":["2.2 Compatiblity","BaseMod","Downfall","Minty Spire (QoL Compilation)","Quick Restart","StSLib"],"gold_per_floor":[99,116,116,116,130,155,190,217,243,283,13,13,13],"floor_reached":12,"playtime":531,"items_purged":[],"score":101,"play_id":"6a6d13bd-2e7f-472a-abad-70139612abf9","local_time":"20210105115929","is_ascension_mode":true,"campfire_choices":[{"floor":1,"key":"RECALL"}],"circlet_count":0,"master_deck":["champ:Strike","champ:Strike","champ:Strike","champ:Strike","champ:Defend","champ:Defend","champ:Defend","champ:Defend","champ:Execute","champ:Taunt","champ:Backstep","Regret","champ:Riposte","champ:FlashCut","champ:DeathBlow","champ:Duel","champ:RisingSlash","champ:DefensiveShout","champ:FlashCut"],"relics":["champ:ChampionCrown","Pen Nib","Pantograph","MawBank","Toy Ornithopter","Ancient Tea Set","Toxic Egg 2"],"acts_visited":["Exordium"],"potions_floor_usage":[8,10,10],"damage_taken":[{"damage":18,"enemies":"Jaw Worm","floor":2,"turns":5},{"damage":7,"enemies":"Small Slimes","floor":5,"turns":4},{"damage":62,"enemies":"3 Sentries","floor":6,"turns":11},{"damage":5,"enemies":"Cultist","floor":8,"turns":3},{"damage":10,"enemies":"Gremlin Gang","floor":9,"turns":2},{"damage":64,"enemies":"Lagavulin","floor":10,"turns":8},{"damage":6,"enemies":"downfall:FleeingMerchant","floor":11,"turns":4},{"damage":64,"enemies":"Gremlin Nob","floor":12,"turns":4}],"seed_played":"2422952291923676884","potions_obtained":[{"floor":2,"key":"Swift Potion"},{"floor":4,"key":"FairyPotion"},{"floor":4,"key":"Regen Potion"},{"floor":4,"key":"Guardian:BlockOnCardUsePotion"},{"floor":8,"key":"sneckomod:MuddlingPotion"}],"is_trial":false,"path_per_floor":["R","M","?","?","M","E","T","M","M","E","$","E"],"character_chosen":"THE_CHAMP","items_purchased":["Toxic Egg 2","champ:FlashCut"],"campfire_rested":0,"item_purchase_floors":[11,11],"current_hp_per_floor":[90,82,82,82,80,28,28,42,42,42,41,0,0,0],"gold":13,"neow_bonus":"RANDOM_COMMON_RELIC","is_daily":false,"chose_seed":false,"campfire_upgraded":0,"win_rate":0.0,"timestamp":1609810169,"path_taken":["R","M","?","?","?","E","T","M","?","E","$","E"],"items_purchased_type":["Relic","Card"],"build_version":"2020-12-22","purchased_purges":0,"victory":false,"max_hp_per_floor":[90,90,90,90,90,90,90,90,90,90,90,90,90,90],"card_choices":[{"not_picked":["champ:PerfectedStrike","champ:Haymaker"],"picked":"champ:Backstep","floor":2},{"not_picked":["champ:RageSigil","champ:SwordSigil"],"picked":"champ:Riposte","floor":5},{"not_picked":["champ:BladeFlurry","champ:FaceSlap"],"picked":"champ:FlashCut","floor":6},{"not_picked":["champ:StanceDance","champ:EnGarde"],"picked":"champ:DeathBlow","floor":8},{"not_picked":["champ:SwordSigil","champ:RecklessLeap"],"picked":"champ:Duel","floor":9},{"not_picked":["champ:RageSigil","champ:BladeFlurry"],"picked":"champ:RisingSlash","floor":10},{"not_picked":["champ:ArenaPreparation","champ:BladeFlurry"],"picked":"champ:DefensiveShout","floor":11}],"player_experience":1735332,"relics_obtained":[{"floor":6,"key":"MawBank"},{"floor":7,"key":"Toy Ornithopter"},{"floor":10,"key":"Ancient Tea Set"}],"event_choices":[{"damage_healed":0,"gold_gain":0,"player_choice":"Box","damage_taken":0,"relics_obtained":["Pantograph"],"max_hp_gain":0,"max_hp_loss":0,"event_name":"Big Fish","floor":3,"gold_loss":0,"cards_obtained":["Regret"]},{"damage_healed":0,"gold_gain":0,"player_choice":"Got Potions","damage_taken":0,"max_hp_gain":0,"max_hp_loss":0,"event_name":"Lab","floor":4,"gold_loss":0}],"is_beta":false,"boss_relics":[],"items_purged_floors":[],"is_endless":false,"potions_floor_spawned":[2,8],"killed_by":"Gremlin Nob","ascension_level":3}}