{"host":"aeidq2c3auzxo1yh","time":1609864093,"event":{"mods":["AchievementEnabler","BaseMod","Colored Map","Colored Powertips","Minty Spire (QoL Compilation)","Relic Stats","StSLib"],"gold_per_floor":[112,37,37,37,57,57,57,86,168,184,184,198,213,240,240,311,311,330,330,119,119,136,162,162,187,240,270,283,314,328,35,35,106,106,120,133,150,21,35,64,64,64,64],"floor_reached":42,"playtime":3555,"items_purged":["Regret","Bite","Defend_G"],"score":1182,"play_id":"af21c98f-2c8b-4474-882c-2e97a9b75441","local_time":"20210105212813","is_ascension_mode":true,"campfire_choices":[{"data":"Neutralize","floor":6.0,"key":"SMITH"},{"data":"Bane","floor":11.0,"key":"SMITH"},{"data":"Noxious Fumes","floor":15,"key":"SMITH"},{"data":"Doppelganger","floor":24,"key":"SMITH"},{"data":"Leg Sweep","floor":32,"key":"SMITH"},{"data":"After Image","floor":41,"key":"SMITH"}],"circlet_count":0,"master_deck":["AscendersBane","Defend_G","Defend_G","Defend_G","Survivor","Neutralize+1","Deadly Poison","Flying Knee","Bane+1","Acrobatics","Noxious Fumes+1","Leg Sweep+1","Doppelganger+1","Bane+1","Bite","Bite","Bite","Bite","Dark Shackles","Caltrops+1","Backstab+1","Footwork","After Image+1","Crippling Poison","Deadly Poison","Die Die Die","Cloak And Dagger","Backflip","Acrobatics"],"relics":["Ring of the Snake","NeowsBlessing","FossilizedHelix","FaceOfCleric","Smiling Mask","Mercury Hourglass","Sundial","Philosopher\u0027s Stone","Pear","Dream Catcher","Strawberry","Potion Belt","Pantograph","OrangePellets","Black Star","Pen Nib","Prayer Wheel"],"acts_visited":["Exordium","TheCity","TheBeyond"],"potions_floor_usage":[16,23,23,29,33,33,33,40,42],"damage_taken":[{"damage":0.0,"enemies":"2 Louse","floor":1.0,"turns":1.0},{"damage":0.0,"enemies":"Jaw Worm","floor":5.0,"turns":1.0},{"damage":0.0,"enemies":"Gremlin Nob","floor":8.0,"turns":1.0},{"damage":0.0,"enemies":"Cultist","floor":10.0,"turns":2.0},{"damage":0.0,"enemies":"Looter","floor":12.0,"turns":2.0},{"damage":0,"enemies":"2 Fungi Beasts","floor":13,"turns":3},{"damage":7,"enemies":"3 Sentries","floor":14,"turns":5},{"damage":12,"enemies":"Hexaghost","floor":16,"turns":9},{"damage":35,"enemies":"2 Thieves","floor":18,"turns":3},{"damage":0,"enemies":"Spheric Guardian","floor":22,"turns":5},{"damage":0,"enemies":"Gremlin Leader","floor":23,"turns":5},{"damage":21,"enemies":"Book of Stabbing","floor":25,"turns":4},{"damage":39,"enemies":"Gremlin Leader","floor":27,"turns":6},{"damage":3,"enemies":"3 Cultists","floor":28,"turns":5},{"damage":11,"enemies":"Book of Stabbing","floor":29,"turns":4},{"damage":4,"enemies":"Cultist and Chosen","floor":30,"turns":5},{"damage":85,"enemies":"Champ","floor":33,"turns":10},{"damage":18,"enemies":"3 Darklings","floor":35,"turns":4},{"damage":0,"enemies":"Orb Walker","floor":36,"turns":4},{"damage":31,"enemies":"Jaw Worm Horde","floor":37,"turns":5},{"damage":1,"enemies":"Spire Growth","floor":39,"turns":6},{"damage":4,"enemies":"Nemesis","floor":40,"turns":7},{"damage":68,"enemies":"Reptomancer","floor":42,"turns":4}],"seed_played":"2659667993537129311","potions_obtained":[{"floor":5.0,"key":"Poison Potion"},{"floor":12.0,"key":"CunningPotion"},{"floor":27,"key":"LiquidBronze"},{"floor":28,"key":"DuplicationPotion"},{"floor":29,"key":"Swift Potion"},{"floor":40,"key":"Regen Potion"}],"is_trial":false,"path_per_floor":["M","?","?","?","M","R","?","E","T","M","R","M","M","E","R","B",null,"M","?","$","?","M","E","R","E","T","E","M","E","M","$","R","B",null,"M","M","M","$","M","E","R","E"],"character_chosen":"THE_SILENT","items_purchased":["Dark Shackles","BlessingOfTheForge","OrangePellets","Deadly Poison","PowerPotion","DistilledChaos"],"campfire_rested":0,"item_purchase_floors":[20,20,31,31,31,38],"current_hp_per_floor":[59,59,59,59,60,60,60,61,61,62,62,63,64,58,58,47,67,33,33,33,20,35,60,60,52,59,37,49,47,52,52,52,3,62,47,52,30,30,40,47,47,0,0],"gold":64,"neow_bonus":"THREE_ENEMY_KILL","is_daily":false,"chose_seed":false,"campfire_upgraded":6,"win_rate":0.0,"timestamp":1609864093,"path_taken":["M","?","?","?","?","R","?","E","T","M","R","M","M","E","R","BOSS","M","?","$","?","M","E","R","E","T","E","M","E","M","$","R","BOSS","M","M","M","$","M","E","R","E"],"items_purchased_type":["Card","Potion","Relic","Card","Potion","Potion"],"build_version":"2020-12-22","purchased_purges":3,"victory":false,"max_hp_per_floor":[66,66,66,66,67,67,67,68,68,69,69,70,71,72,72,73,73,74,51,51,56,57,68,68,69,76,77,78,79,80,80,80,81,81,82,83,84,84,85,86,86,86,86],"relic_stats":{"counters":[23,100],"Pen Nib":[0],"Smiling Mask":150,"Mercury Hourglass":[371],"OrangePellets":[6],"Dream Catcher":0,"FaceOfCleric":21,"Sundial":[12],"Pantograph":25,"Prayer Wheel":0,"Black Star":1,"obtain_stats":[{"Potion Belt":27,"Pear":23,"NeowsBlessing":0,"Pen Nib":40,"Smiling Mask":8,"Mercury Hourglass":9,"OrangePellets":31,"Dream Catcher":25,"FaceOfCleric":4,"Sundial":14,"Strawberry":26,"Pantograph":29,"Philosopher\u0027s Stone":17,"Prayer Wheel":40,"Black Star":34,"FossilizedHelix":3,"Ring of the Snake":0},{"Potion Belt":13,"Pear":11,"NeowsBlessing":0,"Pen Nib":22,"Smiling Mask":3,"Mercury Hourglass":3,"OrangePellets":16,"Dream Catcher":12,"FaceOfCleric":1,"Sundial":7,"Strawberry":12,"Pantograph":15,"Philosopher\u0027s Stone":8,"Prayer Wheel":22,"Black Star":17,"FossilizedHelix":1,"Ring of the Snake":0},{"Potion Belt":47,"Pear":37,"NeowsBlessing":0,"Pen Nib":96,"Smiling Mask":3,"Mercury Hourglass":3,"OrangePellets":61,"Dream Catcher":41,"FaceOfCleric":1,"Sundial":15,"Strawberry":41,"Pantograph":56,"Philosopher\u0027s Stone":24,"Prayer Wheel":96,"Black Star":71,"FossilizedHelix":1,"Ring of the Snake":0}],"Ring of the Snake":[46]},"card_choices":[{"not_picked":["Blade Dance","Outmaneuver"],"picked":"Deadly Poison","floor":1.0},{"not_picked":["PiercingWail","Sucker Punch"],"picked":"Flying Knee","floor":5.0},{"not_picked":["Dodge and Roll","Cloak And Dagger"],"picked":"Bane","floor":8.0},{"not_picked":["Storm of Steel","Underhanded Strike"],"picked":"Acrobatics","floor":10.0},{"not_picked":["Prepared","Blade Dance"],"picked":"Noxious Fumes","floor":12.0},{"not_picked":["Dagger Throw","Backflip"],"picked":"Leg Sweep","floor":13},{"not_picked":["Outmaneuver","Phantasmal Killer","Dodge and Roll"],"picked":"SKIP","floor":14},{"not_picked":["A Thousand Cuts","Grand Finale"],"picked":"Doppelganger","floor":16},{"not_picked":["Dagger Throw","Flying Knee"],"picked":"Bane+1","floor":18},{"not_picked":["Quick Slash","Sucker Punch"],"picked":"Caltrops+1","floor":22},{"not_picked":["Slice","A Thousand Cuts","Deflect"],"picked":"SKIP","floor":23},{"not_picked":["PiercingWail","Heel Hook"],"picked":"Backstab+1","floor":25},{"not_picked":["Dagger Spray","Distraction"],"picked":"Footwork","floor":27},{"not_picked":["Bane","Slice","All Out Attack"],"picked":"SKIP","floor":28},{"not_picked":["Prepared+1","Well Laid Plans"],"picked":"After Image","floor":29},{"not_picked":["Underhanded Strike","Acrobatics+1"],"picked":"Crippling Poison","floor":30},{"not_picked":["Storm of Steel","Tools of the Trade"],"picked":"Die Die Die","floor":33},{"not_picked":["Predator+1","All Out Attack+1"],"picked":"Cloak And Dagger","floor":35},{"not_picked":["Underhanded Strike","Expertise"],"picked":"Backflip","floor":36},{"not_picked":["Endless Agony","Dagger Throw","Dodge and Roll"],"picked":"SKIP","floor":37},{"not_picked":["Noxious Fumes","Expertise","Masterful Stab"],"picked":"SKIP","floor":39},{"not_picked":["Dodge and Roll","Outmaneuver"],"picked":"Acrobatics","floor":40}],"player_experience":885849,"relics_obtained":[{"floor":8.0,"key":"Smiling Mask"},{"floor":9.0,"key":"Mercury Hourglass"},{"floor":14,"key":"Sundial"},{"floor":23,"key":"Pear"},{"floor":25,"key":"Dream Catcher"},{"floor":26,"key":"Strawberry"},{"floor":27,"key":"Potion Belt"},{"floor":29,"key":"Pantograph"},{"floor":40,"key":"Pen Nib"},{"floor":40,"key":"Prayer Wheel"}],"event_choices":[{"cards_removed":["Defend_G"],"damage_healed":0.0,"max_hp_gain":0.0,"max_hp_loss":0.0,"gold_gain":0.0,"event_name":"The Cleric","player_choice":"Card Removal","floor":2.0,"gold_loss":75.0,"damage_taken":0.0},{"damage_healed":0.0,"max_hp_gain":0.0,"max_hp_loss":0.0,"gold_gain":0.0,"event_name":"Big Fish","player_choice":"Box","floor":3.0,"gold_loss":0.0,"damage_taken":0.0,"relics_obtained":["FossilizedHelix"],"cards_obtained":["Regret"]},{"damage_healed":0.0,"max_hp_gain":0.0,"max_hp_loss":0.0,"gold_gain":0.0,"event_name":"FaceTrader","player_choice":"Trade","floor":4.0,"gold_loss":0.0,"damage_taken":0.0,"relics_obtained":["FaceOfCleric"]},{"damage_healed":0.0,"max_hp_gain":0.0,"max_hp_loss":0.0,"gold_gain":0.0,"event_name":"Liars Game","player_choice":"Ignored","floor":7.0,"gold_loss":0.0,"damage_taken":0.0},{"damage_healed":0,"gold_gain":0,"player_choice":"Became a vampire","damage_taken":0,"max_hp_gain":0,"max_hp_loss":23,"event_name":"Vampires","floor":19,"gold_loss":0,"cards_obtained":["Bite","Bite","Bite","Bite","Bite"]},{"damage_healed":0,"gold_gain":0,"player_choice":"Shed Blood","damage_taken":18,"max_hp_gain":5,"max_hp_loss":0,"event_name":"Forgotten Altar","floor":21,"gold_loss":0}],"is_beta":false,"boss_relics":[{"not_picked":["Calling Bell","Sozu"],"picked":"Philosopher\u0027s Stone"},{"not_picked":["Runic Dome","Snecko Eye"],"picked":"Black Star"}],"items_purged_floors":[20,31,38],"is_endless":false,"potions_floor_spawned":[5,12,14,22,27,28,29,40],"killed_by":"Reptomancer","ascension_level":20}}