{"host":"840yoaz69lavfcgt","time":1609835158,"event":{"mods":["BaseMod","Colored Powertips","DeckTracker","Highlight Path","Minty Spire (QoL Compilation)","Synergy Search"],"gold_per_floor":[119,119,119,142,15,15,50,50,50,75,90,21,21,39,39,170,170,183,98,113,1,1,25,43,43,70,108,108,123,123,123],"floor_reached":30,"playtime":3642,"items_purged":[],"score":248,"play_id":"ee06518b-f749-4fbf-92ed-7a6a2aa8d15f","local_time":"20210105032558","is_ascension_mode":false,"campfire_choices":[{"data":"Aggregate","floor":6,"key":"SMITH"},{"floor":8,"key":"REST"},{"data":"Thunder Strike","floor":15,"key":"SMITH"},{"floor":25,"key":"REST"}],"circlet_count":0,"master_deck":["Strike_B","Strike_B","Strike_B","Defend_B","Defend_B","Defend_B","Defend_B","Zap","Dualcast","Barrage","Genetic Algorithm","Aggregate+1","Stack","Beam Cell","Rebound","Streamline","White Noise","Conserve Battery","Steam","Thunder Strike+1","Machine Learning","Go for the Eyes+1","Sunder","Rip and Tear","Melter","Aggregate","Steam","Conserve Battery+1","Steam"],"relics":["Cracked Core","Golden Idol","FossilizedHelix","Eternal Feather","Odd Mushroom","Centennial Puzzle","Inserter","Sundial","Dream Catcher","White Beast Statue","Pocketwatch"],"acts_visited":["Exordium","TheCity"],"potions_floor_usage":[7,16,29,30,30,30],"damage_taken":[{"damage":4,"enemies":"Jaw Worm","floor":1,"turns":4},{"damage":8,"enemies":"Small Slimes","floor":4,"turns":3},{"damage":22,"enemies":"Lagavulin","floor":7,"turns":6},{"damage":10,"enemies":"The Mushroom Lair","floor":10,"turns":4},{"damage":0,"enemies":"2 Louse","floor":11,"turns":2},{"damage":0,"enemies":"Large Slime","floor":14,"turns":4},{"damage":25,"enemies":"The Guardian","floor":16,"turns":12},{"damage":6,"enemies":"Chosen","floor":18,"turns":6},{"damage":17,"enemies":"Shell Parasite","floor":20,"turns":7},{"damage":14,"enemies":"Snake Plant","floor":23,"turns":5},{"damage":10,"enemies":"Sentry and Sphere","floor":24,"turns":3},{"damage":33,"enemies":"Book of Stabbing","floor":27,"turns":6},{"damage":0,"enemies":"Chosen and Byrds","floor":29,"turns":6},{"damage":34,"enemies":"Gremlin Leader","floor":30,"turns":6}],"seed_played":"5350758802683709158","potions_obtained":[{"floor":1,"key":"PowerPotion"},{"floor":14,"key":"PowerPotion"},{"floor":16,"key":"LiquidBronze"},{"floor":18,"key":"Explosive Potion"},{"floor":27,"key":"Swift Potion"},{"floor":29,"key":"ColorlessPotion"}],"is_trial":false,"path_per_floor":["M","?","?","M","$","R","E","R","T","?","M","$","?","M","R","B",null,"M","?","M","$","?","M","M","R","T","E","T","M","E"],"character_chosen":"DEFECT","items_purchased":["Stack","Beam Cell","Rebound","Barrage","Steam","Rip and Tear","Melter"],"campfire_rested":2,"item_purchase_floors":[5,5,5,12,12,21,21],"current_hp_per_floor":[71,71,64,56,56,56,34,56,56,46,46,46,46,46,58,33,75,69,69,52,52,45,31,21,58,58,25,25,25,0,0],"gold":123,"neow_bonus":"TRANSFORM_CARD","is_daily":false,"chose_seed":false,"campfire_upgraded":2,"win_rate":0.0,"timestamp":1609835158,"path_taken":["M","?","?","M","$","R","E","R","T","?","M","$","?","?","R","BOSS","M","?","M","?","?","?","M","R","T","E","?","M","E"],"items_purchased_type":["Card","Card","Card","Card","Card","Card","Card"],"build_version":"2020-12-22","purchased_purges":0,"victory":false,"max_hp_per_floor":[75,75,75,75,75,75,75,75,75,75,75,75,75,75,75,75,75,75,75,75,75,75,75,75,75,75,75,75,75,75,75],"card_choices":[{"not_picked":["Cold Snap","Steam"],"picked":"Genetic Algorithm","floor":1},{"not_picked":["Go for the Eyes","Reinforced Body"],"picked":"Aggregate","floor":4},{"not_picked":["Genetic Algorithm","Go for the Eyes"],"picked":"Streamline","floor":7},{"not_picked":["Steam","Stack"],"picked":"White Noise","floor":10},{"not_picked":["Leap","Redo"],"picked":"Conserve Battery","floor":11},{"not_picked":["Cold Snap","Conserve Battery"],"picked":"Thunder Strike","floor":14},{"not_picked":["Amplify","Meteor Strike"],"picked":"Machine Learning","floor":16},{"not_picked":["Reprogram","Steam Power"],"picked":"Go for the Eyes+1","floor":18},{"not_picked":["Coolheaded+1","Compile Driver"],"picked":"Sunder","floor":20},{"not_picked":["Turbo","Cold Snap"],"picked":"Aggregate","floor":23},{"not_picked":["FTL","Hyperbeam"],"picked":"Steam","floor":24},{"not_picked":["Electrodynamics","Rebound+1"],"picked":"Conserve Battery+1","floor":27},{"not_picked":["Barrage","Double Energy"],"picked":"Steam","floor":29}],"player_experience":147653,"relics_obtained":[{"floor":7,"key":"FossilizedHelix"},{"floor":9,"key":"Eternal Feather"},{"floor":10,"key":"Odd Mushroom"},{"floor":26,"key":"Dream Catcher"},{"floor":27,"key":"White Beast Statue"},{"floor":28,"key":"Pocketwatch"}],"event_choices":[{"damage_healed":0,"gold_gain":0,"player_choice":"Take Wound","damage_taken":0,"relics_obtained":["Golden Idol"],"max_hp_gain":0,"max_hp_loss":0,"event_name":"Golden Idol","floor":2,"gold_loss":0,"cards_obtained":["Injury"]},{"cards_removed":["Injury"],"damage_healed":0,"gold_gain":0,"player_choice":"Card Removal","damage_taken":7,"max_hp_gain":0,"max_hp_loss":0,"event_name":"Golden Wing","floor":3,"gold_loss":0},{"damage_healed":0,"gold_gain":0,"player_choice":"Fought Mushrooms","damage_taken":0,"max_hp_gain":0,"max_hp_loss":0,"event_name":"Mushrooms","floor":10,"gold_loss":0},{"cards_removed":["Barrage"],"damage_healed":0,"gold_gain":0,"player_choice":"Gave Card","damage_taken":0,"relics_obtained":["Centennial Puzzle"],"max_hp_gain":0,"max_hp_loss":0,"event_name":"WeMeetAgain","floor":13,"gold_loss":0},{"damage_healed":0,"gold_gain":0,"player_choice":"Obtained Relic","damage_taken":0,"relics_obtained":["Sundial"],"max_hp_gain":0,"max_hp_loss":0,"event_name":"Addict","floor":19,"gold_loss":85},{"damage_healed":0,"gold_gain":0,"player_choice":"Damaged","damage_taken":7,"max_hp_gain":0,"max_hp_loss":0,"event_name":"Wheel of Change","floor":22,"gold_loss":0}],"is_beta":false,"boss_relics":[{"not_picked":["Sozu","Ectoplasm"],"picked":"Inserter"}],"items_purged_floors":[],"is_endless":false,"potions_floor_spawned":[1,14,16,18,27,29],"killed_by":"Gremlin Leader","ascension_level":0}}