{"host":"njcl8kinlkfw245p","time":1609875734,"event":{"mods":["BaseMod","Block Reminder","Colored Map","KinomotoSakuraMod(????)","Minty Spire (QoL Compilation)","StSLib","The Senshi"],"gold_per_floor":[119,138,138,63,63,63,92,105,129,129,157,169,195,209,209,305,305,321,321,338,338,93,93,121,133,168,180,227,239,269,293,305,420,432,463,485,545,573,172,172,172,202,228,228,228,228,240,264,264,264,264],"floor_reached":50,"playtime":3963,"items_purged":["Normality"],"score":634,"play_id":"026bf4d2-e58b-4e5c-9b3c-5d7a5b59c75f","local_time":"20210105114214","is_ascension_mode":true,"campfire_choices":[{"data":"Berserk","floor":6.0,"key":"SMITH"},{"floor":10.0,"key":"REST"},{"data":"Metallicize","floor":15.0,"key":"SMITH"},{"data":"Barricade","floor":23.0,"key":"SMITH"},{"data":"Body Slam","floor":25.0,"key":"SMITH"},{"data":"Entrench","floor":27.0,"key":"SMITH"},{"floor":32.0,"key":"REST"},{"floor":40.0,"key":"REST"},{"data":"Body Slam","floor":44.0,"key":"SMITH"},{"floor":46.0,"key":"RECALL"},{"data":"Enlightenment","floor":49.0,"key":"SMITH"}],"circlet_count":0,"master_deck":["Strike_R+1","Strike_R+1","Strike_R+1","Defend_R+1","Defend_R+1","Defend_R+1","Bash","Impervious+1","Impervious+1","Whirlwind+1","Dual Wield","Rampage+1","Berserk+1","Metallicize+1","Warcry","Demon Form","Shrug It Off","Shockwave","Barricade+1","Entrench+1","Body Slam+1","Armaments+1","Clothesline+1","Reaper","Body Slam+1","Body Slam+1","Madness","Madness","Rage","Enlightenment+1","Double Tap"],"relics":["Astrolabe","PreservedInsect","Pen Nib","Centennial Puzzle","Strawberry","Philosopher\u0027s Stone","Matryoshka","MawBank","Darkstone Periapt","Bag of Marbles","Potion Belt","Black Star","Prayer Wheel","Singing Bowl","Art of War","Lantern","Whetstone","Toy Ornithopter","theSenshi:SailorFukuRelic"],"acts_visited":["Exordium","TheCity","TheBeyond"],"potions_floor_usage":[50],"damage_taken":[{"damage":2.0,"enemies":"Jaw Worm","floor":1.0,"turns":3.0},{"damage":1.0,"enemies":"Cultist","floor":2.0,"turns":4.0},{"damage":18.0,"enemies":"Lagavulin","floor":7.0,"turns":7.0},{"damage":15.0,"enemies":"Small Slimes","floor":8.0,"turns":3.0},{"damage":5.0,"enemies":"Gremlin Nob","floor":11.0,"turns":4.0},{"damage":0.0,"enemies":"2 Fungi Beasts","floor":12.0,"turns":2.0},{"damage":4.0,"enemies":"3 Sentries","floor":13.0,"turns":2.0},{"damage":5.0,"enemies":"Large Slime","floor":14.0,"turns":5.0},{"damage":10.0,"enemies":"Hexaghost","floor":16.0,"turns":7.0},{"damage":19.0,"enemies":"Shell Parasite","floor":18.0,"turns":6.0},{"damage":0.0,"enemies":"Spheric Guardian","floor":20.0,"turns":8.0},{"damage":13.0,"enemies":"Gremlin Leader","floor":24.0,"turns":8.0},{"damage":2.0,"enemies":"Book of Stabbing","floor":28.0,"turns":4.0},{"damage":25.0,"enemies":"Centurion and Healer","floor":30.0,"turns":6.0},{"damage":25.0,"enemies":"Shelled Parasite and Fungi","floor":31.0,"turns":6.0},{"damage":27.0,"enemies":"Champ","floor":33.0,"turns":9.0},{"damage":19.0,"enemies":"3 Shapes","floor":35.0,"turns":4.0},{"damage":15.0,"enemies":"Orb Walker","floor":36.0,"turns":5.0},{"damage":15.0,"enemies":"2 Orb Walkers","floor":37.0,"turns":6.0},{"damage":30.0,"enemies":"Jaw Worm Horde","floor":38.0,"turns":10.0},{"damage":0.0,"enemies":"Reptomancer","floor":42.0,"turns":2.0},{"damage":22.0,"enemies":"4 Shapes","floor":47.0,"turns":6.0},{"damage":49,"enemies":"Time Eater","floor":50,"turns":3}],"seed_played":"6653531514735633437","potions_obtained":[{"floor":1.0,"key":"ColorlessPotion"},{"floor":7.0,"key":"PowerPotion"},{"floor":11.0,"key":"SteroidPotion"},{"floor":16.0,"key":"Dexterity Potion"},{"floor":30.0,"key":"AttackPotion"},{"floor":33.0,"key":"BlessingOfTheForge"},{"floor":35.0,"key":"HeartOfIron"},{"floor":38.0,"key":"AttackPotion"},{"floor":42.0,"key":"SkillPotion"}],"is_trial":false,"path_per_floor":["M","M","?","$","$","R","E","M","T","R","E","M","E","M","R","B",null,"M","?","M","?","$","R","E","R","T","R","E","?","M","M","R","B",null,"M","M","?","M","$","R","?","E","T","R","?","R","M","T","R","B"],"character_chosen":"IRONCLAD","items_purchased":["Matryoshka","Singing Bowl","Art of War"],"campfire_rested":3,"item_purchase_floors":[22,39,39],"current_hp_per_floor":[78,77,77,77,77,77,59,44,44,68,63,63,66,61,61,51,87,68,68,68,68,68,68,55,55,55,55,53,53,28,3,29,2,87,68,53,42,36,36,62,51,51,51,51,51,51,40,40,40,0,0],"gold":264,"neow_bonus":"BOSS_RELIC","is_daily":false,"chose_seed":false,"campfire_upgraded":7,"win_rate":0.0,"timestamp":1609875734,"path_taken":["M","M","?","?","$","R","E","?","T","R","E","M","E","M","R","BOSS","M","?","M","?","$","R","E","R","T","R","E","?","?","M","R","BOSS","M","M","?","M","$","R","?","E","T","R","?","R","M","?","R","BOSS"],"items_purchased_type":["Relic","Relic","Relic"],"build_version":"2020-12-22","purchased_purges":1,"victory":false,"max_hp_per_floor":[80,80,80,80,80,80,80,80,80,80,80,80,87,87,87,87,87,87,87,87,87,87,87,87,87,87,87,87,87,87,87,87,87,87,87,87,87,87,87,87,87,87,87,87,87,87,89,89,89,89,89],"card_choices":[{"not_picked":["Whirlwind","Rupture"],"picked":"Dual Wield","floor":1.0},{"not_picked":["Iron Wave","Dual Wield"],"picked":"Rampage","floor":2.0},{"not_picked":["Clothesline","Intimidate"],"picked":"Metallicize","floor":7.0},{"not_picked":["Clash","True Grit"],"picked":"Warcry","floor":8.0},{"not_picked":["Rampage","Clash"],"picked":"Demon Form","floor":11.0},{"not_picked":["Evolve","Disarm"],"picked":"Shrug It Off","floor":12.0},{"not_picked":["Headbutt","Sword Boomerang"],"picked":"Shockwave","floor":13.0},{"not_picked":["Fire Breathing","Iron Wave","Flex"],"picked":"SKIP","floor":14.0},{"not_picked":["Limit Break","Offering"],"picked":"Barricade","floor":16.0},{"not_picked":["Armaments","True Grit"],"picked":"Entrench","floor":18.0},{"not_picked":["Combust","Anger","Perfected Strike+1"],"picked":"SKIP","floor":20.0},{"not_picked":["Sword Boomerang","Brutality"],"picked":"Armaments+1","floor":24.0},{"not_picked":["Twin Strike","Brutality"],"picked":"Clothesline","floor":28.0},{"not_picked":["Pummel","Thunderclap","Rampage"],"picked":"SKIP","floor":30.0},{"not_picked":["Infernal Blade","Clothesline+1","Clash"],"picked":"SKIP","floor":31.0},{"not_picked":["Demon Form","Impervious"],"picked":"Reaper","floor":33.0},{"not_picked":["Headbutt","Clash","Wild Strike"],"picked":"SKIP","floor":35.0},{"not_picked":["Ghostly Armor","Rupture","Headbutt"],"picked":"SKIP","floor":36.0},{"not_picked":["Dual Wield","Perfected Strike+1"],"picked":"Body Slam","floor":38.0},{"not_picked":["Shrug It Off","Perfected Strike+1"],"picked":"Body Slam+1","floor":38.0},{"not_picked":["Cleave+1","Iron Wave"],"picked":"Rage","floor":42.0},{"not_picked":["Mind Blast","Impatience"],"picked":"Enlightenment","floor":45.0},{"not_picked":["Sword Boomerang+1","Carnage+1"],"picked":"Double Tap","floor":47.0},{"not_picked":["Sword Boomerang","Clash","Blood for Blood"],"picked":"Singing Bowl","floor":47.0}],"player_experience":884242,"relics_obtained":[{"floor":7.0,"key":"PreservedInsect"},{"floor":9.0,"key":"Pen Nib"},{"floor":11.0,"key":"Centennial Puzzle"},{"floor":13.0,"key":"Strawberry"},{"floor":24.0,"key":"MawBank"},{"floor":26.0,"key":"Darkstone Periapt"},{"floor":26.0,"key":"Bag of Marbles"},{"floor":28.0,"key":"Potion Belt"},{"floor":37.0,"key":"Prayer Wheel"},{"floor":42.0,"key":"Lantern"},{"floor":42.0,"key":"Whetstone"},{"floor":43.0,"key":"Toy Ornithopter"},{"floor":48.0,"key":"theSenshi:SailorFukuRelic"}],"event_choices":[{"damage_healed":0.0,"max_hp_gain":0.0,"max_hp_loss":0.0,"gold_gain":0.0,"event_name":"Match and Keep!","player_choice":"2 cards matched","floor":3.0,"gold_loss":0.0,"damage_taken":0.0,"cards_obtained":["Normality","Berserk"]},{"damage_healed":0.0,"max_hp_gain":0.0,"max_hp_loss":0.0,"gold_gain":0.0,"event_name":"Back to Basics","player_choice":"Simplicity","floor":19.0,"gold_loss":0.0,"damage_taken":0.0,"cards_upgraded":["Strike_R","Strike_R","Strike_R","Defend_R","Defend_R","Defend_R"]},{"damage_healed":0.0,"max_hp_gain":0.0,"max_hp_loss":0.0,"gold_gain":0.0,"event_name":"The Library","player_choice":"Read","floor":21.0,"gold_loss":0.0,"damage_taken":0.0,"cards_obtained":["Body Slam"]},{"damage_healed":0.0,"max_hp_gain":0.0,"max_hp_loss":0.0,"gold_gain":0.0,"event_name":"Cursed Tome","player_choice":"Ignored","floor":29.0,"gold_loss":0.0,"damage_taken":0.0},{"damage_healed":0.0,"max_hp_gain":0.0,"max_hp_loss":0.0,"gold_gain":0.0,"event_name":"Mysterious Sphere","player_choice":"Fight","floor":37.0,"gold_loss":0.0,"damage_taken":0.0},{"damage_healed":0.0,"max_hp_gain":0.0,"max_hp_loss":0.0,"gold_gain":0.0,"event_name":"Winding Halls","player_choice":"Embrace Madness","floor":41.0,"gold_loss":0.0,"damage_taken":11.0,"cards_obtained":["Madness","Madness"]},{"damage_healed":0.0,"max_hp_gain":0.0,"max_hp_loss":0.0,"gold_gain":0.0,"event_name":"SensoryStone","player_choice":"Memory 1","floor":45.0,"gold_loss":0.0,"damage_taken":0.0}],"is_beta":false,"boss_relics":[{"not_picked":["theSenshi:MoonKaleidoScopeRelic","Mark of Pain"],"picked":"Philosopher\u0027s Stone"},{"not_picked":["Cursed Key","SlaversCollar"],"picked":"Black Star"}],"items_purged_floors":[4],"is_endless":false,"potions_floor_spawned":[1,7,11,14,16,30,33,35,38,42],"killed_by":"Time Eater","ascension_level":2}}