{"host":"0jor5hi4rp0tpy7j","time":1609889190,"event":{"mods":["AchievementEnabler","BaseMod","Better Match","Better Note","Colored Map","Colored Powertips","Downfall","Highlight Path","Minty Spire (QoL Compilation)","StSLib"],"gold_per_floor":[99,109,109,109,123,123,123,152,77,102,112,122,47,47,65,160,160,160,170,370,385,399,22,22,34,34,46,62,62,62,73,86,190,190,115,125,144,144,194,211,211,211,230,46,63,112,112,137,156,156],"floor_reached":51,"playtime":2952,"items_purged":["champ:FightOn"],"score":788,"play_id":"f8df007f-f804-416c-aba3-ee807ff2e9f4","local_time":"20210106002630","is_ascension_mode":false,"campfire_choices":[{"floor":1,"key":"RECALL"},{"data":"champ:StrikeOfGenius","floor":9,"key":"SMITH"},{"data":"champ:FlashCut","floor":13,"key":"SMITH"},{"data":"champ:HoldFirm","floor":18,"key":"SMITH"},{"data":"champ:FalseCounter","floor":30,"key":"SMITH"},{"data":"champ:DefensiveStyle","floor":35,"key":"SMITH"},{"data":"champ:CalledShot","floor":42,"key":"SMITH"},{"data":"champ:HoldFirm","floor":47,"key":"SMITH"}],"circlet_count":0,"master_deck":["champ:Strike","champ:Strike","champ:Strike","champ:Defend","champ:Defend","champ:Defend","champ:Defend","champ:Execute","champ:Taunt","champ:FlashCut+1","champ:StanceDance","champ:DefensiveShout","champ:StrikeOfGenius+1","champ:FocusedDefense","champ:FocusedDefense","champ:TornadoPunch","champ:FalseCounter+1","champ:HoldFirm+1","champ:EnGarde","champ:Shatter","champ:ShieldWall","champ:DefensiveShout+1","champ:EnGarde","champ:ArenaPreparation","champ:TornadoPunch+1","champ:Balance+1","champ:DefensiveStyle+1","champ:BringItOn","champ:HoldFirm+1","champ:CalledShot+1","champ:RisingSlash+1","champ:DefensiveShout","champ:CrookedStrike+1","champ:ShieldWall+1","Parasite","champ:Riposte+1"],"relics":["champ:ChampionCrown","Kunai","Darkstone Periapt","downfall:HeartBlessingRed","Shuriken","downfall:HeartBlessingGreen","Coffee Dripper","Molten Egg 2","SlaversCollar","downfall:HeartBlessingBlue","Ice Cream","Pocketwatch","Mango","Smiling Mask"],"acts_visited":["Exordium","TheCity","TheBeyond"],"potions_floor_usage":[12,16,21,30,37,39,43,43,46,50],"damage_taken":[{"damage":8,"enemies":"Jaw Worm","floor":2,"turns":3},{"damage":8,"enemies":"Small Slimes","floor":5,"turns":3},{"damage":0,"enemies":"Cultist","floor":6,"turns":1},{"damage":24,"enemies":"Gremlin Nob","floor":8,"turns":5},{"damage":34,"enemies":"Lagavulin","floor":10,"turns":7},{"damage":12,"enemies":"Exordium Wildlife","floor":11,"turns":4},{"damage":11,"enemies":"Lots of Slimes","floor":12,"turns":5},{"damage":0,"enemies":"3 Louse","floor":15,"turns":2},{"damage":42,"enemies":"downfall:Silent","floor":16,"turns":8},{"damage":9,"enemies":"3 Byrds","floor":19,"turns":6},{"damage":4,"enemies":"Shell Parasite","floor":21,"turns":5},{"damage":7,"enemies":"Centurion and Healer","floor":22,"turns":8},{"damage":5,"enemies":"downfall:FleeingMerchant","floor":23,"turns":4},{"damage":29,"enemies":"Cultist and Chosen","floor":25,"turns":4},{"damage":17,"enemies":"3 Cultists","floor":27,"turns":6},{"damage":5,"enemies":"Snecko","floor":28,"turns":5},{"damage":0,"enemies":"Snake Plant","floor":31,"turns":3},{"damage":0,"enemies":"Sentry and Sphere","floor":32,"turns":4},{"damage":80,"enemies":"downfall:Ironclad","floor":33,"turns":9},{"damage":12,"enemies":"Orb Walker","floor":36,"turns":3},{"damage":15,"enemies":"3 Shapes","floor":37,"turns":4},{"damage":10,"enemies":"Mind Bloom Boss Battle","floor":39,"turns":5},{"damage":18,"enemies":"Maw","floor":40,"turns":7},{"damage":106,"enemies":"Transient","floor":43,"turns":5},{"damage":21,"enemies":"downfall:FleeingMerchant","floor":44,"turns":4},{"damage":27,"enemies":"Spire Growth","floor":45,"turns":4},{"damage":24,"enemies":"2 Orb Walkers","floor":46,"turns":5},{"damage":14,"enemies":"Writhing Mass","floor":49,"turns":4},{"damage":5,"enemies":"downfall:Watcher","floor":50,"turns":8}],"seed_played":"-4848740909677855399","potions_obtained":[{"floor":10,"key":"Guardian:BlockOnCardUsePotion"},{"floor":11,"key":"FearPotion"},{"floor":15,"key":"sneckomod:MuddlingPotion"},{"floor":16,"key":"FairyPotion"},{"floor":25,"key":"Fruit Juice"},{"floor":28,"key":"SteroidPotion"},{"floor":32,"key":"champ:CounterPotion"},{"floor":33,"key":"EssenceOfSteel"},{"floor":36,"key":"AttackPotion"},{"floor":39,"key":"champ:TechniquePotion"},{"floor":49,"key":"EssenceOfSteel"}],"is_trial":false,"path_per_floor":["R","M","?","?","M","M","T","E","R","E","M","M","R","?","M","B",null,"R","M","?","M","M","$","T","M","?","M","M","?","R","M","M","B",null,"R","M","M","?","?","M","T","R","M","$","M","?","R","T","M","B",null],"character_chosen":"THE_CHAMP","items_purchased":["Molten Egg 2","champ:EnGarde","champ:ArenaPreparation","champ:DefensiveShout","Dexterity Potion"],"campfire_rested":0,"item_purchase_floors":[23,23,23,44,44],"current_hp_per_floor":[99,96,96,96,93,93,93,79,79,59,52,41,41,46,46,9,104,104,100,100,96,89,89,89,70,70,58,58,58,63,63,63,47,109,119,112,112,112,107,107,107,107,58,48,26,35,35,35,37,37],"gold":156,"neow_bonus":"TEN_PERCENT_HP_BONUS","is_daily":false,"chose_seed":false,"campfire_upgraded":7,"win_rate":0.0,"timestamp":1609889190,"path_taken":["R","M","?","?","?","M","T","E","R","E","M","M","R","?","M","BOSS","R","M","?","M","?","$","T","M","?","M","M","?","R","M","M","BOSS","R","M","M","?","?","M","T","R","M","$","M","?","R","?","M","BOSS"],"items_purchased_type":["Relic","Card","Card","Card","Potion"],"build_version":"2020-12-22","purchased_purges":1,"victory":true,"max_hp_per_floor":[99,99,99,99,99,99,99,99,99,99,99,99,99,104,104,104,104,104,104,104,104,104,104,104,104,104,104,104,104,109,109,109,109,109,119,119,119,119,119,119,119,119,119,119,119,133,133,133,139,139],"card_choices":[{"not_picked":["champ:AdrenalArmor","champ:TornadoPunch"],"picked":"champ:FlashCut","floor":2},{"not_picked":["champ:FocusedGladiator","champ:GladiatorsShout"],"picked":"champ:StanceDance","floor":5},{"not_picked":["champ:Backstep","champ:Haymaker"],"picked":"champ:DefensiveShout","floor":6},{"not_picked":["champ:Backstep","champ:FlashCut"],"picked":"champ:StrikeOfGenius","floor":8},{"not_picked":["champ:ViciousMockery","champ:GutPunch"],"picked":"champ:FocusedDefense","floor":10},{"not_picked":["champ:Backstep","champ:EnragedBash"],"picked":"champ:FocusedDefense","floor":11},{"not_picked":["champ:GladiatorsShout","champ:FaceSlap"],"picked":"champ:TornadoPunch","floor":12},{"not_picked":["champ:BladeFlurry","champ:DefensiveShout"],"picked":"champ:FalseCounter","floor":15},{"not_picked":["champ:SwordThrow","champ:CheapShot"],"picked":"champ:HoldFirm","floor":16},{"not_picked":["champ:GladiatorsShout+1","champ:StanceDance"],"picked":"champ:EnGarde","floor":19},{"not_picked":["champ:HeartStrike","champ:PerfectedStrike"],"picked":"champ:Shatter","floor":21},{"not_picked":["champ:GladiatorsShout","champ:DeathBlow"],"picked":"champ:ShieldWall","floor":22},{"not_picked":["champ:FaceSlap","champ:Haymaker"],"picked":"champ:DefensiveShout+1","floor":23},{"not_picked":["champ:FlashCut+1","champ:Shatter+1"],"picked":"champ:FightOn","floor":25},{"not_picked":["champ:Backstep","champ:BerserkersShout+1"],"picked":"champ:TornadoPunch+1","floor":27},{"not_picked":["champ:SwordThrow+1","champ:CrookedStrike+1"],"picked":"champ:Balance+1","floor":28},{"not_picked":["champ:HeartStrike+1","champ:Lariat"],"picked":"champ:DefensiveStyle","floor":31},{"not_picked":["champ:GladiatorsShout","champ:Backstep"],"picked":"champ:BringItOn","floor":32},{"not_picked":["champ:LastStand","champ:HeavySlash+1"],"picked":"champ:HoldFirm","floor":33},{"not_picked":["champ:BerserkersShout","champ:EnragedBash+1"],"picked":"champ:CalledShot","floor":36},{"not_picked":["champ:AdrenalArmor+1","champ:FocusedBerserking+1"],"picked":"champ:RisingSlash+1","floor":37},{"not_picked":["champ:FlashCut+1","champ:DeathBlow+1","champ:PerfectedStrike+1"],"picked":"SKIP","floor":40},{"not_picked":["champ:DeathBlow+1","champ:FanOfKnives+1","champ:IgnorePain"],"picked":"SKIP","floor":43},{"not_picked":["champ:FanOfKnives+1","champ:Haymaker+1","champ:Backstep+1"],"picked":"SKIP","floor":44},{"not_picked":["champ:TornadoPunch+1","champ:Backstep+1"],"picked":"champ:CrookedStrike+1","floor":45},{"not_picked":["champ:GladiatorsShout+1","champ:TornadoPunch+1"],"picked":"champ:ShieldWall+1","floor":46},{"not_picked":["champ:StanceDance","champ:ArenaPreparation"],"picked":"champ:Riposte+1","floor":49}],"player_experience":354827,"relics_obtained":[{"floor":7,"key":"Kunai"},{"floor":8,"key":"Darkstone Periapt"},{"floor":10,"key":"Shuriken"},{"floor":39,"key":"Ice Cream"},{"floor":41,"key":"Pocketwatch"},{"floor":46,"key":"Mango"},{"floor":48,"key":"Smiling Mask"}],"event_choices":[{"damage_healed":0,"gold_gain":0,"player_choice":"Donut","damage_taken":0,"max_hp_gain":5,"max_hp_loss":0,"event_name":"Big Fish","floor":14,"gold_loss":0},{"damage_healed":0,"gold_gain":0,"player_choice":"Ignored","damage_taken":0,"max_hp_gain":0,"max_hp_loss":0,"event_name":"betterNote:BetterNote","floor":26,"gold_loss":0,"cards_obtained":["Slimebound:MassFeed"]},{"cards_removed":["champ:Strike"],"damage_healed":0,"gold_gain":0,"player_choice":"Removed Attack","damage_taken":0,"max_hp_gain":0,"max_hp_loss":0,"event_name":"Falling","floor":38,"gold_loss":0},{"damage_healed":0,"gold_gain":0,"player_choice":"Fight","damage_taken":0,"max_hp_gain":0,"max_hp_loss":0,"event_name":"Mysterious Sphere","floor":46,"gold_loss":0}],"is_beta":false,"boss_relics":[{"not_picked":["Runic Pyramid","Tiny House"],"picked":"Coffee Dripper"},{"not_picked":["Busted Crown","Sozu"],"picked":"SlaversCollar"}],"items_purged_floors":[44],"is_endless":false,"potions_floor_spawned":[10,11,15,16,25,28,32,33,36,39,49],"ascension_level":0}}