{"host":"lscclmekr4yt2ohr","time":1609861439,"event":{"mods":["BaseMod","Minty Spire (QoL Compilation)","StSLib","WoW Paladin Mod"],"gold_per_floor":[114,114,114,132,151,176,176,205,205,14,29,29,29,29,29,126,126,142,154,9,9,9,9,9],"floor_reached":23,"playtime":2543,"items_purged":["WoWPaladin:StrikePaladin"],"score":197,"play_id":"7a6dddfb-f701-413d-878f-3e2a0a77021a","local_time":"20210105164359","is_ascension_mode":false,"campfire_choices":[{"data":"WoWPaladin:HolySmite","floor":7,"key":"SMITH"},{"data":"WoWPaladin:BlessingOfWisdom","floor":12,"key":"SMITH"},{"floor":15,"key":"REST"}],"circlet_count":0,"master_deck":["WoWPaladin:StrikePaladin+1","WoWPaladin:StrikePaladin+1","WoWPaladin:StrikePaladin","WoWPaladin:DefendPaladin","WoWPaladin:DefendPaladin","WoWPaladin:DefendPaladin","WoWPaladin:DefendPaladin","WoWPaladin:DefendPaladin","WoWPaladin:TemplarsVerdict","WoWPaladin:HolySmite+1","WoWPaladin:ArdentDefense","WoWPaladin:CondemnHeresy","WoWPaladin:FaithInTheLight","WoWPaladin:Vindicate","WoWPaladin:BlessingOfWisdom+1","WoWPaladin:HandOfReckoning","WoWPaladin:Brace","WoWPaladin:HammerOfWrath","WoWPaladin:CrusaderAura","WoWPaladin:OathOfVigilance","WoWPaladin:OathOfVigilance","WoWPaladin:OathOfPiety"],"relics":["WoWPaladin:AshbringerRelic","Oddly Smooth Stone","Meat on the Bone","White Beast Statue","Letter Opener","Runic Pyramid"],"acts_visited":["Exordium","TheCity"],"potions_floor_usage":[8],"damage_taken":[{"damage":6,"enemies":"2 Louse","floor":1,"turns":3},{"damage":3,"enemies":"Jaw Worm","floor":4,"turns":4},{"damage":0,"enemies":"Small Slimes","floor":5,"turns":4},{"damage":36,"enemies":"Lagavulin","floor":6,"turns":11},{"damage":6,"enemies":"Gremlin Nob","floor":8,"turns":5},{"damage":11,"enemies":"3 Louse","floor":11,"turns":3},{"damage":76,"enemies":"The Guardian","floor":16,"turns":20},{"damage":0,"enemies":"Spheric Guardian","floor":18,"turns":3},{"damage":16,"enemies":"Shell Parasite","floor":19,"turns":8},{"damage":107,"enemies":"Gremlin Leader","floor":23,"turns":9}],"seed_played":"6688141444044408327","potions_obtained":[{"floor":5,"key":"SpeedPotion"},{"floor":8,"key":"ColorlessPotion"},{"floor":11,"key":"PowerPotion"},{"floor":16,"key":"SpeedPotion"},{"floor":18,"key":"EssenceOfSteel"}],"is_trial":false,"path_per_floor":["M","?","?","M","M","E","R","E","T","$","M","R","?","$","R","B",null,"M","M","$","?","?","E"],"character_chosen":"THE_PALADIN","items_purchased":["WoWPaladin:HandOfReckoning","WoWPaladin:Brace","WoWPaladin:OathOfVigilance"],"campfire_rested":1,"item_purchase_floors":[10,10,20],"current_hp_per_floor":[82,64,57,54,54,27,27,33,33,33,34,34,27,27,53,67,88,88,83,83,83,83,0,0],"gold":9,"neow_bonus":"TEN_PERCENT_HP_BONUS","is_daily":false,"chose_seed":false,"campfire_upgraded":2,"win_rate":0.0,"timestamp":1609861439,"path_taken":["M","?","?","M","M","E","R","E","T","$","M","R","?","?","R","BOSS","M","M","$","?","?","E"],"items_purchased_type":["Card","Card","Card"],"build_version":"2020-12-22","purchased_purges":1,"victory":false,"max_hp_per_floor":[88,88,88,88,88,88,88,88,88,88,88,88,88,88,88,88,88,88,88,88,88,88,88,88],"card_choices":[{"not_picked":["WoWPaladin:Rebuke","WoWPaladin:CrusadersJudgement"],"picked":"WoWPaladin:ArdentDefense","floor":1},{"not_picked":["WoWPaladin:CrusaderStrike","WoWPaladin:ZealotsThrust"],"picked":"WoWPaladin:CondemnHeresy","floor":4},{"not_picked":["WoWPaladin:JusticeDemandsRetribution","WoWPaladin:Brace"],"picked":"WoWPaladin:FaithInTheLight","floor":5},{"not_picked":["WoWPaladin:Rebuke","WoWPaladin:Consecration"],"picked":"WoWPaladin:Vindicate","floor":6},{"not_picked":["WoWPaladin:CrusadersJudgement","WoWPaladin:BlindingLight"],"picked":"WoWPaladin:BlessingOfWisdom","floor":8},{"not_picked":["WoWPaladin:RapturousCharge","WoWPaladin:FistOfTheHeavens"],"picked":"WoWPaladin:HammerOfWrath","floor":11},{"not_picked":["WoWPaladin:OathOfChains","WoWPaladin:GrandCrusader"],"picked":"WoWPaladin:CrusaderAura","floor":16},{"not_picked":["WoWPaladin:BlessingOfWisdom","WoWPaladin:RighteousAnger","WoWPaladin:Rebuke"],"picked":"SKIP","floor":18},{"not_picked":["WoWPaladin:WeaponizedZeal","WoWPaladin:Rebuke"],"picked":"WoWPaladin:OathOfVigilance","floor":19}],"player_experience":41,"relics_obtained":[{"floor":6,"key":"Meat on the Bone"},{"floor":8,"key":"White Beast Statue"},{"floor":9,"key":"Letter Opener"}],"event_choices":[{"damage_healed":0,"gold_gain":0,"player_choice":"Entered Light","damage_taken":18,"max_hp_gain":0,"max_hp_loss":0,"event_name":"Shining Light","floor":2,"gold_loss":0,"cards_upgraded":["WoWPaladin:StrikePaladin","WoWPaladin:StrikePaladin"]},{"damage_healed":0,"gold_gain":0,"player_choice":"Success","damage_taken":7,"relics_obtained":["Oddly Smooth Stone"],"max_hp_gain":0,"max_hp_loss":0,"event_name":"Scrap Ooze","floor":3,"gold_loss":0},{"cards_removed":["WoWPaladin:StrikePaladin"],"damage_healed":0,"gold_gain":0,"player_choice":"Card Removal","damage_taken":7,"max_hp_gain":0,"max_hp_loss":0,"event_name":"Golden Wing","floor":13,"gold_loss":0},{"damage_healed":0,"gold_gain":0,"player_choice":"Read","damage_taken":0,"max_hp_gain":0,"max_hp_loss":0,"event_name":"The Library","floor":21,"gold_loss":0,"cards_obtained":["WoWPaladin:OathOfPiety"]},{"damage_healed":0,"gold_gain":0,"player_choice":"Ignored","damage_taken":0,"max_hp_gain":0,"max_hp_loss":0,"event_name":"Ghosts","floor":22,"gold_loss":0}],"is_beta":false,"boss_relics":[{"not_picked":["Tiny House","Snecko Eye"],"picked":"Runic Pyramid"}],"items_purged_floors":[20],"is_endless":false,"potions_floor_spawned":[5,8,11,16,18,19],"killed_by":"Gremlin Leader","ascension_level":0}}