{"host":"m77rrhbqzv44va4v","time":1609865032,"event":{"mods":["AchievementEnabler","BaseMod","Colored Map","DeckTracker","Keyboard Shortcuts","Minty Spire (QoL Compilation)","StSLib","SuperFastMode","everything is the same but u backflip on backflip"],"gold_per_floor":[119,134,134,147,147,180,180,208,208,208,227,257,270,299,299,400,400,411,321,336,351,19,19,52,52,52,52,52,14,14,14,32,32,128,128,140,190,203,5,5,32,42,42,120,146,146,146,146,146,146,146],"floor_reached":52,"playtime":1557,"items_purged":[],"score":1281,"play_id":"2e1196af-d0cb-4aac-a981-9ad4872029a0","local_time":"20210106014352","is_ascension_mode":true,"campfire_choices":[{"data":"Dualcast","floor":7.0,"key":"SMITH"},{"floor":10.0,"key":"REST"},{"data":"White Noise","floor":15.0,"key":"SMITH"},{"data":"Turbo","floor":23.0,"key":"SMITH"},{"floor":25.0,"key":"REST"},{"data":"Steam Power","floor":28.0,"key":"SMITH"},{"data":"Zap","floor":31.0,"key":"SMITH"},{"floor":33.0,"key":"REST"},{"data":"Amplify","floor":43.0,"key":"SMITH"},{"floor":47.0,"key":"REST"},{"data":"Reboot","floor":50.0,"key":"SMITH"}],"circlet_count":0,"master_deck":["AscendersBane","Strike_B","Strike_B","Defend_B","Defend_B","Defend_B","Defend_B","Zap+1","Dualcast+1","Rip and Tear","Sunder+1","Streamline","Defragment+1","Chill","Compile Driver","Core Surge","White Noise+1","Leap","Cold Snap","Biased Cognition+1","FTL","Undo","Loop+1","Turbo+1","Steam Power+1","Defragment+1","Conserve Battery","Glacier","Amplify+1","Capacitor+1","Self Repair+1","Coolheaded+1","Buffer+1","Reboot+1","Doubt","Loop+1","Defragment+1"],"relics":["Cracked Core","NeowsBlessing","FossilizedHelix","Pear","Unceasing Top","InkBottle","Frozen Egg 2","Cursed Key","Membership Card","Mummified Hand","Omamori","Bronze Scales","Prayer Wheel","Runic Pyramid","StoneCalendar","Bottled Tornado","Anchor","The Courier","Blood Vial"],"acts_visited":["Exordium","TheCity","TheBeyond"],"potions_floor_usage":[],"damage_taken":[{"damage":0.0,"enemies":"Jaw Worm","floor":1.0,"turns":1.0},{"damage":0.0,"enemies":"Cultist","floor":2.0,"turns":1.0},{"damage":0.0,"enemies":"Small Slimes","floor":4.0,"turns":1.0},{"damage":45.0,"enemies":"Lagavulin","floor":6.0,"turns":8.0},{"damage":7.0,"enemies":"3 Sentries","floor":8.0,"turns":8.0},{"damage":0.0,"enemies":"2 Fungi Beasts","floor":11.0,"turns":3.0},{"damage":10.0,"enemies":"Gremlin Nob","floor":12.0,"turns":4.0},{"damage":0.0,"enemies":"Blue Slaver","floor":13.0,"turns":3.0},{"damage":25.0,"enemies":"Lagavulin","floor":14.0,"turns":7.0},{"damage":22.0,"enemies":"The Guardian","floor":16.0,"turns":11.0},{"damage":4.0,"enemies":"3 Byrds","floor":18.0,"turns":3.0},{"damage":0.0,"enemies":"Chosen","floor":20.0,"turns":4.0},{"damage":16.0,"enemies":"Snake Plant","floor":21.0,"turns":3.0},{"damage":22.0,"enemies":"Book of Stabbing","floor":24.0,"turns":5.0},{"damage":0.0,"enemies":"Sentry and Sphere","floor":32.0,"turns":4.0},{"damage":0.0,"enemies":"Automaton","floor":34.0,"turns":12.0},{"damage":0.0,"enemies":"Orb Walker","floor":36.0,"turns":3.0},{"damage":21.0,"enemies":"Mind Bloom Boss Battle","floor":37.0,"turns":6.0},{"damage":0.0,"enemies":"3 Darklings","floor":38.0,"turns":6.0},{"damage":20.0,"enemies":"Nemesis","floor":41.0,"turns":7.0},{"damage":0.0,"enemies":"Sphere and 2 Shapes","floor":42.0,"turns":6.0},{"damage":45.0,"enemies":"Giant Head","floor":45.0,"turns":15.0},{"damage":10,"enemies":"Time Eater","floor":51,"turns":8}],"seed_played":"-5561692957078087223","potions_obtained":[{"floor":1.0,"key":"FairyPotion"},{"floor":11.0,"key":"ColorlessPotion"},{"floor":12.0,"key":"Regen Potion"},{"floor":16.0,"key":"PowerPotion"}],"is_trial":false,"path_per_floor":["M","M","?","M","?","E","R","E","T","R","M","E","M","E","R","B",null,"M","?","M","M","$","R","E","R","T","T","R","$","?","R","M","R","B",null,"M","?","M","$","?","E","M","R","T","E","?","R","?","?","R","B",null],"character_chosen":"DEFECT","items_purchased":["Membership Card","Mummified Hand","Loop+1","Turbo","Defragment+1","Buffer+1","Bottled Tornado"],"campfire_rested":4,"item_purchase_floors":[22,22,22,22,29,39,39],"current_hp_per_floor":[68,68,68,68,68,23,23,26,26,51,51,41,41,31,31,9,66,62,62,62,46,46,46,24,49,49,49,49,49,49,49,49,74,74,82,82,61,81,81,81,71,81,81,81,46,46,71,71,71,71,73],"gold":146,"neow_bonus":"THREE_ENEMY_KILL","is_daily":false,"chose_seed":false,"campfire_upgraded":7,"win_rate":0.0,"timestamp":1609865032,"path_taken":["M","M","?","?","?","E","R","E","T","R","?","E","M","E","R","BOSS","M","?","M","?","$","R","E","R","T","T","R","$","?","R","M","R","BOSS","M","?","M","$","?","E","?","R","T","E","?","R","?","?","R","BOSS"],"items_purchased_type":["Relic","Relic","Card","Card","Card","Card","Relic"],"build_version":"2020-12-22","purchased_purges":0,"victory":true,"max_hp_per_floor":[75,75,75,75,75,75,75,85,85,85,85,85,85,85,85,85,85,85,85,85,85,85,85,85,85,85,85,85,85,85,85,85,85,85,85,85,85,85,85,85,85,85,85,85,85,85,85,85,85,85,85],"card_choices":[{"not_picked":["FTL","Cold Snap"],"picked":"Rip and Tear","floor":1.0},{"not_picked":["Stack","BootSequence"],"picked":"Sunder","floor":2.0},{"not_picked":["Skim","Coolheaded"],"picked":"Defragment","floor":4.0},{"not_picked":["Cold Snap","Conserve Battery"],"picked":"Chill","floor":6.0},{"not_picked":["Streamline","Cold Snap"],"picked":"Compile Driver","floor":8.0},{"not_picked":["Turbo","Sweeping Beam"],"picked":"Core Surge","floor":11.0},{"not_picked":["Heatsinks","Rebound"],"picked":"White Noise","floor":12.0},{"not_picked":["Cold Snap","Sunder"],"picked":"Leap","floor":13.0},{"not_picked":["Beam Cell","Barrage"],"picked":"Cold Snap","floor":14.0},{"not_picked":["Hyperbeam","Echo Form+1"],"picked":"Biased Cognition+1","floor":16.0},{"not_picked":["Rebound","Melter+1"],"picked":"FTL","floor":18.0},{"not_picked":["Steam","Force Field"],"picked":"Undo","floor":20.0},{"not_picked":["Scrape","Cold Snap","Aggregate"],"picked":"SKIP","floor":21.0},{"not_picked":["Hologram","Reprogram"],"picked":"Steam Power","floor":24.0},{"not_picked":["Reprogram","Stack"],"picked":"Conserve Battery","floor":32.0},{"not_picked":["Ball Lightning","Thunder Strike"],"picked":"Glacier","floor":32.0},{"not_picked":["All For One","Thunder Strike"],"picked":"Amplify","floor":34.0},{"not_picked":["Undo","Barrage"],"picked":"Capacitor+1","floor":36.0},{"not_picked":["Lockon","Melter+1","Streamline"],"picked":"SKIP","floor":36.0},{"not_picked":["Rebound+1","Steam"],"picked":"Self Repair+1","floor":37.0},{"not_picked":["Redo","Sweeping Beam"],"picked":"Coolheaded+1","floor":38.0},{"not_picked":["Steam","Amplify","Stack+1"],"picked":"SKIP","floor":38.0},{"not_picked":["Stack","Glacier","Fusion"],"picked":"SKIP","floor":41.0},{"not_picked":["Coolheaded","Redo","Compile Driver"],"picked":"SKIP","floor":42.0},{"not_picked":["Go for the Eyes","Redo","Coolheaded"],"picked":"SKIP","floor":42.0},{"not_picked":["Darkness","Conserve Battery+1"],"picked":"Loop+1","floor":45.0}],"player_experience":902179,"relics_obtained":[{"floor":6.0,"key":"FossilizedHelix"},{"floor":8.0,"key":"Pear"},{"floor":9.0,"key":"Unceasing Top"},{"floor":12.0,"key":"InkBottle"},{"floor":14.0,"key":"Frozen Egg 2"},{"floor":24.0,"key":"Omamori"},{"floor":26.0,"key":"Bronze Scales"},{"floor":27.0,"key":"Prayer Wheel"},{"floor":37.0,"key":"StoneCalendar"},{"floor":41.0,"key":"Anchor"},{"floor":44.0,"key":"The Courier"},{"floor":45.0,"key":"Blood Vial"}],"event_choices":[{"damage_healed":0.0,"max_hp_gain":0.0,"max_hp_loss":0.0,"gold_gain":0.0,"event_name":"Match and Keep!","player_choice":"1 cards matched","floor":3.0,"gold_loss":0.0,"damage_taken":0.0,"cards_obtained":["Streamline"]},{"damage_healed":0.0,"max_hp_gain":0.0,"max_hp_loss":0.0,"gold_gain":0.0,"event_name":"Upgrade Shrine","player_choice":"Upgraded","floor":5.0,"gold_loss":0.0,"damage_taken":0.0,"cards_upgraded":["Defragment"]},{"cards_removed":["Strike_B"],"damage_healed":0.0,"max_hp_gain":0.0,"max_hp_loss":0.0,"gold_gain":0.0,"event_name":"Designer","player_choice":"Upgrade and Remove","floor":19.0,"gold_loss":90.0,"damage_taken":0.0,"cards_upgraded":["Sunder"]},{"damage_healed":0.0,"max_hp_gain":0.0,"max_hp_loss":0.0,"gold_gain":0.0,"event_name":"Cursed Tome","player_choice":"Ignored","floor":30.0,"gold_loss":0.0,"damage_taken":0.0},{"damage_healed":0.0,"max_hp_gain":0.0,"max_hp_loss":0.0,"gold_gain":0.0,"event_name":"MindBloom","player_choice":"Fight","floor":37.0,"gold_loss":0.0,"damage_taken":0.0},{"damage_healed":0.0,"max_hp_gain":0.0,"max_hp_loss":0.0,"gold_gain":0.0,"event_name":"Match and Keep!","player_choice":"1 cards matched","floor":40.0,"gold_loss":0.0,"damage_taken":0.0,"cards_obtained":["Reboot"]},{"damage_healed":0.0,"max_hp_gain":0.0,"max_hp_loss":0.0,"gold_gain":0.0,"event_name":"Mysterious Sphere","player_choice":"Ignored","floor":46.0,"gold_loss":0.0,"damage_taken":0.0},{"cards_removed":["Strike_B"],"damage_healed":0.0,"max_hp_gain":0.0,"max_hp_loss":0.0,"gold_gain":0.0,"event_name":"Falling","player_choice":"Removed Attack","floor":48.0,"gold_loss":0.0,"damage_taken":0.0},{"damage_healed":0.0,"max_hp_gain":0.0,"max_hp_loss":0.0,"gold_gain":0.0,"event_name":"Duplicator","player_choice":"Copied","floor":49.0,"gold_loss":0.0,"damage_taken":0.0,"cards_obtained":["Defragment"]}],"is_beta":false,"boss_relics":[{"not_picked":["Philosopher\u0027s Stone","Astrolabe"],"picked":"Cursed Key"},{"not_picked":["Runic Dome","Calling Bell"],"picked":"Runic Pyramid"}],"items_purged_floors":[],"is_endless":false,"potions_floor_spawned":[1,11,12,13,16,18,21,34,37,38,42],"ascension_level":12}}