{"host":"ilxricga2547gmyy","time":1609885176,"event":{"mods":["AchievementEnabler","BaseMod","Minty Spire (QoL Compilation)","Quick Restart","Replay The Spire","StSLib"],"gold_per_floor":[369,6,6,17,34,66,66,66,91,125,125,143,43,66,66,186,186,202,41,140,140,165,203,203,241,291,291,291,326,326,176,176,176,176],"floor_reached":33,"playtime":1067,"items_purged":["Sickly","Strike_R","Wild Strike","Languid"],"score":464,"play_id":"c605591f-3a8f-4c20-a837-33b9d2b2e499","local_time":"20210105231936","is_ascension_mode":true,"campfire_choices":[{"data":"Replay:Many Hands","floor":7,"key":"SMITH"},{"floor":11,"key":"REST"},{"floor":24,"key":"REST"},{"data":"Replay:Undeath\u0027s Touch","floor":27,"key":"SMITH"},{"floor":32,"key":"REST"}],"circlet_count":0,"master_deck":["AscendersBane","Strike_R","Strike_R","Defend_R","Defend_R","Defend_R","Bash","Clothesline","Spot Weakness+1","Whirlwind","Shockwave+1","Replay:Many Hands+1","ReplayTheSpireMod:Muscle Training","Demon Form","Sever Soul+1","Run Through+1","ReplayTheSpireMod:Muscle Training+1","Replay:Undeath\u0027s Touch+1","Dark Embrace","Twin Strike+1","Shrug It Off","Replay:Undeath\u0027s Touch","ReplayTheSpireMod:Stacked+1"],"relics":["Burning Blood","Anchor","Toy Ornithopter","Replay:Towering Pillar of Hats","Golden Idol","Replay:Rubber Ducky","Potion Belt","Replay:Grab Bag","ChewingGum","Philosopher\u0027s Stone","Astrolabe","Prayer Wheel","White Beast Statue","Oddly Smooth Stone","Gremlin Food"],"acts_visited":["Exordium","TheCity"],"potions_floor_usage":[6,14,16,16,18,18,22,22,23,23,29,33],"damage_taken":[{"damage":0,"enemies":"Small Slimes","floor":1,"turns":3},{"damage":11,"enemies":"Jaw Worm","floor":4,"turns":4},{"damage":2,"enemies":"2 Louse","floor":5,"turns":3},{"damage":15,"enemies":"Lagavulin","floor":6,"turns":5},{"damage":26,"enemies":"Gremlin Nob","floor":10,"turns":4},{"damage":10,"enemies":"Blue Slaver","floor":12,"turns":4},{"damage":0,"enemies":"Gremlin Gang","floor":14,"turns":1},{"damage":45,"enemies":"The Guardian","floor":16,"turns":9},{"damage":42,"enemies":"3 Byrds","floor":18,"turns":4},{"damage":14,"enemies":"2 Thieves","floor":22,"turns":3},{"damage":26,"enemies":"Slavers","floor":23,"turns":4},{"damage":18,"enemies":"Book of Stabbing","floor":25,"turns":4},{"damage":35,"enemies":"Gremlin Leader","floor":29,"turns":5},{"damage":64,"enemies":"Collector","floor":33,"turns":5}],"seed_played":"-7112472379345672551","potions_obtained":[{"floor":1,"key":"DistilledChaos"},{"floor":6,"key":"SteroidPotion"},{"floor":12,"key":"EntropicBrew"},{"floor":14,"key":"BloodPotion"},{"floor":15,"key":"Flashbang"},{"floor":15,"key":"Cursed Concoction"},{"floor":18,"key":"Adrenaline Potion"},{"floor":29,"key":"PowerPotion"}],"is_trial":false,"path_per_floor":["M","$","?","M","M","E","R","?","T","E","R","M","$","M","R","B",null,"M","$","?","$","M","E","R","E","T","R","?","E","?","$","R","B"],"character_chosen":"IRONCLAD","items_purchased":["Spot Weakness+1","Anchor","Whirlwind","Dark Embrace"],"campfire_rested":3,"item_purchase_floors":[2,2,2,19],"current_hp_per_floor":[78,78,71,66,70,66,66,66,66,46,68,64,64,74,74,36,65,53,53,53,53,55,45,67,55,55,55,55,31,55,55,74,10,10],"gold":176,"neow_bonus":"TWO_FIFTY_GOLD","is_daily":false,"chose_seed":false,"campfire_upgraded":2,"win_rate":0.0,"timestamp":1609885176,"path_taken":["M","$","?","M","M","E","R","?","T","E","R","M","?","?","R","BOSS","M","$","?","$","M","E","R","E","T","R","?","E","?","$","R","BOSS"],"items_purchased_type":["Card","Relic","Card","Card"],"build_version":"2020-12-22","purchased_purges":4,"victory":false,"max_hp_per_floor":[80,80,80,80,80,80,80,74,74,74,74,74,74,74,74,74,74,74,74,74,74,74,74,74,74,74,74,74,74,74,74,74,74,74],"card_choices":[{"not_picked":["Wild Strike","True Grit"],"picked":"Clothesline","floor":1},{"not_picked":["Iron Wave","Havoc","Warcry"],"picked":"SKIP","floor":4},{"not_picked":["Iron Wave","ReplayTheSpireMod:Corrosion Curse"],"picked":"Shockwave","floor":5},{"not_picked":["Thunderclap","ReplayTheSpireMod:LeadingStrike","Replay:Many Hands"],"picked":"SKIP","floor":6},{"not_picked":["Thunderclap","ReplayTheSpireMod:LeadingStrike"],"picked":"Replay:Many Hands","floor":6},{"not_picked":["Dark Embrace","Reckless Charge"],"picked":"Wild Strike","floor":10},{"not_picked":["Armaments","Flex","Clash"],"picked":"SKIP","floor":12},{"not_picked":["Headbutt","Feel No Pain"],"picked":"ReplayTheSpireMod:Muscle Training","floor":14},{"not_picked":["Fiend Fire","Immolate"],"picked":"Demon Form","floor":16},{"not_picked":["Body Slam","Havoc"],"picked":"Replay:Undeath\u0027s Touch","floor":18},{"not_picked":["Reckless Charge","Warcry"],"picked":"Twin Strike+1","floor":22},{"not_picked":["ReplayTheSpireMod:LeadingStrike","Anger"],"picked":"Shrug It Off","floor":23},{"not_picked":["Exhume","Iron Wave"],"picked":"Replay:Undeath\u0027s Touch","floor":25},{"not_picked":["ReplayTheSpireMod:Muscle Training","Sentinel"],"picked":"ReplayTheSpireMod:Stacked+1","floor":29}],"player_experience":275119,"relics_obtained":[{"floor":6,"key":"Replay:Towering Pillar of Hats"},{"floor":9,"key":"Replay:Rubber Ducky"},{"floor":10,"key":"Potion Belt"},{"floor":23,"key":"Prayer Wheel"},{"floor":25,"key":"White Beast Statue"},{"floor":26,"key":"Oddly Smooth Stone"},{"floor":29,"key":"Gremlin Food"}],"event_choices":[{"damage_healed":0,"gold_gain":0,"player_choice":"Success","damage_taken":7,"relics_obtained":["Toy Ornithopter"],"max_hp_gain":0,"max_hp_loss":0,"event_name":"Scrap Ooze","floor":3,"gold_loss":0},{"damage_healed":0,"gold_gain":0,"player_choice":"Lose Max HP","damage_taken":0,"relics_obtained":["Golden Idol"],"max_hp_gain":0,"max_hp_loss":6,"event_name":"Golden Idol","floor":8,"gold_loss":0},{"damage_healed":0,"gold_gain":99,"player_choice":"Stole From Cult","damage_taken":0,"max_hp_gain":0,"max_hp_loss":0,"event_name":"Nest","floor":20,"gold_loss":0},{"damage_healed":24,"gold_gain":0,"player_choice":"Heal","damage_taken":0,"max_hp_gain":0,"max_hp_loss":0,"event_name":"The Library","floor":30,"gold_loss":0}],"is_beta":false,"boss_relics":[{"not_picked":["Replay:Drink Me","Kintsugi"],"picked":"Replay:Grab Bag"},{"not_picked":["Sozu","Runic Dome"],"picked":"ChewingGum"},{"not_picked":["Busted Crown","Fusion Hammer"],"picked":"Philosopher\u0027s Stone"},{"not_picked":["Snecko Eye","Empty Cage"],"picked":"Astrolabe"}],"items_purged_floors":[2,13,19,31],"is_endless":false,"potions_floor_spawned":[1,6,12,14,18,29],"killed_by":"Collector","ascension_level":10}}