{"host":"nnqdcpockwq7zc6f","time":1609823455,"event":{"mods":["BaseMod","Better Note","Downfall","Hubris","Minty Spire (QoL Compilation)","Replay The Spire","StSLib"],"gold_per_floor":[110,129,129,140,140,140,154,166,242,258,258,330,8,24,24,24,24],"floor_reached":16,"playtime":537,"items_purged":["Strike_P"],"score":94,"play_id":"389feb06-cabb-46a8-a7b1-5c4d8673efdb","local_time":"20210104221055","is_ascension_mode":false,"campfire_choices":[{"data":"Eruption","floor":6,"key":"SMITH"},{"floor":11,"key":"REST"},{"floor":15,"key":"REST"}],"circlet_count":0,"master_deck":["Strike_P","Strike_P","Strike_P","Defend_P+1","Defend_P+1","Defend_P+1","Defend_P+1","Eruption+1","Vigilance","Devotion","CrushJoints","Protect","CutThroughFate","EmptyBody","BattleHymn","Replay:Battleflow"],"relics":["PureWater","hubris:Towel","Iron Hammer","Kunai","Replay:Bottled Eggs"],"acts_visited":["Exordium"],"potions_floor_usage":[16],"damage_taken":[{"damage":1,"enemies":"Cultist","floor":1,"turns":3},{"damage":2,"enemies":"Small Slimes","floor":2,"turns":2},{"damage":22,"enemies":"Jaw Worm","floor":4,"turns":2},{"damage":14,"enemies":"Blue Slaver","floor":7,"turns":3},{"damage":8,"enemies":"Red Slaver","floor":8,"turns":4},{"damage":0,"enemies":"2 Fungi Beasts","floor":10,"turns":2},{"damage":0,"enemies":"Looter","floor":14,"turns":2},{"damage":63,"enemies":"Hexaghost","floor":16,"turns":2}],"seed_played":"3660066333850718370","potions_obtained":[{"floor":4,"key":"SkillPotion"},{"floor":8,"key":"SteroidPotion"},{"floor":14,"key":"Explosive Potion"}],"is_trial":false,"path_per_floor":["M","M","?","M","?","R","M","M","T","M","R","T","$","M","R","B"],"character_chosen":"WATCHER","items_purchased":["Replay:Bottled Eggs"],"campfire_rested":2,"item_purchase_floors":[13],"current_hp_per_floor":[71,69,62,40,40,40,26,18,18,18,39,39,39,39,60,0,0],"gold":24,"neow_bonus":"ONE_RANDOM_RARE_CARD","is_daily":false,"chose_seed":false,"campfire_upgraded":1,"win_rate":0.0,"timestamp":1609823455,"path_taken":["M","M","?","?","?","R","M","M","T","M","R","?","$","M","R","BOSS"],"items_purchased_type":["Relic"],"build_version":"2020-12-22","purchased_purges":1,"victory":false,"max_hp_per_floor":[72,72,72,72,72,72,72,72,72,72,72,72,72,72,72,72,72],"card_choices":[{"not_picked":["TalkToTheHand","Wallop"],"picked":"CrushJoints","floor":1},{"not_picked":["ThirdEye","Study"],"picked":"Protect","floor":2},{"not_picked":["Vengeance","SandsOfTime"],"picked":"CutThroughFate","floor":4},{"not_picked":["EmptyFist","ConjureBlade"],"picked":"EmptyBody","floor":7},{"not_picked":["Study","Crescendo","Vengeance"],"picked":"SKIP","floor":8},{"not_picked":["Nirvana","DeceiveReality"],"picked":"BattleHymn","floor":10},{"not_picked":["DeceiveReality","Halt"],"picked":"Replay:Battleflow","floor":14}],"player_experience":342034,"relics_obtained":[{"floor":9,"key":"Iron Hammer"},{"floor":12,"key":"Kunai"}],"event_choices":[{"damage_healed":0,"gold_gain":0,"player_choice":"Damaged","damage_taken":7,"max_hp_gain":0,"max_hp_loss":0,"event_name":"Wheel of Change","floor":3,"gold_loss":0}],"is_beta":false,"boss_relics":[],"items_purged_floors":[13],"is_endless":false,"potions_floor_spawned":[4,8,14],"killed_by":"Hexaghost","ascension_level":0}}