{"host":"v4nyfngrgywi7zc6","time":1609829508,"event":{"mods":["2.2 Compatiblity","BaseMod","Custom Start","Hermit","Minty Spire (QoL Compilation)","Shop Mod","Slumbering Mod","StSLib","The Jungle"],"gold_per_floor":[10,21,21,21,36,36,68,68,68,68,44,57,57,70,70,168,168,178,201,201,51,67,90,90,90,105,112,133,58,58,58,58,152,152,165,65,78,85,0,0,45,47,70,80,93,93,15,27,27,27,27,27,27,50,50,50],"floor_reached":55,"playtime":2501,"items_purged":["Strike_G","Strike_G"],"score":679,"play_id":"e0c34bcf-a0a3-4da1-a50a-7d826201fbfd","local_time":"20210105005148","is_ascension_mode":false,"campfire_choices":[{"data":"Bouncing Flask","floor":6,"key":"SMITH"},{"floor":8,"key":"REST"},{"data":"Poisoned Stab","floor":10,"key":"SMITH"},{"floor":15,"key":"REST"},{"floor":25,"key":"DIG"},{"floor":30,"key":"REST"},{"floor":32,"key":"DIG"},{"floor":40,"key":"DIG"},{"floor":46,"key":"RECALL"},{"floor":49,"key":"DIG"},{"floor":52,"key":"DIG"}],"circlet_count":0,"master_deck":["Defend_G","Defend_G+1","Defend_G","Defend_G","Survivor+1","Neutralize","Bouncing Flask+1","Poisoned Stab+1","Poisoned Stab","Poisoned Stab","Envenom","Adrenaline","Deadly Poison+1","Crippling Poison+1","Escape Plan","Footwork","Deadly Poison+1"],"relics":["Ring of the Snake","Lizard Tail","Pantograph","Sozu","Anchor","Shovel","theSlumbering:GamblerFolly","Strawberry","theJungle:SpiritDisease","Pear","Spirit Poop","Thread and Needle","Ancient Tea Set","Busted Crown","Red Mask","Centennial Puzzle","FossilizedHelix","War Paint","Bottled Tornado","InkBottle","Art of War"],"acts_visited":["Exordium","Exordium","TheBeyond","TheEnding"],"potions_floor_usage":[23,28,33],"damage_taken":[{"damage":0,"enemies":"2 Louse","floor":1,"turns":3},{"damage":0,"enemies":"theSlumbering:NewCultist","floor":2,"turns":3},{"damage":0,"enemies":"Cultist","floor":5,"turns":3},{"damage":28,"enemies":"Gremlin Nob","floor":7,"turns":4},{"damage":0,"enemies":"Exordium Wildlife","floor":12,"turns":4},{"damage":9,"enemies":"2 Fungi Beasts","floor":14,"turns":3},{"damage":21,"enemies":"The Guardian","floor":16,"turns":8},{"damage":9,"enemies":"Shell Parasite","floor":18,"turns":4},{"damage":10,"enemies":"theJungle:GiantWrat","floor":22,"turns":4},{"damage":14,"enemies":"theJungle:MamaSnecko","floor":23,"turns":5},{"damage":17,"enemies":"theJungle:Snecko_Cultist_And_Trap","floor":27,"turns":7},{"damage":35,"enemies":"theJungle:Cassacara","floor":28,"turns":6},{"damage":60,"enemies":"theJungle:QueenSpyder","floor":33,"turns":18},{"damage":0,"enemies":"3 Shapes","floor":35,"turns":6},{"damage":11,"enemies":"3 Darklings","floor":37,"turns":4},{"damage":21,"enemies":"Jaw Worm Horde","floor":38,"turns":5},{"damage":0,"enemies":"Mind Bloom Boss Battle","floor":41,"turns":5},{"damage":0,"enemies":"Transient","floor":42,"turns":5},{"damage":0,"enemies":"Maw","floor":44,"turns":6},{"damage":0,"enemies":"Spire Growth","floor":45,"turns":4},{"damage":0,"enemies":"4 Shapes","floor":48,"turns":4},{"damage":60,"enemies":"Donu and Deca","floor":50,"turns":9},{"damage":18,"enemies":"Shield and Spear","floor":54,"turns":5},{"damage":89,"enemies":"The Heart","floor":55,"turns":5}],"seed_played":"9206084375321601244","potions_obtained":[{"floor":2,"key":"SpeedPotion"},{"floor":5,"key":"Strength Potion"},{"floor":12,"key":"Weak Potion"},{"floor":13,"key":"Regen Potion"}],"is_trial":false,"path_per_floor":["M","M","?","?","M","R","E","R","T","R","$","M","?","M","R","B",null,"M","T","?","$","M","E","?","R","T","M","E","$","R","$","R","B",null,"M","$","M","M","?","R","?","M","T","M","M","R","$","M","R","B",null,"R","$","E","B"],"character_chosen":"THE_SILENT","items_purchased":["Poisoned Stab","theSlumbering:GamblerFolly","Footwork"],"campfire_rested":3,"item_purchase_floors":[11,21,47],"current_hp_per_floor":[70,70,70,56,56,56,28,49,49,49,49,49,49,40,61,49,70,61,61,51,51,41,49,49,59,59,42,7,7,33,33,33,43,87,87,87,76,55,55,55,80,80,80,80,80,80,80,80,80,27,87,87,87,69,0,0],"gold":50,"neow_bonus":"ONE_RARE_RELIC","is_daily":false,"chose_seed":false,"campfire_upgraded":2,"win_rate":0.0,"timestamp":1609829508,"path_taken":["M","M","?","?","M","R","E","R","T","R","$","M","?","M","R","BOSS","M","?","?","$","M","E","?","R","T","M","E","?","R","?","R","BOSS","M","$","M","M","?","R","?","M","T","?","?","R","?","M","R","BOSS","R","$","E","BOSS"],"items_purchased_type":["Card","Relic","Card"],"build_version":"2020-12-22","purchased_purges":2,"victory":false,"max_hp_per_floor":[70,70,70,70,70,70,70,70,70,70,70,70,70,70,70,70,70,70,70,70,70,70,77,77,87,87,87,87,87,87,87,87,87,87,87,87,87,87,87,87,87,87,87,87,87,87,87,87,87,87,87,87,87,87,87,87],"card_choices":[{"not_picked":["Dagger Spray","Distraction"],"picked":"Bouncing Flask","floor":1},{"not_picked":["Masterful Stab","Deflect","Flechettes"],"picked":"SKIP","floor":2},{"not_picked":["Leg Sweep","Infinite Blades"],"picked":"Poisoned Stab","floor":5},{"not_picked":["Flechettes","Deadly Poison"],"picked":"Poisoned Stab","floor":7},{"not_picked":["Masterful Stab","Flying Knee","Predator"],"picked":"SKIP","floor":12},{"not_picked":["Outmaneuver","Poisoned Stab","Concentrate"],"picked":"SKIP","floor":14},{"not_picked":["Die Die Die","Adrenaline"],"picked":"Envenom","floor":16},{"not_picked":["Outmaneuver","Blade Dance","Deflect"],"picked":"SKIP","floor":18},{"not_picked":["Finisher","Flechettes+1","Bane"],"picked":"SKIP","floor":22},{"not_picked":["Choke+1","Well Laid Plans+1","Riddle With Holes"],"picked":"SKIP","floor":23},{"not_picked":["Acrobatics","Dagger Spray","Blade Dance"],"picked":"SKIP","floor":27},{"not_picked":["Dagger Spray+1","Dash","Footwork"],"picked":"SKIP","floor":28},{"not_picked":["Venomology","Storm of Steel"],"picked":"Adrenaline","floor":33},{"not_picked":[],"picked":"Deadly Poison+1","floor":35},{"not_picked":["Dagger Spray+1"],"picked":"SKIP","floor":37},{"not_picked":["Blade Dance+1"],"picked":"SKIP","floor":38},{"not_picked":[],"picked":"Crippling Poison","floor":41},{"not_picked":["Night Terror"],"picked":"SKIP","floor":42},{"not_picked":[],"picked":"Escape Plan","floor":44},{"not_picked":["Underhanded Strike"],"picked":"SKIP","floor":45},{"not_picked":[],"picked":"Deadly Poison+1","floor":48},{"not_picked":["Dagger Spray"],"picked":"SKIP","floor":54}],"player_experience":218834,"relics_obtained":[{"floor":7,"key":"Pantograph"},{"floor":19,"key":"Anchor"},{"floor":23,"key":"Strawberry"},{"floor":25,"key":"Pear"},{"floor":26,"key":"Spirit Poop"},{"floor":28,"key":"Thread and Needle"},{"floor":32,"key":"Ancient Tea Set"},{"floor":40,"key":"Centennial Puzzle"},{"floor":41,"key":"FossilizedHelix"},{"floor":43,"key":"War Paint"},{"floor":49,"key":"Bottled Tornado"},{"floor":52,"key":"InkBottle"},{"floor":54,"key":"Art of War"}],"event_choices":[{"cards_removed":["Strike_G"],"damage_healed":0,"gold_gain":0,"player_choice":"Forget","damage_taken":0,"max_hp_gain":0,"max_hp_loss":0,"event_name":"Living Wall","floor":3,"gold_loss":0},{"damage_healed":0,"gold_gain":0,"player_choice":"Entered Light","damage_taken":14,"max_hp_gain":0,"max_hp_loss":0,"event_name":"Shining Light","floor":4,"gold_loss":0,"cards_upgraded":["Strike_G","Survivor"]},{"damage_healed":0,"gold_gain":0,"player_choice":"Got Potions","damage_taken":0,"max_hp_gain":0,"max_hp_loss":0,"event_name":"Lab","floor":13,"gold_loss":0},{"damage_healed":0,"gold_gain":0,"player_choice":"Paid","damage_taken":0,"relics_obtained":["Red Mask"],"max_hp_gain":0,"max_hp_loss":0,"event_name":"Tomb of Lord Red Mask","floor":39,"gold_loss":85},{"damage_healed":0,"gold_gain":0,"player_choice":"Fight","damage_taken":0,"max_hp_gain":0,"max_hp_loss":0,"event_name":"MindBloom","floor":41,"gold_loss":0}],"is_beta":false,"boss_relics":[{"not_picked":["WristBlade","Fusion Hammer"],"picked":"Sozu"},{"not_picked":["Runic Pyramid","Runic Dome"],"picked":"Busted Crown"}],"items_purged_floors":[29,36],"is_endless":false,"potions_floor_spawned":[2,5,12,22,23,28,38,41,42,44,48],"killed_by":"The Heart","ascension_level":0}}