{"host":"r1w5o5rhvc53l1z6","time":1609813526,"event":{"mods":["BaseMod","Colored Map","DeckTracker","Minty Spire (QoL Compilation)","Permanent Neow","Quick Restart","SuperFastMode","everything is the same but u backflip on backflip"],"gold_per_floor":[14,25,35,53,63,77,89,120,193,193,193,209,234,245,245,342,342,354,372,45,45,56,86,386,386,386,386,421,421,434,454,454,552,552,567,27,45,55,71,71,71,91,91,124,124,151,151,162,162,162,162,162,23,50,50],"floor_reached":56,"playtime":3097,"items_purged":["Defend_G"],"score":1315,"play_id":"36d5a97c-f0f7-495f-acd8-c0a14065e146","local_time":"20210105112526","is_ascension_mode":false,"campfire_choices":[{"floor":11.0,"key":"REST"},{"floor":15.0,"key":"REST"},{"floor":24.0,"key":"DIG"},{"floor":27.0,"key":"REST"},{"data":"Apotheosis","floor":29.0,"key":"SMITH"},{"floor":32.0,"key":"DIG"},{"data":"Accuracy","floor":40.0,"key":"SMITH"},{"floor":45.0,"key":"DIG"},{"floor":47.0,"key":"RECALL"},{"floor":49.0,"key":"DIG"},{"floor":52.0,"key":"DIG"}],"circlet_count":0,"master_deck":["Strike_G","Strike_G","Strike_G","Strike_G+1","Strike_G+1","Defend_G","Defend_G","Defend_G","Defend_G","Survivor","Neutralize","Apotheosis+1","Prepared","Accuracy+1","Acrobatics","Cloak And Dagger","Reflex","Underhanded Strike","Blur","Escape Plan","After Image","Blade Dance","Dodge and Roll","Blade Dance","Tactician","Grand Finale","Cloak And Dagger","Tactician","Venomology","PiercingWail","Accuracy","Tactician+1","Phantasmal Killer","Backflip","Calculated Gamble+1"],"relics":["Ring of the Snake","Pen Nib","InkBottle","Potion Belt","WristBlade","Shovel","Bag of Marbles","Old Coin","Ninja Scroll","Vajra","Whetstone","HoveringKite","Shuriken","Membership Card","Orichalcum","HornCleat","The Courier","Bottled Lightning","Mercury Hourglass","Cauldron","Strawberry","Blue Candle"],"acts_visited":["Exordium","TheCity","TheBeyond","TheEnding"],"potions_floor_usage":[55,55,55,55,55,55],"damage_taken":[{"damage":0.0,"enemies":"Cultist","floor":1.0,"turns":5.0},{"damage":0.0,"enemies":"2 Louse","floor":2.0,"turns":3.0},{"damage":0.0,"enemies":"Small Slimes","floor":3.0,"turns":3.0},{"damage":2.0,"enemies":"Looter","floor":4.0,"turns":5.0},{"damage":1.0,"enemies":"3 Louse","floor":5.0,"turns":6.0},{"damage":8.0,"enemies":"Gremlin Gang","floor":6.0,"turns":4.0},{"damage":0.0,"enemies":"Looter","floor":7.0,"turns":4.0},{"damage":41.0,"enemies":"Gremlin Nob","floor":8.0,"turns":6.0},{"damage":7.0,"enemies":"Exordium Wildlife","floor":12.0,"turns":5.0},{"damage":7.0,"enemies":"Lagavulin","floor":13.0,"turns":5.0},{"damage":3.0,"enemies":"2 Fungi Beasts","floor":14.0,"turns":5.0},{"damage":12.0,"enemies":"The Guardian","floor":16.0,"turns":11.0},{"damage":11.0,"enemies":"3 Byrds","floor":18.0,"turns":8.0},{"damage":2.0,"enemies":"Shell Parasite","floor":19.0,"turns":4.0},{"damage":10.0,"enemies":"Centurion and Healer","floor":22.0,"turns":5.0},{"damage":20.0,"enemies":"Gremlin Leader","floor":23.0,"turns":5.0},{"damage":15.0,"enemies":"Book of Stabbing","floor":28.0,"turns":5.0},{"damage":0.0,"enemies":"Cultist and Chosen","floor":30.0,"turns":3.0},{"damage":0.0,"enemies":"Snecko","floor":31.0,"turns":2.0},{"damage":31.0,"enemies":"Automaton","floor":33.0,"turns":8.0},{"damage":0.0,"enemies":"3 Shapes","floor":35.0,"turns":2.0},{"damage":0.0,"enemies":"3 Darklings","floor":37.0,"turns":2.0},{"damage":4.0,"enemies":"Spire Growth","floor":38.0,"turns":4.0},{"damage":0.0,"enemies":"Writhing Mass","floor":39.0,"turns":1.0},{"damage":0.0,"enemies":"Maw","floor":42.0,"turns":2.0},{"damage":0.0,"enemies":"Reptomancer","floor":44.0,"turns":2.0},{"damage":18.0,"enemies":"Nemesis","floor":46.0,"turns":5.0},{"damage":0.0,"enemies":"3 Darklings","floor":48.0,"turns":2.0},{"damage":41.0,"enemies":"Awakened One","floor":50.0,"turns":8.0},{"damage":8,"enemies":"Shield and Spear","floor":54,"turns":3},{"damage":74,"enemies":"The Heart","floor":55,"turns":8}],"seed_played":"-2258049002993272475","potions_obtained":[{"floor":2.0,"key":"FearPotion"},{"floor":3.0,"key":"Explosive Potion"},{"floor":5.0,"key":"FearPotion"},{"floor":8.0,"key":"AttackPotion"},{"floor":13.0,"key":"DuplicationPotion"},{"floor":22.0,"key":"SkillPotion"},{"floor":30.0,"key":"Fire Potion"},{"floor":31.0,"key":"Explosive Potion"},{"floor":35.0,"key":"LiquidBronze"},{"floor":38.0,"key":"Fire Potion"},{"floor":39.0,"key":"Block Potion"},{"floor":44.0,"key":"SteroidPotion"},{"floor":53.0,"key":"Regen Potion"},{"floor":53.0,"key":"ColorlessPotion"}],"is_trial":false,"path_per_floor":["M","M","M","M","M","M","M","E","T","?","R","M","E","M","R","B",null,"M","M","$","?","M","E","R","?","T","R","E","R","M","M","R","B",null,"M","$","M","M","M","R","?","M","T","E","R","E","R","M","R","B",null,"R","$","E","B",null],"character_chosen":"THE_SILENT","items_purchased":["Shovel","Dodge and Roll","Shuriken","Accuracy","Membership Card","Cauldron","Backflip","Strawberry"],"campfire_rested":3,"item_purchase_floors":[20,20,36,36,36,53,53,53],"current_hp_per_floor":[70,70,70,68,67,59,59,18,18,23,45,38,31,28,50,38,75,64,62,62,62,52,32,32,32,32,54,39,39,39,39,39,8,75,75,75,75,71,71,71,71,71,71,71,71,53,53,53,53,12,71,71,78,70,11],"gold":50,"neow_bonus":"RANDOM_COLORLESS_2","is_daily":false,"chose_seed":false,"campfire_upgraded":2,"win_rate":0.0,"timestamp":1609813526,"path_taken":["M","M","M","M","M","M","M","E","T","?","R","M","E","M","R","BOSS","M","M","$","?","M","E","R","?","T","R","E","R","M","M","R","BOSS","M","$","?","M","M","R","?","M","T","E","R","E","R","M","R","BOSS","R","$","E","BOSS"],"items_purchased_type":["Relic","Card","Relic","Card","Relic","Relic","Card","Relic"],"build_version":"2020-12-22","purchased_purges":1,"victory":true,"max_hp_per_floor":[70,70,70,70,70,70,70,70,70,75,75,75,75,75,75,75,75,75,75,75,75,75,75,75,75,75,75,75,75,75,75,75,75,75,75,75,75,75,75,75,71,71,71,71,71,71,71,71,71,71,71,71,78,78,78],"card_choices":[{"not_picked":["Mayhem","Magnetism"],"picked":"Apotheosis","floor":0.0},{"not_picked":["Well Laid Plans","Dagger Spray","Sucker Punch"],"picked":"SKIP","floor":1.0},{"not_picked":["Deadly Poison","Slice"],"picked":"Prepared","floor":2.0},{"not_picked":["Flying Knee","Quick Slash"],"picked":"Accuracy","floor":3.0},{"not_picked":["Quick Slash","Expertise","Masterful Stab"],"picked":"SKIP","floor":4.0},{"not_picked":["Quick Slash","Flying Knee"],"picked":"Acrobatics","floor":5.0},{"not_picked":["Choke","Caltrops","Sucker Punch"],"picked":"SKIP","floor":6.0},{"not_picked":["Eviscerate","Bouncing Flask"],"picked":"Cloak And Dagger","floor":7.0},{"not_picked":["Deflect","Setup"],"picked":"Reflex","floor":8.0},{"not_picked":["Concentrate","Riddle With Holes"],"picked":"Underhanded Strike","floor":12.0},{"not_picked":["Dagger Throw","Predator"],"picked":"Blur","floor":13.0},{"not_picked":["Expertise","Bane"],"picked":"Escape Plan","floor":14.0},{"not_picked":["Die Die Die","A Thousand Cuts"],"picked":"After Image","floor":16.0},{"not_picked":["Eviscerate","Deflect"],"picked":"Blade Dance","floor":18.0},{"not_picked":["Underhanded Strike","Flying Knee","Wraith Form v2"],"picked":"SKIP","floor":19.0},{"not_picked":["Poisoned Stab","Slice+1"],"picked":"Tactician","floor":22.0},{"not_picked":["Quick Slash+1","Night Terror"],"picked":"Grand Finale","floor":23.0},{"not_picked":["Concentrate","Dodge and Roll","Flying Knee"],"picked":"SKIP","floor":28.0},{"not_picked":["Reflex+1","Endless Agony"],"picked":"Cloak And Dagger","floor":30.0},{"not_picked":["Blur+1","Footwork+1"],"picked":"Tactician","floor":31.0},{"not_picked":["Glass Knife","Doppelganger"],"picked":"Venomology","floor":33.0},{"not_picked":["Predator","Footwork+1"],"picked":"PiercingWail","floor":35.0},{"not_picked":["Deflect+1","Crippling Poison"],"picked":"Tactician+1","floor":37.0},{"not_picked":["Poisoned Stab+1","Flying Knee+1","Leg Sweep"],"picked":"SKIP","floor":38.0},{"not_picked":["Bane+1","Dagger Spray","Catalyst"],"picked":"SKIP","floor":39.0},{"not_picked":["Poisoned Stab","Caltrops","Slice+1"],"picked":"SKIP","floor":42.0},{"not_picked":["Backstab","Die Die Die"],"picked":"Phantasmal Killer","floor":44.0},{"not_picked":["Outmaneuver+1","Skewer","Dagger Throw+1"],"picked":"SKIP","floor":46.0},{"not_picked":["Reflex+1","Dash+1","Bouncing Flask"],"picked":"SKIP","floor":48.0},{"not_picked":["Prepared","Blur"],"picked":"Calculated Gamble+1","floor":54}],"player_experience":341290,"relics_obtained":[{"floor":8.0,"key":"Pen Nib"},{"floor":9.0,"key":"InkBottle"},{"floor":13.0,"key":"Potion Belt"},{"floor":23.0,"key":"Bag of Marbles"},{"floor":24.0,"key":"Old Coin"},{"floor":26.0,"key":"Ninja Scroll"},{"floor":28.0,"key":"Vajra"},{"floor":32.0,"key":"Whetstone"},{"floor":44.0,"key":"Orichalcum"},{"floor":45.0,"key":"HornCleat"},{"floor":46.0,"key":"The Courier"},{"floor":49.0,"key":"Bottled Lightning"},{"floor":52.0,"key":"Mercury Hourglass"},{"floor":54,"key":"Blue Candle"}],"event_choices":[{"damage_healed":0.0,"max_hp_gain":5.0,"max_hp_loss":0.0,"gold_gain":0.0,"event_name":"Big Fish","player_choice":"Donut","floor":10.0,"gold_loss":0.0,"damage_taken":0.0},{"damage_healed":0.0,"max_hp_gain":0.0,"max_hp_loss":0.0,"gold_gain":0.0,"event_name":"The Library","player_choice":"Read","floor":21.0,"gold_loss":0.0,"damage_taken":0.0,"cards_obtained":["Blade Dance"]},{"damage_healed":0.0,"max_hp_gain":0.0,"max_hp_loss":0.0,"gold_gain":0.0,"event_name":"NoteForYourself","player_choice":"Ignored","floor":25.0,"gold_loss":0.0,"damage_taken":0.0},{"damage_healed":0.0,"max_hp_gain":0.0,"max_hp_loss":4.0,"gold_gain":0.0,"event_name":"Winding Halls","player_choice":"Max HP","floor":41.0,"gold_loss":0.0,"damage_taken":0.0}],"is_beta":false,"boss_relics":[{"not_picked":["Sozu","Fusion Hammer"],"picked":"WristBlade"},{"not_picked":["Tiny House","SacredBark"],"picked":"HoveringKite"}],"items_purged_floors":[36],"is_endless":false,"potions_floor_spawned":[2,3,5,8,13,22,30,31,35,38,39,44,54],"ascension_level":0}}