{"host":"tnhjz9cb8p0320p2","time":1609806601,"event":{"mods":["BaseMod","Better Third Choice","Downfall","Hermit","Marisa????????","Minty Spire (QoL Compilation)","Relic Stats","Replay The Spire","Shade Mod","StSLib","The Construct","The Cursed","The Jungle","The Runesmith"],"gold_per_floor":[109,178,178,195,207,207,207,207],"floor_reached":7,"playtime":237,"items_purged":[],"score":82,"play_id":"2569b5e8-7053-4b62-882b-d6a29c00b905","local_time":"20210104183001","is_ascension_mode":true,"campfire_choices":[{"data":"Transmutation","floor":6,"key":"SMITH"}],"circlet_count":0,"master_deck":["AscendersBane","Strike_G","Strike_G","Strike_G","Strike_G","Strike_G","Defend_G","Defend_G","Defend_G","Defend_G","Defend_G","Survivor","Neutralize","Shade:Strike_Shade","Strike_P","Transmutation+1","Calculated Gamble","Blade Dance","Caltrops"],"relics":["Ring of the Snake","Replay:Bottled Flurry","CultistMask"],"acts_visited":["Exordium"],"potions_floor_usage":[7],"damage_taken":[{"damage":0,"enemies":"Cultist","floor":1,"turns":3},{"damage":11,"enemies":"2 Louse","floor":4,"turns":4},{"damage":0,"enemies":"Jaw Worm","floor":5,"turns":2},{"damage":51,"enemies":"Gremlin Nob","floor":7,"turns":3}],"seed_played":"-7986649538162160","potions_obtained":[{"floor":1,"key":"CultistPotion"},{"floor":4,"key":"Strength Potion"}],"is_trial":false,"path_per_floor":["M","T","?","M","M","R","E"],"character_chosen":"THE_SILENT","items_purchased":[],"campfire_rested":0,"item_purchase_floors":[],"current_hp_per_floor":[59,59,59,48,48,48,0,0],"gold":207,"neow_bonus":"RANDOM_COLORLESS_2","is_daily":false,"chose_seed":false,"campfire_upgraded":1,"win_rate":0.0,"timestamp":1609806601,"path_taken":["M","?","?","M","M","R","E"],"items_purchased_type":[],"build_version":"2020-12-22","purchased_purges":0,"victory":false,"max_hp_per_floor":[66,66,66,66,66,66,66,66],"relic_stats":{"counters":[4,12],"obtain_stats":[{"CultistMask":3,"Replay:Bottled Flurry":2,"Ring of the Snake":0},{"CultistMask":1,"Replay:Bottled Flurry":1,"Ring of the Snake":0},{"CultistMask":3,"Replay:Bottled Flurry":3,"Ring of the Snake":0}],"Ring of the Snake":[8]},"card_choices":[{"not_picked":["Crow Ritual","Violence"],"picked":"Transmutation","floor":0},{"not_picked":["Reflex","Cloak And Dagger"],"picked":"Calculated Gamble","floor":1},{"not_picked":["Flying Knee","Prepared"],"picked":"Blade Dance","floor":4},{"not_picked":["Flechettes","Bane"],"picked":"Caltrops","floor":5}],"player_experience":2076789,"relics_obtained":[{"floor":2,"key":"Replay:Bottled Flurry"}],"event_choices":[{"damage_healed":0,"gold_gain":0,"player_choice":"Trade","damage_taken":0,"relics_obtained":["CultistMask"],"max_hp_gain":0,"max_hp_loss":0,"event_name":"FaceTrader","floor":3,"gold_loss":0}],"is_beta":false,"boss_relics":[],"items_purged_floors":[],"is_endless":false,"potions_floor_spawned":[1,4],"killed_by":"Gremlin Nob","ascension_level":20}}