{"host":"iml8x8es9od4zowg","time":1609856700,"event":{"mods":["2.2 Compatiblity","BaseMod","Marisa£¨Ùöéë¡¡Øª×âÞÞ£©","Minty Spire (QoL Compilation)","StSLib","Td1madao Mod","The Jungle","¡¼?Úª?ø«¡½REMEMod"],"gold_per_floor":[113,113,129,54,68,68,101,101,125,125,200,150,160,178,178,277,277,288,288,306,326,340,368,368,398,398,22,32,57,22,41,41,144,144,156,171,226,239,249,249,263,298,298,324,324,353,353,371,371,371,371,371,35,62,173],"floor_reached":56,"playtime":4627,"items_purged":["Strike_G"],"score":1348,"play_id":"984332c4-a2a3-4bc2-8df3-d8f8210a3637","local_time":"20210105232500","is_ascension_mode":true,"campfire_choices":[{"data":"Apotheosis","floor":6,"key":"SMITH"},{"floor":8,"key":"RECALL"},{"data":"Neutralize","floor":10,"key":"SMITH"},{"data":"Noxious Fumes","floor":15,"key":"SMITH"},{"floor":24,"key":"REST"},{"floor":32,"key":"REST"},{"data":"Footwork","floor":40,"key":"SMITH"},{"floor":45,"key":"REST"},{"floor":49,"key":"REST"},{"floor":52,"key":"DIG"}],"circlet_count":0,"master_deck":["Strike_G","Strike_G","Defend_G","Defend_G","Defend_G","Defend_G","Survivor","Neutralize+1","Apotheosis+1","Deflect","Noxious Fumes+1","Slice","Burst","Slice","Blur","Expertise","PiercingWail","Slice","Infinite Blades","Footwork+1","Cloak And Dagger+1","Accuracy+1","Acrobatics","Slice","Footwork+1","Footwork+1","Cloak And Dagger","Backflip+1","Accuracy+1","Blade Dance","Footwork+1","Backstab+1","Acrobatics+1","Phantasmal Killer","Deadly Poison","Footwork+1","PiercingWail+1","Backflip","Footwork+1","Dodge and Roll+1"],"relics":["Ring of the Snake","REME_ComplimentaryCards","Bag of Preparation","Happy Flower","WristBlade","Prayer Wheel","The Specimen","Frozen Egg 2","Torii","Snake Skull","Empty Cage","CatCart","Shovel","Ice Cream","Vajra","StoneCalendar","Gremlin Horn","Kunai","REME_ArchaeologicalTools"],"acts_visited":["Exordium","Exordium","TheBeyond","TheEnding"],"potions_floor_usage":[5,16,33,42,44,48,54],"damage_taken":[{"damage":5,"enemies":"Jaw Worm","floor":1,"turns":8},{"damage":0,"enemies":"2 Louse","floor":3,"turns":4},{"damage":0,"enemies":"Small Slimes","floor":5,"turns":4},{"damage":3,"enemies":"Lagavulin","floor":7,"turns":11},{"damage":0,"enemies":"Looter","floor":13,"turns":4},{"damage":3,"enemies":"Lots of Slimes","floor":14,"turns":4},{"damage":30,"enemies":"The Guardian","floor":16,"turns":10},{"damage":4,"enemies":"theJungle:GiantWrat","floor":18,"turns":4},{"damage":8,"enemies":"theJungle:5_Spyders","floor":20,"turns":6},{"damage":2,"enemies":"theJungle:Snecko_Cultist_And_Trap","floor":21,"turns":7},{"damage":29,"enemies":"theJungle:2_Snecko_Cultists","floor":22,"turns":4},{"damage":19,"enemies":"theJungle:MamaSnecko","floor":23,"turns":6},{"damage":12,"enemies":"theJungle:Cassacara","floor":25,"turns":8},{"damage":3,"enemies":"theJungle:2_Flameangoes","floor":28,"turns":7},{"damage":13,"enemies":"theJungle:MamaSnecko","floor":29,"turns":4},{"damage":0,"enemies":"theJungle:Lyon","floor":31,"turns":5},{"damage":8,"enemies":"theJungle:TotemBoss","floor":33,"turns":8},{"damage":0,"enemies":"Orb Walker","floor":35,"turns":4},{"damage":3,"enemies":"3 Shapes","floor":36,"turns":4},{"damage":14,"enemies":"Orin","floor":37,"turns":8},{"damage":0,"enemies":"Maw","floor":38,"turns":7},{"damage":2,"enemies":"4 Shapes","floor":39,"turns":7},{"damage":0,"enemies":"Jaw Worm Horde","floor":41,"turns":5},{"damage":21,"enemies":"Reptomancer","floor":42,"turns":6},{"damage":9,"enemies":"Nemesis","floor":44,"turns":7},{"damage":19,"enemies":"Reptomancer","floor":46,"turns":5},{"damage":7,"enemies":"Maw","floor":48,"turns":7},{"damage":46,"enemies":"Time Eater","floor":50,"turns":11},{"damage":49,"enemies":"Shield and Spear","floor":54,"turns":7},{"damage":75,"enemies":"The Heart","floor":55,"turns":8}],"seed_played":"1359095815514977240","potions_obtained":[{"floor":5,"key":"Fruit Juice"},{"floor":14,"key":"ColorlessPotion"},{"floor":18,"key":"LiquidBronze"},{"floor":20,"key":"EssenceOfSteel"},{"floor":29,"key":"FairyPotion"},{"floor":31,"key":"Dexterity Potion"},{"floor":36,"key":"SpeedPotion"},{"floor":37,"key":"DistilledChaos"},{"floor":42,"key":"GamblersBrew"}],"is_trial":false,"path_per_floor":["M","?","M","$","M","R","E","R","T","R","?","?","M","M","R","B",null,"M","?","M","M","M","E","R","E","T","$","M","E","$","M","R","B",null,"M","M","?","M","M","R","M","E","T","E","R","E","?","M","R","B",null,"R","$","E","B",null],"character_chosen":"THE_SILENT","items_purchased":["Torii","Accuracy+1","Footwork+1","Kunai","DistilledChaos"],"campfire_rested":4,"item_purchase_floors":[27,27,30,53,53],"current_hp_per_floor":[65,65,65,65,70,70,67,67,67,67,56,56,56,53,53,23,75,71,71,63,61,32,13,35,23,23,23,20,7,7,7,29,21,75,75,72,58,58,56,56,56,35,35,26,48,29,29,22,44,22,75,75,75,26,62],"gold":173,"neow_bonus":"ONE_RANDOM_RARE_CARD","is_daily":false,"chose_seed":false,"campfire_upgraded":4,"win_rate":0.0,"timestamp":1609856700,"path_taken":["M","?","M","$","M","R","E","R","T","R","?","?","M","M","R","BOSS","M","?","M","M","M","E","R","E","T","$","M","E","$","M","R","BOSS","M","?","?","M","M","R","M","E","T","E","R","E","?","?","R","BOSS","R","$","E","BOSS"],"items_purchased_type":["Relic","Card","Card","Relic","Potion"],"build_version":"2020-12-22","purchased_purges":1,"victory":true,"max_hp_per_floor":[70,70,70,70,75,75,75,75,75,75,75,75,75,75,75,75,75,75,75,75,75,75,75,75,75,75,75,75,75,75,75,75,75,75,75,75,75,75,75,75,75,75,75,75,75,75,75,75,75,75,75,75,75,75,75],"card_choices":[{"not_picked":["Prepared","Quick Slash"],"picked":"Deflect","floor":1},{"not_picked":["Setup","Dodge and Roll","Prepared"],"picked":"SKIP","floor":3},{"not_picked":["Choke","Endless Agony","Setup"],"picked":"SKIP","floor":5},{"not_picked":["REME_ShadowStrike","Bane","Concentrate"],"picked":"SKIP","floor":7},{"not_picked":["Catalyst","Deadly Poison"],"picked":"Noxious Fumes","floor":13},{"not_picked":["Flying Knee","Bane"],"picked":"Slice","floor":14},{"not_picked":["Corpse Explosion","Doppelganger"],"picked":"Burst","floor":16},{"not_picked":["Skewer","Underhanded Strike"],"picked":"Slice","floor":18},{"not_picked":["Calculated Gamble","Dodge and Roll+1"],"picked":"Blur","floor":20},{"not_picked":["Dodge and Roll","Acrobatics"],"picked":"Expertise","floor":20},{"not_picked":["Concentrate","Eviscerate"],"picked":"PiercingWail","floor":21},{"not_picked":["Flying Knee","Masterful Stab"],"picked":"Slice","floor":21},{"not_picked":["Quick Slash","Backflip+1"],"picked":"Infinite Blades","floor":22},{"not_picked":["Sucker Punch","PiercingWail+1"],"picked":"Footwork","floor":22},{"not_picked":["PiercingWail+1","Expertise"],"picked":"Cloak And Dagger+1","floor":23},{"not_picked":["Crippling Poison","Quick Slash+1","Sucker Punch+1"],"picked":"SKIP","floor":25},{"not_picked":["PiercingWail","Deflect+1"],"picked":"Acrobatics","floor":28},{"not_picked":["Catalyst+1","Malaise"],"picked":"Slice","floor":28},{"not_picked":["REME_ShadowStrike","Setup+1","Underhanded Strike"],"picked":"SKIP","floor":29},{"not_picked":["Dodge and Roll+1","Tactician+1"],"picked":"Footwork+1","floor":31},{"not_picked":["Sucker Punch","Underhanded Strike","Predator"],"picked":"SKIP","floor":31},{"not_picked":["Terror+1","Bane","Crippling Poison"],"picked":"SKIP","floor":35},{"not_picked":["Dagger Throw+1","Skewer","Choke"],"picked":"SKIP","floor":35},{"not_picked":["Dagger Throw","Outmaneuver"],"picked":"Cloak And Dagger","floor":36},{"not_picked":["Riddle With Holes","Bane"],"picked":"Backflip+1","floor":36},{"not_picked":["Heel Hook","Quick Slash+1"],"picked":"Accuracy+1","floor":37},{"not_picked":["Bane","Dagger Spray"],"picked":"Blade Dance","floor":38},{"not_picked":["Escape Plan+1","Dagger Throw+1"],"picked":"Footwork+1","floor":38},{"not_picked":["Sucker Punch+1","Skewer+1"],"picked":"Backstab+1","floor":39},{"not_picked":["Tactician","Dagger Spray"],"picked":"Acrobatics+1","floor":39},{"not_picked":["Dagger Spray+1","Sucker Punch"],"picked":"Phantasmal Killer","floor":41},{"not_picked":["Setup","Acrobatics"],"picked":"Deadly Poison","floor":41},{"not_picked":["Well Laid Plans+1","REME_ShadowStrike+1"],"picked":"Footwork+1","floor":42},{"not_picked":["Leg Sweep+1","Outmaneuver+1","REME_ShadowStrike"],"picked":"SKIP","floor":44},{"not_picked":["Expertise+1","REME_ShadowStrike"],"picked":"PiercingWail+1","floor":46},{"not_picked":["Blade Dance","Reflex+1"],"picked":"Backflip","floor":48},{"not_picked":["Catalyst","Skewer"],"picked":"Footwork+1","floor":48},{"not_picked":["Predator","Bane+1"],"picked":"Dodge and Roll+1","floor":54}],"player_experience":518803,"relics_obtained":[{"floor":7,"key":"Bag of Preparation"},{"floor":9,"key":"Happy Flower"},{"floor":23,"key":"The Specimen"},{"floor":25,"key":"Frozen Egg 2"},{"floor":29,"key":"Snake Skull"},{"floor":37,"key":"CatCart"},{"floor":42,"key":"Shovel"},{"floor":43,"key":"Ice Cream"},{"floor":44,"key":"Vajra"},{"floor":46,"key":"StoneCalendar"},{"floor":52,"key":"Gremlin Horn"},{"floor":54,"key":"REME_ArchaeologicalTools"}],"event_choices":[{"cards_removed":["Malaise"],"damage_healed":0,"gold_gain":0,"player_choice":"Forget","damage_taken":0,"max_hp_gain":0,"max_hp_loss":0,"event_name":"Living Wall","floor":2,"gold_loss":0},{"damage_healed":0,"gold_gain":75,"player_choice":"Gather Gold","damage_taken":11,"max_hp_gain":0,"max_hp_loss":0,"event_name":"World of Goop","floor":11,"gold_loss":0},{"cards_removed":["Defend_G"],"damage_healed":0,"gold_gain":0,"player_choice":"Card Removal","damage_taken":0,"max_hp_gain":0,"max_hp_loss":0,"event_name":"The Cleric","floor":12,"gold_loss":50},{"damage_healed":0,"gold_gain":0,"player_choice":"Gave Potion","damage_taken":0,"relics_obtained":["Prayer Wheel"],"max_hp_gain":0,"max_hp_loss":0,"event_name":"WeMeetAgain","floor":19,"gold_loss":0},{"damage_healed":0,"gold_gain":0,"player_choice":"Fight","damage_taken":0,"max_hp_gain":0,"max_hp_loss":0,"event_name":"OrinTheCat","floor":37,"gold_loss":0},{"damage_healed":0,"gold_gain":0,"player_choice":"Ignored","damage_taken":0,"max_hp_gain":0,"max_hp_loss":0,"event_name":"SecretPortal","floor":47,"gold_loss":0}],"is_beta":false,"boss_relics":[{"not_picked":["SacredBark","REME_DemonsWealth"],"picked":"WristBlade"},{"not_picked":["Snecko Eye","Fusion Hammer"],"picked":"Empty Cage"}],"items_purged_floors":[4],"is_endless":false,"potions_floor_spawned":[5,14,18,20,29,31,36,37,38,41,42],"ascension_level":1}}