{"host":"ga4s3hj9m6nkn6gp","time":1609852493,"event":{"mods":["AchievementEnabler","BaseMod","Colored Powertips","Highlight Path","Minty Spire (QoL Compilation)","Relic Stats","everything is the same but u backflip on backflip"],"gold_per_floor":[115,40,57,73,88,88,119,119,169,202,215,101,101,118,118,195,195,211,226,241,19,19,19,39,69,69,69,85,85,28,54,54,129,129,145,161,58,71,91,91,120,120,146,146,146,163,6,6,6],"floor_reached":48,"playtime":3260,"items_purged":["Strike_G"],"score":1124,"play_id":"7ba33b9b-b706-4ebf-9b11-4849f4deeb2a","local_time":"20210105141453","is_ascension_mode":true,"campfire_choices":[{"data":"Sucker Punch","floor":6,"key":"SMITH"},{"data":"Poisoned Stab","floor":8,"key":"SMITH"},{"floor":15,"key":"REST"},{"floor":23,"key":"REST"},{"data":"Bouncing Flask","floor":27,"key":"SMITH"},{"data":"Blade Dance","floor":29,"key":"SMITH"},{"data":"Crippling Poison","floor":32,"key":"SMITH"},{"data":"Blade Dance","floor":40,"key":"SMITH"},{"floor":42,"key":"RECALL"}],"circlet_count":0,"master_deck":["AscendersBane","Strike_G","Strike_G","Strike_G+1","Defend_G","Defend_G","Defend_G","Defend_G","Defend_G","Survivor","Neutralize","Dagger Throw+1","Sucker Punch+1","Backstab","Tools of the Trade","Poisoned Stab+1","Envenom+1","Catalyst+1","Bouncing Flask+1","Noxious Fumes+1","After Image+1","Crippling Poison+1","Wraith Form v2+1","Blade Dance+1","Tactician+1","Acrobatics","Venomology","Wraith Form v2+1","CurseOfTheBell","Blade Dance+1","Well Laid Plans+1","Terror","Sadistic Nature+1","Flash of Steel"],"relics":["Philosopher\u0027s Stone","Frozen Egg 2","Regal Pillow","Bag of Preparation","SacredBark","Snake Skull","Smiling Mask","Blue Candle","Calling Bell","Pen Nib","Pear","FossilizedHelix","Sundial","Frozen Eye"],"acts_visited":["Exordium","TheCity","TheBeyond"],"potions_floor_usage":[7,10,14,16,18,25,33,33,35,36,36,38,39,48],"damage_taken":[{"damage":1,"enemies":"2 Louse","floor":1,"turns":4},{"damage":3,"enemies":"Jaw Worm","floor":3,"turns":5},{"damage":0,"enemies":"Cultist","floor":4,"turns":3},{"damage":2,"enemies":"Lots of Slimes","floor":5,"turns":5},{"damage":19,"enemies":"3 Sentries","floor":7,"turns":10},{"damage":8,"enemies":"Gremlin Nob","floor":10,"turns":4},{"damage":2,"enemies":"2 Fungi Beasts","floor":11,"turns":3},{"damage":0,"enemies":"Blue Slaver","floor":14,"turns":1},{"damage":10,"enemies":"The Guardian","floor":16,"turns":6},{"damage":0,"enemies":"Chosen","floor":18,"turns":3},{"damage":23,"enemies":"2 Thieves","floor":19,"turns":4},{"damage":7,"enemies":"Chosen and Byrds","floor":20,"turns":7},{"damage":0,"enemies":"Snecko","floor":24,"turns":5},{"damage":11,"enemies":"Slavers","floor":25,"turns":5},{"damage":0,"enemies":"Snake Plant","floor":28,"turns":4},{"damage":2,"enemies":"Gremlin Leader","floor":31,"turns":5},{"damage":34,"enemies":"Automaton","floor":33,"turns":9},{"damage":1,"enemies":"3 Shapes","floor":35,"turns":5},{"damage":0,"enemies":"3 Darklings","floor":36,"turns":3},{"damage":0,"enemies":"Maw","floor":38,"turns":6},{"damage":0,"enemies":"Jaw Worm Horde","floor":39,"turns":5},{"damage":1,"enemies":"Giant Head","floor":41,"turns":7},{"damage":0,"enemies":"Transient","floor":46,"turns":6},{"damage":112,"enemies":"Reptomancer","floor":48,"turns":2}],"seed_played":"-4419538802176747239","potions_obtained":[{"floor":5,"key":"Swift Potion"},{"floor":7,"key":"Block Potion"},{"floor":11,"key":"SteroidPotion"},{"floor":14,"key":"BlessingOfTheForge"},{"floor":16,"key":"AttackPotion"},{"floor":20,"key":"Block Potion"},{"floor":24,"key":"SpeedPotion"},{"floor":28,"key":"Fire Potion"},{"floor":31,"key":"Ancient Potion"},{"floor":33,"key":"FearPotion"}],"is_trial":false,"path_per_floor":["M","?","M","M","M","R","E","R","T","E","M","$","?","M","R","B",null,"M","M","M","$","?","R","M","E","T","R","M","R","$","E","R","B",null,"M","M","$","M","M","R","E","R","T","?","?","M","$","E"],"character_chosen":"THE_SILENT","items_purchased":["Bouncing Flask","Noxious Fumes+1","Wraith Form v2+1","Blade Dance","Acrobatics","Dexterity Potion","Frozen Eye"],"campfire_rested":2,"item_purchase_floors":[12,12,21,21,30,37,47],"current_hp_per_floor":[58,58,55,55,53,53,34,34,34,26,24,24,4,4,38,28,57,57,34,27,27,27,61,61,50,50,50,50,50,50,48,48,14,63,62,62,62,62,62,62,61,61,61,51,51,51,51,0,0],"gold":6,"neow_bonus":"BOSS_RELIC","is_daily":false,"chose_seed":false,"campfire_upgraded":6,"win_rate":0.0,"timestamp":1609852493,"path_taken":["M","?","M","M","M","R","E","R","T","E","M","$","?","M","R","BOSS","M","M","M","$","?","R","M","E","T","R","M","R","?","E","R","BOSS","M","M","$","?","?","R","E","R","T","?","?","M","?","E"],"items_purchased_type":["Card","Card","Card","Card","Card","Potion","Relic"],"build_version":"2020-12-22","purchased_purges":1,"victory":false,"max_hp_per_floor":[66,66,66,66,66,66,66,66,66,66,66,66,66,66,66,66,66,66,66,66,66,66,66,66,66,66,66,66,66,66,66,66,66,76,76,76,76,76,76,76,76,76,76,76,76,76,76,76,76],"relic_stats":{"Regal Pillow":30,"counters":[24,117],"Sundial":[0],"Blue Candle":[1],"Snake Skull":[195],"Pen Nib":[8],"Bag of Preparation":[36],"Smiling Mask":25,"obtain_stats":[{"Regal Pillow":9,"Pear":34,"SacredBark":17,"Blue Candle":31,"Snake Skull":25,"Pen Nib":34,"Bag of Preparation":10,"Frozen Egg 2":7,"Smiling Mask":26,"Calling Bell":34,"Frozen Eye":47,"Sundial":41,"Philosopher\u0027s Stone":0,"FossilizedHelix":34,"Ring of the Snake":0},{"Regal Pillow":5,"Pear":17,"SacredBark":9,"Blue Candle":16,"Snake Skull":14,"Pen Nib":17,"Bag of Preparation":6,"Frozen Egg 2":5,"Smiling Mask":14,"Calling Bell":17,"Frozen Eye":23,"Sundial":22,"Philosopher\u0027s Stone":0,"FossilizedHelix":17,"Ring of the Snake":0},{"Regal Pillow":27,"Pear":83,"SacredBark":41,"Blue Candle":74,"Snake Skull":65,"Pen Nib":83,"Bag of Preparation":31,"Frozen Egg 2":27,"Smiling Mask":65,"Calling Bell":83,"Frozen Eye":115,"Sundial":109,"Philosopher\u0027s Stone":0,"FossilizedHelix":83,"Ring of the Snake":0}]},"card_choices":[{"not_picked":["Cloak And Dagger","Underhanded Strike"],"picked":"Dagger Throw","floor":1},{"not_picked":["Choke","Slice"],"picked":"Sucker Punch","floor":3},{"not_picked":["Caltrops","Dodge and Roll"],"picked":"Backstab","floor":4},{"not_picked":["Dash","Blur"],"picked":"Tools of the Trade","floor":5},{"not_picked":["PiercingWail","Dagger Spray"],"picked":"Poisoned Stab","floor":7},{"not_picked":["Outmaneuver","PiercingWail"],"picked":"Envenom+1","floor":10},{"not_picked":["Blur","Riddle With Holes"],"picked":"Catalyst","floor":11},{"not_picked":["Eviscerate","Poisoned Stab","Deflect"],"picked":"SKIP","floor":14},{"not_picked":["Envenom+1","Adrenaline"],"picked":"After Image+1","floor":16},{"not_picked":["Caltrops+1","Predator+1"],"picked":"Crippling Poison","floor":18},{"not_picked":["Poisoned Stab","Underhanded Strike"],"picked":"Skewer+1","floor":19},{"not_picked":["Poisoned Stab","Deflect+1","Dodge and Roll"],"picked":"SKIP","floor":20},{"not_picked":["Bane","Prepared"],"picked":"Tactician+1","floor":24},{"not_picked":["Outmaneuver","Prepared","Concentrate"],"picked":"SKIP","floor":25},{"not_picked":["Doppelganger","Bane","Sucker Punch"],"picked":"SKIP","floor":28},{"not_picked":["Underhanded Strike","Heel Hook"],"picked":"Venomology","floor":31},{"not_picked":["Doppelganger","A Thousand Cuts+1"],"picked":"Wraith Form v2+1","floor":33},{"not_picked":["Deflect","Acrobatics"],"picked":"Blade Dance","floor":35},{"not_picked":["Cloak And Dagger","Flying Knee","Dagger Throw"],"picked":"SKIP","floor":36},{"not_picked":["All Out Attack","Expertise+1"],"picked":"Well Laid Plans+1","floor":38},{"not_picked":["Prepared","Concentrate"],"picked":"Terror","floor":39},{"not_picked":["Predator+1","Slice","Dash"],"picked":"SKIP","floor":41},{"not_picked":["Jack Of All Trades","Impatience"],"picked":"Sadistic Nature+1","floor":44},{"not_picked":["Blind","Forethought"],"picked":"Flash of Steel","floor":44},{"not_picked":["Crippling Poison","Heel Hook","Quick Slash"],"picked":"SKIP","floor":46}],"player_experience":577967,"relics_obtained":[{"floor":7,"key":"Frozen Egg 2"},{"floor":9,"key":"Regal Pillow"},{"floor":10,"key":"Bag of Preparation"},{"floor":25,"key":"Snake Skull"},{"floor":26,"key":"Smiling Mask"},{"floor":31,"key":"Blue Candle"},{"floor":34,"key":"Pen Nib"},{"floor":34,"key":"Pear"},{"floor":34,"key":"FossilizedHelix"},{"floor":41,"key":"Sundial"}],"event_choices":[{"cards_removed":["Strike_G"],"damage_healed":0,"gold_gain":0,"player_choice":"Card Removal","damage_taken":0,"max_hp_gain":0,"max_hp_loss":0,"event_name":"The Cleric","floor":2,"gold_loss":75},{"damage_healed":0,"gold_gain":0,"player_choice":"Entered Light","damage_taken":20,"max_hp_gain":0,"max_hp_loss":0,"event_name":"Shining Light","floor":13,"gold_loss":0,"cards_upgraded":["Strike_G","Dagger Throw"]},{"damage_healed":0,"gold_gain":0,"player_choice":"Upgraded","damage_taken":0,"max_hp_gain":0,"max_hp_loss":0,"event_name":"Upgrade Shrine","floor":22,"gold_loss":0,"cards_upgraded":["Catalyst"]},{"damage_healed":0,"gold_gain":0,"player_choice":"Memory 3","damage_taken":10,"max_hp_gain":0,"max_hp_loss":0,"event_name":"SensoryStone","floor":44,"gold_loss":0},{"cards_removed":["Skewer"],"damage_healed":0,"gold_gain":0,"player_choice":"Removed Attack","damage_taken":0,"max_hp_gain":0,"max_hp_loss":0,"event_name":"Falling","floor":45,"gold_loss":0}],"is_beta":false,"boss_relics":[{"not_picked":["Velvet Choker","Snecko Eye"],"picked":"SacredBark"},{"not_picked":["SlaversCollar","WristBlade"],"picked":"Calling Bell"}],"items_purged_floors":[37],"is_endless":false,"potions_floor_spawned":[5,7,11,14,16,20,24,28,31,33,39,46],"killed_by":"Reptomancer","ascension_level":20}}