{"host":"9l4mw5jqza9qz9hr","time":1609837925,"event":{"mods":["AchievementEnabler","Always Whale","BaseMod","Colored Map","Minty Spire (QoL Compilation)","StSLib","SuperFastMode"],"gold_per_floor":[117,117,183,233,302,302,313,363,389,514,525,111,146,164,164,264,264,280,330,405,63,113,113,173,223,223,188,188,205,205,219,219,318,318,332,435,485,535,585,585,654,51,51,101,135,185,33,44,44,44],"floor_reached":51,"playtime":1260,"items_purged":["Strike_R","Strike_R","Defend_R"],"score":1004,"play_id":"23607226-23da-437c-85ef-5f7afc2b7f57","local_time":"20210105181205","is_ascension_mode":true,"campfire_choices":[{"data":"Uppercut","floor":6.0,"key":"SMITH"},{"data":"Heavy Blade","floor":15.0,"key":"SMITH"},{"data":"Flex","floor":23.0,"key":"SMITH"},{"data":"Shockwave","floor":28.0,"key":"SMITH"},{"data":"Shrug It Off","floor":30.0,"key":"SMITH"},{"floor":32.0,"key":"REST"},{"data":"Madness","floor":40.0,"key":"SMITH"},{"data":"Madness","floor":49,"key":"SMITH"}],"circlet_count":0,"master_deck":["Defend_R","Defend_R","Bash","Uppercut+1","Twin Strike","Hemokinesis","Flex+1","Shrug It Off+1","Shockwave+1","Spot Weakness+1","Heavy Blade+1","Disarm","Battle Trance+1","Bludgeon","Heavy Blade+1","Offering","CurseOfTheBell","Pummel+1","Flash of Steel","Deep Breath","Madness+1","Madness+1","Flex+1","Offering+1"],"relics":["Burning Blood","NeowsBlessing","SsserpentHead","Art of War","Du-Vu Doll","Smiling Mask","Empty Cage","MutagenicStrength","War Paint","Medical Kit","Red Skull","Pantograph","Paper Frog","Calling Bell","Omamori","The Courier","FossilizedHelix","Bird Faced Urn","ClockworkSouvenir","Gremlin Horn","Gambling Chip","Toxic Egg 2","Bottled Lightning","Bag of Marbles"],"acts_visited":["Exordium","TheCity","TheBeyond"],"potions_floor_usage":[50],"damage_taken":[{"damage":0.0,"enemies":"Jaw Worm","floor":1.0,"turns":1.0},{"damage":0.0,"enemies":"Cultist","floor":3.0,"turns":1.0},{"damage":0.0,"enemies":"Small Slimes","floor":5.0,"turns":1.0},{"damage":17.0,"enemies":"3 Louse","floor":7.0,"turns":3.0},{"damage":13.0,"enemies":"Exordium Thugs","floor":11.0,"turns":4.0},{"damage":26.0,"enemies":"Gremlin Nob","floor":13.0,"turns":4.0},{"damage":6.0,"enemies":"Blue Slaver","floor":14.0,"turns":4.0},{"damage":17.0,"enemies":"The Guardian","floor":16.0,"turns":10.0},{"damage":7.0,"enemies":"Chosen","floor":18.0,"turns":4.0},{"damage":10.0,"enemies":"2 Thieves","floor":24.0,"turns":4.0},{"damage":1.0,"enemies":"Sentry and Sphere","floor":29.0,"turns":3.0},{"damage":10.0,"enemies":"Chosen and Byrds","floor":31.0,"turns":3.0},{"damage":78.0,"enemies":"Automaton","floor":33.0,"turns":8.0},{"damage":6.0,"enemies":"3 Darklings","floor":35.0,"turns":3.0},{"damage":22.0,"enemies":"2 Orb Walkers","floor":36.0,"turns":4.0},{"damage":19.0,"enemies":"3 Shapes","floor":41.0,"turns":4.0},{"damage":26.0,"enemies":"Reptomancer","floor":45.0,"turns":5.0},{"damage":2,"enemies":"Sphere and 2 Shapes","floor":48,"turns":1},{"damage":56,"enemies":"Awakened One","floor":50,"turns":5}],"seed_played":"379969291688237379","potions_obtained":[{"floor":3.0,"key":"Weak Potion"},{"floor":24.0,"key":"ColorlessPotion"},{"floor":35.0,"key":"BloodPotion"},{"floor":45.0,"key":"SkillPotion"}],"is_trial":false,"path_per_floor":["M","?","M","?","M","R","M","?","T","?","M","$","E","M","R","B",null,"M","?","T","$","?","R","M","?","T","?","R","M","R","M","R","B",null,"M","?","?","?","?","R","M","$","T","?","E","?","$","M","R","B",null],"character_chosen":"IRONCLAD","items_purchased":["Heavy Blade","Du-Vu Doll","Medical Kit","Red Skull","ClockworkSouvenir","Gremlin Horn","Gambling Chip","Flex+1","Bag of Marbles"],"campfire_rested":1,"item_purchase_floors":[12,12,21,21,42,42,42,47,47],"current_hp_per_floor":[78,78,80,80,80,80,69,62,62,51,44,44,24,24,24,13,63,62,62,62,62,62,62,58,43,43,43,43,48,48,44,69,13,67,67,51,41,41,30,30,19,19,19,19,16,74,74,74,74,24],"gold":44,"neow_bonus":"THREE_ENEMY_KILL","is_daily":false,"chose_seed":false,"campfire_upgraded":7,"win_rate":0.0,"timestamp":1609837925,"path_taken":["M","?","?","?","?","R","M","?","T","?","M","$","E","M","R","BOSS","M","?","?","$","?","R","?","?","T","?","R","M","R","M","R","BOSS","M","?","?","?","?","R","?","$","T","?","E","?","$","M","R","BOSS"],"items_purchased_type":["Card","Relic","Relic","Relic","Relic","Relic","Relic","Card","Relic"],"build_version":"2020-12-22","purchased_purges":3,"victory":true,"max_hp_per_floor":[80,80,80,80,80,80,80,80,80,80,80,80,80,80,80,80,80,80,80,80,80,80,80,80,85,85,85,85,85,85,85,85,85,85,85,85,85,85,85,85,85,85,85,85,85,74,74,74,74,74],"card_choices":[{"not_picked":["Headbutt","Anger"],"picked":"Uppercut","floor":1.0},{"not_picked":["Bloodletting","Perfected Strike"],"picked":"Twin Strike","floor":3.0},{"not_picked":["Havoc","Perfected Strike"],"picked":"Shrug It Off","floor":5.0},{"not_picked":["Ghostly Armor","Cleave"],"picked":"Shockwave","floor":7.0},{"not_picked":["Burning Pact","Pommel Strike"],"picked":"Spot Weakness","floor":11.0},{"not_picked":["Rage","Wild Strike"],"picked":"Disarm","floor":13.0},{"not_picked":["Pummel","Disarm"],"picked":"Battle Trance","floor":14.0},{"not_picked":["Juggernaut","Corruption"],"picked":"Bludgeon","floor":16.0},{"not_picked":["Feel No Pain+1","Pommel Strike","Second Wind"],"picked":"SKIP","floor":18.0},{"not_picked":["Body Slam+1","Wild Strike"],"picked":"Heavy Blade+1","floor":24.0},{"not_picked":["Exhume","Body Slam","Rampage+1"],"picked":"SKIP","floor":29.0},{"not_picked":["Sentinel","Perfected Strike","Twin Strike+1"],"picked":"SKIP","floor":31.0},{"not_picked":["Fiend Fire","Impervious"],"picked":"Offering","floor":33.0},{"not_picked":["Iron Wave","Disarm+1"],"picked":"Pummel+1","floor":35.0},{"not_picked":["Iron Wave","Cleave"],"picked":"Combust+1","floor":36.0},{"not_picked":["Mayhem","Forethought"],"picked":"Flash of Steel","floor":37.0},{"not_picked":["Good Instincts","Discovery"],"picked":"Deep Breath","floor":37.0},{"not_picked":["Shrug It Off","Cleave","Rage+1"],"picked":"SKIP","floor":41.0},{"not_picked":["Havoc+1","Sever Soul+1","Body Slam+1"],"picked":"SKIP","floor":45.0},{"not_picked":["Anger+1","Flex+1"],"picked":"Offering+1","floor":48}],"player_experience":168494,"relics_obtained":[{"floor":9.0,"key":"Art of War"},{"floor":13.0,"key":"Smiling Mask"},{"floor":20.0,"key":"War Paint"},{"floor":26.0,"key":"Pantograph"},{"floor":34.0,"key":"Omamori"},{"floor":34.0,"key":"The Courier"},{"floor":34.0,"key":"FossilizedHelix"},{"floor":36.0,"key":"Bird Faced Urn"},{"floor":43.0,"key":"Toxic Egg 2"},{"floor":45.0,"key":"Bottled Lightning"}],"event_choices":[{"damage_healed":0.0,"max_hp_gain":0.0,"max_hp_loss":0.0,"gold_gain":0.0,"event_name":"FaceTrader","player_choice":"Trade","floor":2.0,"gold_loss":0.0,"damage_taken":0.0,"relics_obtained":["SsserpentHead"]},{"damage_healed":0.0,"max_hp_gain":0.0,"max_hp_loss":0.0,"gold_gain":0.0,"event_name":"Match and Keep!","player_choice":"2 cards matched","floor":4.0,"gold_loss":0.0,"damage_taken":0.0,"cards_obtained":["Hemokinesis","Flex"]},{"cards_removed":["Strike_R"],"damage_healed":0.0,"max_hp_gain":0.0,"max_hp_loss":0.0,"gold_gain":0.0,"event_name":"Golden Wing","player_choice":"Card Removal","floor":8.0,"gold_loss":0.0,"damage_taken":7.0},{"damage_healed":0.0,"max_hp_gain":0.0,"max_hp_loss":0.0,"gold_gain":75.0,"event_name":"World of Goop","player_choice":"Gather Gold","floor":10.0,"gold_loss":0.0,"damage_taken":11.0},{"damage_healed":0.0,"max_hp_gain":0.0,"max_hp_loss":0.0,"gold_gain":0.0,"event_name":"Drug Dealer","player_choice":"Inject Mutagens","floor":19.0,"gold_loss":0.0,"damage_taken":0.0,"relics_obtained":["MutagenicStrength"]},{"cards_removed":["Defend_R"],"damage_healed":0.0,"max_hp_gain":0.0,"max_hp_loss":0.0,"gold_gain":0.0,"event_name":"Bonfire Elementals","player_choice":"Offered Basic","floor":22.0,"gold_loss":0.0,"damage_taken":0.0},{"damage_healed":0.0,"max_hp_gain":5.0,"max_hp_loss":0.0,"gold_gain":0.0,"event_name":"Forgotten Altar","player_choice":"Shed Blood","floor":25.0,"gold_loss":0.0,"damage_taken":20.0},{"damage_healed":0.0,"max_hp_gain":0.0,"max_hp_loss":0.0,"gold_gain":0.0,"event_name":"Addict","player_choice":"Obtained Relic","floor":27.0,"gold_loss":85.0,"damage_taken":0.0,"relics_obtained":["Paper Frog"]},{"damage_healed":0.0,"max_hp_gain":0.0,"max_hp_loss":0.0,"gold_gain":0.0,"event_name":"Mysterious Sphere","player_choice":"Fight","floor":36.0,"gold_loss":0.0,"damage_taken":0.0},{"damage_healed":0.0,"max_hp_gain":0.0,"max_hp_loss":0.0,"gold_gain":0.0,"event_name":"SensoryStone","player_choice":"Memory 3","floor":37.0,"gold_loss":0.0,"damage_taken":10.0},{"damage_healed":0.0,"max_hp_gain":0.0,"max_hp_loss":0.0,"gold_gain":0.0,"event_name":"Tomb of Lord Red Mask","player_choice":"Ignored","floor":38.0,"gold_loss":0.0,"damage_taken":0.0},{"damage_healed":0.0,"max_hp_gain":0.0,"max_hp_loss":0.0,"gold_gain":0.0,"event_name":"Winding Halls","player_choice":"Embrace Madness","floor":39.0,"gold_loss":0.0,"damage_taken":11.0,"cards_obtained":["Madness","Madness"]},{"cards_removed":["Combust"],"damage_healed":0.0,"max_hp_gain":0.0,"max_hp_loss":0.0,"gold_gain":0.0,"event_name":"Falling","player_choice":"Removed Power","floor":44.0,"gold_loss":0.0,"damage_taken":0.0},{"damage_healed":74.0,"max_hp_gain":0.0,"max_hp_loss":11.0,"gold_gain":0.0,"event_name":"The Moai Head","player_choice":"Heal","floor":46.0,"gold_loss":0.0,"damage_taken":0.0}],"is_beta":false,"boss_relics":[{"not_picked":["Fusion Hammer","Black Star"],"picked":"Empty Cage"},{"not_picked":["Runic Dome","Philosopher\u0027s Stone"],"picked":"Calling Bell"}],"items_purged_floors":[12,21,42],"is_endless":false,"potions_floor_spawned":[3,24,35,45],"ascension_level":8}}