{"host":"jyuuog6ydc2s7nd8","time":1609847793,"event":{"mods":["BaseMod","Better Vampires","Minty Spire (QoL Compilation)","Shop Mod","StSLib","The Hierophant","The Servant 0.9.4","TheBandit","[IsaacMod]ÒÔÈö¼âËþ"],"gold_per_floor":[114,114,39,39,39,39,56,68,68,68,101,136,165,176,176,253,253,270,170,170,45,64,64,64,64],"floor_reached":24,"playtime":565,"items_purged":["Defend_P","Strike_P","Defend_P","Defend_P"],"score":624,"play_id":"666ceb0d-579e-4ca3-89d8-7adcc3072b11","local_time":"20210105195633","is_ascension_mode":true,"campfire_choices":[{"data":"Eruption","floor":6.0,"key":"SMITH"},{"data":"EpicFetus","floor":10.0,"key":"SMITH"},{"data":"Fasting2","floor":15.0,"key":"SMITH"},{"data":"Crescendo","floor":23,"key":"SMITH"}],"circlet_count":0,"master_deck":["AscendersBane","Eruption+1","Vigilance","EpicFetus+1","Fasting2+1","Evaluate","InnerPeace","MasterReality","Crescendo+1","Wallop","Bomb","DeusExMachina","ReachHeaven+1","SpiritShield+1","SpiritShield+1","Adaptation","FearNoEvil","FlurryOfBlows","Protect+1"],"relics":["PureWater","HushsDoor","NeowsBlessing","HowToJump","GuppysPaw","Matryoshka","WingedGreaves","Mercury Hourglass","Pocketwatch","Astrolabe","DeathBook"],"acts_visited":["Exordium","TheCity"],"potions_floor_usage":[],"damage_taken":[{"damage":0.0,"enemies":"2 Louse","floor":1.0,"turns":1.0},{"damage":0.0,"enemies":"Jaw Worm","floor":7.0,"turns":1.0},{"damage":0.0,"enemies":"Cultist","floor":8.0,"turns":1.0},{"damage":15.0,"enemies":"3 Sentries","floor":11.0,"turns":5.0},{"damage":0.0,"enemies":"Lagavulin","floor":12.0,"turns":4.0},{"damage":0.0,"enemies":"Gremlin Nob","floor":13.0,"turns":2.0},{"damage":1.0,"enemies":"Looter","floor":14.0,"turns":2.0},{"damage":0,"enemies":"Slime Boss","floor":16,"turns":4},{"damage":24,"enemies":"Shell Parasite","floor":18,"turns":3},{"damage":0,"enemies":"Spheric Guardian","floor":22,"turns":2},{"damage":24,"enemies":"Book of Stabbing","floor":24,"turns":3}],"seed_played":"7278029706212235257","potions_obtained":[{"floor":1.0,"key":"Fire Potion"},{"floor":12.0,"key":"Dexterity Potion"},{"floor":13.0,"key":"AttackPotion"},{"floor":18,"key":"Strength Potion"}],"is_trial":false,"path_per_floor":["M","?","$","T","?","R","M","M","T","R","E","E","E","M","R","B",null,"M","$","?","$","M","R","E"],"character_chosen":"WATCHER","items_purchased":["DeathBook","Adaptation","FearNoEvil"],"campfire_rested":0,"item_purchase_floors":[17,17,17],"current_hp_per_floor":[61,54,54,54,54,54,54,54,54,54,39,39,39,38,38,38,45,21,21,21,21,21,21,0,0],"gold":64,"neow_bonus":"THREE_ENEMY_KILL","is_daily":false,"chose_seed":false,"campfire_upgraded":4,"win_rate":0.0,"timestamp":1609847793,"path_taken":["M","?","$","?","?","R","?","M","T","R","E","E","E","M","R","BOSS","M","$","?","$","M","R","E"],"items_purchased_type":["Relic","Card","Card"],"build_version":"2020-12-22","purchased_purges":4,"victory":false,"max_hp_per_floor":[68,68,68,68,68,68,68,68,68,68,68,68,68,68,68,68,47,47,47,47,47,47,47,47,47],"card_choices":[{"not_picked":[],"picked":"EpicFetus","floor":0.0},{"not_picked":["BattleHymn","DeceiveReality"],"picked":"Fasting2","floor":1.0},{"not_picked":["SashWhip","FlyingSleeves"],"picked":"Evaluate","floor":7.0},{"not_picked":["SashWhip","Consecrate"],"picked":"InnerPeace","floor":8.0},{"not_picked":["DeceiveReality","Consecrate"],"picked":"MasterReality","floor":11.0},{"not_picked":["SashWhip","WindmillStrike"],"picked":"Crescendo","floor":12.0},{"not_picked":["FlyingSleeves","JustLucky"],"picked":"Wallop","floor":13.0},{"not_picked":["Study","Wallop"],"picked":"Bomb","floor":14.0},{"not_picked":["Devotion","Judgement"],"picked":"DeusExMachina","floor":16},{"not_picked":["CutThroughFate","Consecrate"],"picked":"FlurryOfBlows","floor":18},{"not_picked":["Conclude","Nirvana"],"picked":"Protect+1","floor":22}],"player_experience":1802510,"relics_obtained":[{"floor":4.0,"key":"GuppysPaw"},{"floor":9.0,"key":"Matryoshka"},{"floor":11.0,"key":"WingedGreaves"},{"floor":12.0,"key":"Mercury Hourglass"},{"floor":13.0,"key":"Pocketwatch"}],"event_choices":[{"cards_removed":["Strike_P"],"damage_healed":0.0,"max_hp_gain":0.0,"max_hp_loss":0.0,"gold_gain":0.0,"event_name":"Golden Wing","player_choice":"Card Removal","floor":2.0,"gold_loss":0.0,"damage_taken":7.0},{"damage_healed":0.0,"max_hp_gain":0.0,"max_hp_loss":0.0,"gold_gain":0.0,"event_name":"Liars Game","player_choice":"Ignored","floor":5.0,"gold_loss":0.0,"damage_taken":0.0},{"damage_healed":0,"gold_gain":0,"player_choice":"Ignored","damage_taken":0,"max_hp_gain":0,"max_hp_loss":0,"event_name":"Ghosts","floor":20,"gold_loss":0}],"is_beta":false,"boss_relics":[{"not_picked":["Cursed Key","Empty Cage"],"picked":"Astrolabe"},{"not_picked":[]}],"items_purged_floors":[3,17,19,21],"is_endless":false,"potions_floor_spawned":[1,12,13,18,22],"killed_by":"Book of Stabbing","ascension_level":20}}