{"host":"s3s7xsmblwiz356v","time":1609888099,"event":{"mods":["AchievementEnabler","BaseMod","Block Reminder","Colored Map","Colored Powertips","Minty Spire (QoL Compilation)"],"gold_per_floor":[109,128,142,161,172,172,201,24,24,24,50,70,70,70,70,149,149,161,111,131,131,131,156,156,156,156,188,45,63,78,106,106,177,177,191,191,206,216,236,269,269,279,306,340,360,371,402,421,421,421,421],"floor_reached":50,"playtime":18845,"items_purged":[],"score":1224,"play_id":"96dac25a-3fe2-4de5-b7be-d064ea1bf9d5","local_time":"20210105180819","is_ascension_mode":true,"campfire_choices":[{"data":"Envenom","floor":6,"key":"SMITH"},{"data":"Glass Knife","floor":10,"key":"SMITH"},{"data":"Crippling Poison","floor":13,"key":"SMITH"},{"floor":15,"key":"REST"},{"data":"Wraith Form v2","floor":24,"key":"SMITH"},{"data":"Bite","floor":32,"key":"PURGE"},{"floor":49,"key":"RECALL"}],"circlet_count":0,"master_deck":["AscendersBane","Defend_G","Defend_G","Defend_G","Defend_G+1","Survivor","Neutralize+1","PiercingWail","Dagger Spray","Flying Knee","Envenom+1","Cloak And Dagger","Glass Knife+1","Crippling Poison+1","Blade Dance","Cloak And Dagger","Dash","Wraith Form v2+1","Deadly Poison+1","Blade Dance","Bite","Bite","Bite","Bite","Slice","Footwork+1","Terror","Wraith Form v2","Catalyst","Storm of Steel","Well Laid Plans","Backflip","Riddle With Holes","Burst","Blade Dance+1","PiercingWail+1","Bouncing Flask+1"],"relics":["Ring of the Snake","Peace Pipe","Blood Vial","Orrery","Gremlin Horn","Odd Mushroom","Coffee Dripper","Regal Pillow","PreservedInsect","Ice Cream","Lee\u0027s Waffle","Unceasing Top","Snecko Eye","Calipers","Toxic Egg 2","HornCleat"],"acts_visited":["TheCity","TheBeyond"],"potions_floor_usage":[5,7,12,27,27,31,50],"damage_taken":[{"damage":9,"enemies":"Cultist","floor":1,"turns":6},{"damage":0,"enemies":"2 Louse","floor":2,"turns":3},{"damage":0,"enemies":"Small Slimes","floor":3,"turns":3},{"damage":0,"enemies":"Looter","floor":4,"turns":5},{"damage":6,"enemies":"Gremlin Gang","floor":5,"turns":4},{"damage":26,"enemies":"Gremlin Nob","floor":7,"turns":5},{"damage":18,"enemies":"The Mushroom Lair","floor":11,"turns":4},{"damage":5,"enemies":"Blue Slaver","floor":12,"turns":4},{"damage":5,"enemies":"Hexaghost","floor":16,"turns":9},{"damage":16,"enemies":"Spheric Guardian","floor":18,"turns":5},{"damage":0,"enemies":"Chosen","floor":20,"turns":4},{"damage":1,"enemies":"Gremlin Leader","floor":23,"turns":6},{"damage":23,"enemies":"Book of Stabbing","floor":27,"turns":5},{"damage":5,"enemies":"Centurion and Healer","floor":29,"turns":5},{"damage":0,"enemies":"Snecko","floor":30,"turns":4},{"damage":0,"enemies":"Gremlin Leader","floor":31,"turns":5},{"damage":37,"enemies":"Automaton","floor":33,"turns":11},{"damage":0,"enemies":"3 Shapes","floor":35,"turns":4},{"damage":5,"enemies":"Orb Walker","floor":37,"turns":4},{"damage":2,"enemies":"Transient","floor":38,"turns":5},{"damage":22,"enemies":"Sphere and 2 Shapes","floor":39,"turns":6},{"damage":0,"enemies":"Nemesis","floor":40,"turns":5},{"damage":1,"enemies":"Spire Growth","floor":42,"turns":5},{"damage":10,"enemies":"Giant Head","floor":44,"turns":8},{"damage":1,"enemies":"Jaw Worm Horde","floor":45,"turns":5},{"damage":0,"enemies":"Writhing Mass","floor":46,"turns":6},{"damage":16,"enemies":"Reptomancer","floor":47,"turns":5},{"damage":4,"enemies":"Spire Growth","floor":48,"turns":5},{"damage":43,"enemies":"Awakened One","floor":50,"turns":5}],"seed_played":"-8393558787876712462","potions_obtained":[{"floor":3,"key":"CunningPotion"},{"floor":4,"key":"Weak Potion"},{"floor":7,"key":"Regen Potion"},{"floor":18,"key":"Explosive Potion"},{"floor":23,"key":"Strength Potion"},{"floor":30,"key":"GamblersBrew"},{"floor":33,"key":"SpeedPotion"},{"floor":39,"key":"GamblersBrew"},{"floor":40,"key":"SkillPotion"},{"floor":42,"key":"CultistPotion"}],"is_trial":false,"path_per_floor":["M","M","M","M","M","R","E","$","T","R","?","M","R","?","R","B",null,"M","?","M","?","?","E","R","$","T","E","$","M","M","E","R","B",null,"M","?","M","M","M","E","?","M","T","E","M","M","E","M","R","B"],"character_chosen":"THE_SILENT","items_purchased":["Orrery","Cloak And Dagger","Lee\u0027s Waffle"],"campfire_rested":1,"item_purchase_floors":[8,8,28],"current_hp_per_floor":[50,50,50,50,44,44,18,18,18,18,2,13,13,2,20,17,49,35,35,37,37,37,42,42,42,42,23,49,49,49,49,49,24,43,49,49,46,48,35,39,39,44,44,46,49,49,35,39,39,0,0],"gold":421,"neow_bonus":"ONE_RARE_RELIC","is_daily":false,"chose_seed":false,"campfire_upgraded":4,"win_rate":0.0,"timestamp":1609888099,"path_taken":["M","M","?","?","M","R","E","$","T","R","?","M","R","?","R","BOSS","M","?","?","?","?","E","R","$","T","E","$","M","M","E","R","BOSS","M","?","?","M","M","E","?","M","T","E","M","M","E","M","R","BOSS"],"items_purchased_type":["Relic","Card","Relic"],"build_version":"2020-12-22","purchased_purges":0,"victory":false,"max_hp_per_floor":[60,60,60,60,60,60,60,60,60,60,60,60,60,60,60,60,60,60,60,60,42,42,42,42,42,42,42,49,49,49,49,49,49,49,49,49,49,49,49,49,49,49,49,49,49,49,49,49,49,49,49],"card_choices":[{"not_picked":["Outmaneuver","Reflex"],"picked":"PiercingWail","floor":1},{"not_picked":["Acrobatics","Underhanded Strike"],"picked":"Dagger Spray","floor":2},{"not_picked":["Masterful Stab","Deflect"],"picked":"Flying Knee","floor":3},{"not_picked":["Dodge and Roll","Acrobatics","Underhanded Strike"],"picked":"SKIP","floor":4},{"not_picked":["Flying Knee","Sucker Punch"],"picked":"Envenom","floor":5},{"not_picked":["Flechettes","Setup"],"picked":"Cloak And Dagger","floor":7},{"not_picked":["Flying Knee","Escape Plan"],"picked":"Glass Knife","floor":8},{"not_picked":["Deflect","Underhanded Strike"],"picked":"Crippling Poison","floor":8},{"not_picked":["Prepared","Deadly Poison"],"picked":"Blade Dance","floor":8},{"not_picked":["Flechettes","Skewer"],"picked":"Dash","floor":11},{"not_picked":["Riddle With Holes","Dagger Spray","Outmaneuver"],"picked":"SKIP","floor":12},{"not_picked":["Bullet Time","A Thousand Cuts"],"picked":"Wraith Form v2","floor":16},{"not_picked":["Cloak And Dagger","Caltrops"],"picked":"Deadly Poison+1","floor":18},{"not_picked":["Dagger Spray","Acrobatics"],"picked":"Blade Dance","floor":20},{"not_picked":["Prepared","Grand Finale"],"picked":"Slice","floor":23},{"not_picked":["Tactician+1","Acrobatics","Distraction"],"picked":"SKIP","floor":27},{"not_picked":["Deadly Poison","Eviscerate"],"picked":"Footwork+1","floor":29},{"not_picked":["Slice","Masterful Stab"],"picked":"Terror","floor":30},{"not_picked":["Deadly Poison","Slice","Escape Plan"],"picked":"SKIP","floor":31},{"not_picked":["Doppelganger","Die Die Die"],"picked":"Wraith Form v2","floor":33},{"not_picked":["All Out Attack+1","Sucker Punch"],"picked":"Catalyst","floor":35},{"not_picked":["Tactician","Flying Knee"],"picked":"Well Laid Plans","floor":37},{"not_picked":["Dagger Throw","Deadly Poison+1"],"picked":"Backflip","floor":38},{"not_picked":["Flying Knee","PiercingWail"],"picked":"Riddle With Holes","floor":39},{"not_picked":["Reflex","Deadly Poison"],"picked":"Burst","floor":40},{"not_picked":["Poisoned Stab","Deflect","PiercingWail"],"picked":"SKIP","floor":42},{"not_picked":["Deadly Poison+1","Unload"],"picked":"Blade Dance+1","floor":44},{"not_picked":["Slice+1","Riddle With Holes","Choke+1"],"picked":"SKIP","floor":45},{"not_picked":["Setup+1","Dagger Spray"],"picked":"PiercingWail+1","floor":46},{"not_picked":["Accuracy","Deadly Poison+1"],"picked":"Bouncing Flask+1","floor":47},{"not_picked":["Deflect+1","Bouncing Flask+1","Noxious Fumes"],"picked":"SKIP","floor":48}],"player_experience":360672,"relics_obtained":[{"floor":7,"key":"Blood Vial"},{"floor":9,"key":"Gremlin Horn"},{"floor":11,"key":"Odd Mushroom"},{"floor":23,"key":"Regal Pillow"},{"floor":26,"key":"PreservedInsect"},{"floor":27,"key":"Ice Cream"},{"floor":31,"key":"Unceasing Top"},{"floor":40,"key":"Calipers"},{"floor":44,"key":"Toxic Egg 2"},{"floor":47,"key":"HornCleat"}],"event_choices":[{"damage_healed":0,"gold_gain":0,"player_choice":"Fought Mushrooms","damage_taken":0,"max_hp_gain":0,"max_hp_loss":0,"event_name":"Mushrooms","floor":11,"gold_loss":0},{"damage_healed":0,"gold_gain":0,"player_choice":"Fled","damage_taken":11,"max_hp_gain":0,"max_hp_loss":0,"event_name":"Scrap Ooze","floor":14,"gold_loss":0},{"damage_healed":0,"gold_gain":0,"player_choice":"Upgraded Two","damage_taken":0,"max_hp_gain":0,"max_hp_loss":0,"event_name":"Designer","floor":19,"gold_loss":50,"cards_upgraded":["Defend_G","Neutralize"]},{"damage_healed":0,"gold_gain":0,"player_choice":"Became a vampire","damage_taken":0,"max_hp_gain":0,"max_hp_loss":18,"event_name":"Vampires","floor":21,"gold_loss":0,"cards_obtained":["Bite","Bite","Bite","Bite","Bite"]},{"damage_healed":0,"gold_gain":0,"player_choice":"Ignored","damage_taken":0,"max_hp_gain":0,"max_hp_loss":0,"event_name":"Beggar","floor":22,"gold_loss":0},{"damage_healed":0,"gold_gain":0,"cards_transformed":["Defend_G"],"player_choice":"Transformed","damage_taken":0,"max_hp_gain":0,"max_hp_loss":0,"event_name":"Transmorgrifier","floor":36,"gold_loss":0,"cards_obtained":["Storm of Steel"]},{"damage_healed":0,"gold_gain":0,"player_choice":"Ignored","damage_taken":0,"max_hp_gain":0,"max_hp_loss":0,"event_name":"Tomb of Lord Red Mask","floor":41,"gold_loss":0}],"is_beta":false,"boss_relics":[{"not_picked":["SacredBark","Ectoplasm"],"picked":"Coffee Dripper"},{"not_picked":["Velvet Choker","Empty Cage"],"picked":"Snecko Eye"}],"items_purged_floors":[],"is_endless":false,"potions_floor_spawned":[3,4,7,18,23,30,33,39,40,42,44,48],"killed_by":"Awakened One","ascension_level":15}}