{"host":"5kxsp73ljq8rs5p9","time":1609858140,"event":{"mods":["BaseMod","Challenge The Spire","Colored Powertips","Minty Spire (QoL Compilation)","Quick Restart","Relic Stats","Replay The Spire","StSLib","The Alterego","vexMod"],"gold_per_floor":[116,116,116,135,149,149,175,175,202,212,231,49,63,81,81,182,182,193,292,267,282,282,282],"floor_reached":22,"playtime":1106,"items_purged":[],"score":213,"play_id":"d33d186e-ee6a-4932-8258-f53c6a793220","local_time":"20210105224900","is_ascension_mode":false,"campfire_choices":[{"data":"alterego_mod:BigMeatyClaws","floor":6.0,"key":"SMITH"},{"floor":8.0,"key":"REST"},{"data":"alterego_mod:Impale","floor":15.0,"key":"SMITH"}],"circlet_count":0,"master_deck":["alterego_mod:Strike","alterego_mod:Strike","alterego_mod:Strike","alterego_mod:Strike","alterego_mod:Defend","alterego_mod:Defend","alterego_mod:Defend","alterego_mod:Defend","alterego_mod:Impale+1","alterego_mod:BigMeatyClaws+1","alterego_mod:BrynhildrsRune","alterego_mod:Pet","Carnage","alterego_mod:Clap","alterego_mod:Support","EmptyBody","alterego_mod:Punishment+1","alterego_mod:Bounce+1","alterego_mod:Bounce","Havoc","LessonLearned","alterego_mod:GachaTicket","Go for the Eyes+1"],"relics":["alterego_mod:MasochisticConstitution","NeowsBlessing","PrismaticShard","Replay:Wax Seal","vexMod:MemoryStick","Lee\u0027s Waffle","vexMod:EndlessSickness"],"acts_visited":["Exordium","TheCity"],"potions_floor_usage":[22,22],"damage_taken":[{"damage":0.0,"enemies":"2 Louse","floor":1.0,"turns":1.0},{"damage":0.0,"enemies":"Jaw Worm","floor":4.0,"turns":1.0},{"damage":0.0,"enemies":"Cultist","floor":5.0,"turns":1.0},{"damage":31.0,"enemies":"Gremlin Nob","floor":7.0,"turns":5.0},{"damage":15.0,"enemies":"2 Fungi Beasts","floor":10.0,"turns":5.0},{"damage":35.0,"enemies":"Exordium Thugs","floor":11.0,"turns":6.0},{"damage":9.0,"enemies":"Exordium Wildlife","floor":13.0,"turns":3.0},{"damage":2.0,"enemies":"2 Fungi Beasts","floor":14.0,"turns":3.0},{"damage":91.0,"enemies":"Hexaghost","floor":16.0,"turns":11.0},{"damage":26,"enemies":"Shell Parasite","floor":18,"turns":6},{"damage":35,"enemies":"3 Byrds","floor":21,"turns":6},{"damage":34,"enemies":"Snake Plant","floor":22,"turns":3}],"seed_played":"-8447201685153450401","potions_obtained":[{"floor":4.0,"key":"FairyPotion"},{"floor":5.0,"key":"Swift Potion"},{"floor":10.0,"key":"SkillPotion"},{"floor":16.0,"key":"AttackPotion"},{"floor":18,"key":"Milkshake"}],"is_trial":false,"path_per_floor":["M","?","?","M","M","R","E","R","T","M","M","$","M","M","R","B",null,"M","?","?","M","M"],"character_chosen":"The_Alterego","items_purchased":["alterego_mod:Bounce+1","Lee\u0027s Waffle"],"campfire_rested":1,"item_purchase_floors":[12,12],"current_hp_per_floor":[70,70,70,70,70,70,40,61,61,61,27,80,72,71,71,5,83,58,58,58,31,0,0],"gold":282,"neow_bonus":"THREE_ENEMY_KILL","is_daily":false,"chose_seed":false,"campfire_upgraded":2,"win_rate":0.0,"timestamp":1609858140,"path_taken":["M","?","?","M","M","R","E","R","T","M","M","$","M","M","R","BOSS","M","?","?","M","M"],"items_purchased_type":["Card","Relic"],"build_version":"2020-12-22","purchased_purges":0,"victory":false,"max_hp_per_floor":[70,70,70,70,70,70,71,71,71,72,73,80,81,82,82,83,83,84,84,84,85,85,85],"relic_stats":{"Lee\u0027s Waffle":53,"counters":[12,51],"obtain_stats":[{"alterego_mod:MasochisticConstitution":0,"vexMod:MemoryStick":9,"Lee\u0027s Waffle":12,"NeowsBlessing":0,"vexMod:EndlessSickness":17,"Replay:Wax Seal":7,"PrismaticShard":3},{"alterego_mod:MasochisticConstitution":0,"vexMod:MemoryStick":4,"Lee\u0027s Waffle":6,"NeowsBlessing":0,"vexMod:EndlessSickness":9,"Replay:Wax Seal":4,"PrismaticShard":1},{"alterego_mod:MasochisticConstitution":0,"vexMod:MemoryStick":8,"Lee\u0027s Waffle":19,"NeowsBlessing":0,"vexMod:EndlessSickness":36,"Replay:Wax Seal":8,"PrismaticShard":1}]},"card_choices":[{"not_picked":["alterego_mod:MagicResistance","alterego_mod:Skirt"],"picked":"alterego_mod:Pet","floor":1.0},{"not_picked":["Pommel Strike","Unload"],"picked":"Carnage","floor":4.0},{"not_picked":["Coolheaded","Abandon"],"picked":"alterego_mod:Clap","floor":5.0},{"not_picked":["Heavy Blade","Ball Lightning"],"picked":"alterego_mod:Support","floor":7.0},{"not_picked":["Replay:ManipulateFuture","Poisoned Stab"],"picked":"EmptyBody","floor":10.0},{"not_picked":["Infernal Blade","Heavy Blade"],"picked":"alterego_mod:Punishment","floor":11.0},{"not_picked":["CutThroughFate","Dramatic Entrance"],"picked":"alterego_mod:Bounce","floor":13.0},{"not_picked":["Pray","Leap"],"picked":"Havoc","floor":14.0},{"not_picked":["Double Tap","ReplayTheSpireMod:From All Sides"],"picked":"LessonLearned","floor":16.0},{"not_picked":["Setup","Flying Knee"],"picked":"alterego_mod:GachaTicket","floor":18},{"not_picked":["Evaluate","Pray"],"picked":"Go for the Eyes+1","floor":21}],"player_experience":174685,"relics_obtained":[{"floor":7.0,"key":"Replay:Wax Seal"},{"floor":9.0,"key":"vexMod:MemoryStick"}],"event_choices":[{"damage_healed":0.0,"max_hp_gain":0.0,"max_hp_loss":0.0,"gold_gain":0.0,"event_name":"The Cleric","player_choice":"Leave","floor":2.0,"gold_loss":0.0,"damage_taken":0.0},{"damage_healed":0,"gold_gain":99,"player_choice":"Stole From Cult","damage_taken":0,"max_hp_gain":0,"max_hp_loss":0,"event_name":"Nest","floor":19,"gold_loss":0}],"is_beta":false,"boss_relics":[{"not_picked":["Velvet Choker","vexMod:MysteryBossChallenge"],"picked":"vexMod:EndlessSickness"}],"items_purged_floors":[],"is_endless":false,"potions_floor_spawned":[4,5,10,11,13,16,18],"killed_by":"Snake Plant","ascension_level":0}}