{"host":"g01l53quoe6lrer0","time":1609883326,"event":{"mods":["2.2 Compatiblity","AchievementEnabler","BaseMod","Colored Map","Highlight Path","Keyboard Shortcuts","Minty Spire (QoL Compilation)","Permanent Neow","Quick Restart","StSLib","SuperFastMode","everything is the same but u backflip on backflip"],"gold_per_floor":[115,290,309,166,182,182,201,201,201,233,253,273,273,273,273,372,372,390,290,309,309,309,342,353,353,376,409,434,468,43,56,56,151,151,162,162,162],"floor_reached":38,"playtime":988,"items_purged":["Doubt","Strike_R","Strike_R"],"score":707,"play_id":"bb201887-b82c-4d4d-95d5-296fe6ee53fd","local_time":"20210106064846","is_ascension_mode":false,"campfire_choices":[{"data":"Sword Boomerang","floor":6.0,"key":"SMITH"},{"data":"Inflame","floor":13.0,"key":"SMITH"},{"data":"Limit Break","floor":15.0,"key":"SMITH"},{"floor":25.0,"key":"REST"},{"floor":32,"key":"REST"}],"circlet_count":0,"master_deck":["Strike_R","Defend_R","Defend_R","Defend_R","Defend_R","Bash","Limit Break+1","Sword Boomerang+1","Bloodletting","Inflame+1","Shockwave","Twin Strike","Offering","Inflame","True Grit+1","Rupture","Headbutt","Pommel Strike+1","Heavy Blade+1","Demon Form"],"relics":["Burning Blood","FossilizedHelix","Pocketwatch","SlaversCollar","Regal Pillow","Blood Vial","Shuriken","Red Mask","TungstenRod","Orichalcum","Chemical X","Cursed Key"],"acts_visited":["Exordium","TheCity","TheBeyond"],"potions_floor_usage":[28,29,29,37,37],"damage_taken":[{"damage":11.0,"enemies":"Small Slimes","floor":1.0,"turns":4.0},{"damage":7.0,"enemies":"2 Louse","floor":3.0,"turns":3.0},{"damage":1.0,"enemies":"Cultist","floor":5.0,"turns":4.0},{"damage":7.0,"enemies":"Blue Slaver","floor":7.0,"turns":3.0},{"damage":11.0,"enemies":"Lagavulin","floor":10.0,"turns":4.0},{"damage":12.0,"enemies":"Gremlin Gang","floor":11.0,"turns":5.0},{"damage":0.0,"enemies":"Looter","floor":12.0,"turns":3.0},{"damage":3.0,"enemies":"Slime Boss","floor":16.0,"turns":4.0},{"damage":16.0,"enemies":"2 Thieves","floor":18.0,"turns":3.0},{"damage":6.0,"enemies":"Shell Parasite","floor":20.0,"turns":3.0},{"damage":32.0,"enemies":"Slavers","floor":23.0,"turns":4.0},{"damage":21.0,"enemies":"Snake Plant","floor":24.0,"turns":3.0},{"damage":18,"enemies":"Gremlin Leader","floor":27,"turns":4},{"damage":9,"enemies":"Masked Bandits","floor":28,"turns":2},{"damage":22,"enemies":"Slavers","floor":29,"turns":6},{"damage":15,"enemies":"Snecko","floor":31,"turns":4},{"damage":12,"enemies":"Collector","floor":33,"turns":4},{"damage":5,"enemies":"3 Darklings","floor":35,"turns":5},{"damage":33,"enemies":"Awakened One","floor":37,"turns":4}],"seed_played":"8606674238158546915","potions_obtained":[{"floor":1.0,"key":"SpeedPotion"},{"floor":3.0,"key":"LiquidBronze"},{"floor":7.0,"key":"ElixirPotion"},{"floor":18.0,"key":"Regen Potion"},{"floor":23.0,"key":"Dexterity Potion"},{"floor":28,"key":"Fire Potion"},{"floor":33,"key":"LiquidMemories"},{"floor":35,"key":"SteroidPotion"}],"is_trial":false,"path_per_floor":["M","?","M","$","M","R","M","?","T","E","M","M","R","?","R","B",null,"M","$","M","?","?","E","M","R","T","E","?","E","$","M","R","B",null,"M","?","B",null],"character_chosen":"IRONCLAD","items_purchased":["Inflame","Orichalcum","Chemical X"],"campfire_rested":2,"item_purchase_floors":[4,30,30],"current_hp_per_floor":[67,67,66,66,71,71,70,70,70,65,59,65,65,65,65,68,72,62,62,62,62,62,48,33,69,69,59,58,44,44,37,72,66,72,72,72,45],"gold":162,"neow_bonus":"THREE_RARE_CARDS","is_daily":false,"chose_seed":false,"campfire_upgraded":3,"win_rate":0.0,"timestamp":1609883326,"path_taken":["M","?","M","$","M","R","M","?","T","E","M","?","R","?","R","BOSS","M","$","?","?","?","E","M","R","T","E","?","E","?","M","R","BOSS","M","?","BOSS"],"items_purchased_type":["Card","Relic","Relic"],"build_version":"2020-12-22","purchased_purges":3,"victory":true,"max_hp_per_floor":[72,72,72,72,72,72,72,72,72,72,72,72,72,72,72,72,72,72,72,72,72,72,72,72,72,72,72,72,72,72,72,72,72,72,72,72,72],"card_choices":[{"not_picked":["Double Tap","Reaper"],"picked":"Limit Break","floor":0.0},{"not_picked":["Dual Wield","Twin Strike"],"picked":"Sword Boomerang","floor":1.0},{"not_picked":["Sever Soul","Evolve"],"picked":"Bloodletting","floor":3.0},{"not_picked":["Headbutt","Rupture","Shrug It Off"],"picked":"SKIP","floor":5.0},{"not_picked":["Anger","Power Through"],"picked":"Shockwave","floor":7.0},{"not_picked":["Bloodletting","Rage"],"picked":"Twin Strike","floor":10.0},{"not_picked":["Searing Blow","Iron Wave","Thunderclap"],"picked":"SKIP","floor":11.0},{"not_picked":["Iron Wave","Sentinel","Rampage"],"picked":"SKIP","floor":12.0},{"not_picked":["Bludgeon","Feed"],"picked":"Offering","floor":16.0},{"not_picked":["Armaments","Dark Embrace+1","Thunderclap+1"],"picked":"SKIP","floor":18.0},{"not_picked":["Headbutt","Armaments","Wild Strike"],"picked":"SKIP","floor":20.0},{"not_picked":["Armaments","Flame Barrier"],"picked":"True Grit+1","floor":23.0},{"not_picked":["Twin Strike","Sentinel"],"picked":"Rupture","floor":24.0},{"not_picked":["Power Through","Second Wind","Infernal Blade"],"picked":"SKIP","floor":27},{"not_picked":["Sever Soul","Iron Wave"],"picked":"Headbutt","floor":28},{"not_picked":["Body Slam+1","Exhume"],"picked":"Pommel Strike+1","floor":29},{"not_picked":["Warcry+1","Body Slam"],"picked":"Heavy Blade+1","floor":31},{"not_picked":["Offering","Barricade"],"picked":"Demon Form","floor":33},{"not_picked":["Entrench","Fire Breathing+1","Havoc"],"picked":"SKIP","floor":35}],"player_experience":45314,"relics_obtained":[{"floor":9.0,"key":"FossilizedHelix"},{"floor":10.0,"key":"Pocketwatch"},{"floor":23.0,"key":"Regal Pillow"},{"floor":26.0,"key":"Blood Vial"},{"floor":27,"key":"Shuriken"},{"floor":28,"key":"Red Mask"},{"floor":29,"key":"TungstenRod"}],"event_choices":[{"damage_healed":0.0,"max_hp_gain":0.0,"max_hp_loss":0.0,"gold_gain":175.0,"event_name":"Liars Game","player_choice":"AGREE","floor":2.0,"gold_loss":0.0,"damage_taken":0.0,"cards_obtained":["Doubt"]},{"cards_removed":["Strike_R"],"damage_healed":0.0,"max_hp_gain":0.0,"max_hp_loss":0.0,"gold_gain":0.0,"event_name":"Bonfire Elementals","player_choice":"Offered Basic","floor":8.0,"gold_loss":0.0,"damage_taken":0.0},{"cards_removed":["Strike_R"],"damage_healed":0.0,"max_hp_gain":0.0,"max_hp_loss":0.0,"gold_gain":0.0,"event_name":"Purifier","player_choice":"Purged","floor":14.0,"gold_loss":0.0,"damage_taken":0.0},{"damage_healed":0.0,"max_hp_gain":0.0,"max_hp_loss":0.0,"gold_gain":0.0,"event_name":"The Library","player_choice":"Read","floor":21.0,"gold_loss":0.0,"damage_taken":0.0,"cards_obtained":["Inflame"]},{"damage_healed":0.0,"max_hp_gain":0.0,"max_hp_loss":0.0,"gold_gain":0.0,"event_name":"Vampires","player_choice":"Ignored","floor":22.0,"gold_loss":0.0,"damage_taken":0.0},{"damage_healed":0,"gold_gain":0,"player_choice":"Fought Bandits","damage_taken":0,"max_hp_gain":0,"max_hp_loss":0,"event_name":"Masked Bandits","floor":28,"gold_loss":0},{"damage_healed":0,"gold_gain":0,"player_choice":"Took Portal","damage_taken":0,"max_hp_gain":0,"max_hp_loss":0,"event_name":"SecretPortal","floor":36,"gold_loss":0}],"is_beta":false,"boss_relics":[{"not_picked":["Calling Bell","Runic Dome"],"picked":"SlaversCollar"},{"not_picked":["Velvet Choker","Black Star"],"picked":"Cursed Key"}],"items_purged_floors":[4,19,30],"is_endless":false,"potions_floor_spawned":[1,3,7,18,23,28,33,35],"ascension_level":0}}