{"host":"ox77rn1xcurm2t5a","time":1609808248,"event":{"mods":["2.2 Compatiblity","AchievementEnabler","Act Like it!","Aspiration","BaseMod","Best Route Mod","Better Match","Better Note","Better Sensory Stone","Block Reminder","Colored Map","Colored Powertips","Conjunction","Conspire","Custom Start","Energized Spire","GifTheSpireLib","Gold Saver","Gremlin Skip","Halation","Highlight Path","Hubris","Infinite Spire","Minty Spire (QoL Compilation)","Pale of the Ancients","Quick Restart","Replay The Spire","Reworked Bosses","ShortenTheSpire","Spire Exporter","StSLib","Stuff the Spire","Wandering Minibosses","vexMod"],"gold_per_floor":[141,54,54,54,65,100,100,128,154,154,4,4,16,29,29,129,129,147,147,147,163,163,163],"floor_reached":22,"playtime":367,"items_purged":["Strike_B"],"score":336,"play_id":"b7d2e322-08ab-4299-9169-47d8f2814282","local_time":"20210105025728","is_ascension_mode":true,"campfire_choices":[{"data":"Static Discharge","floor":7,"key":"SMITH"},{"data":"Creative AI","floor":10,"key":"SMITH"},{"data":"Zap","floor":15,"key":"SMITH"}],"circlet_count":0,"master_deck":["AscendersBane","Strike_B","Strike_B","Strike_B","Defend_B","Defend_B","Defend_B","Defend_B","Zap+1","Dualcast","StuffTheSpire:Synthwave+1","Gash","Static Discharge+1","Creative AI+1","Loop","Decay","Machine Learning","White Noise+1"],"relics":["Cracked Core","NeowsBlessing","CaptainsWheel","hubris:TenFootPole"],"acts_visited":["Exordium","TheCity"],"potions_floor_usage":[8,8,22],"damage_taken":[{"damage":0,"enemies":"Jaw Worm","floor":1,"turns":1},{"damage":0,"enemies":"2 Louse","floor":5,"turns":1},{"damage":0,"enemies":"Gremlin Nob","floor":6,"turns":1},{"damage":20,"enemies":"Lagavulin","floor":8,"turns":4},{"damage":12,"enemies":"Small Slimes","floor":13,"turns":3},{"damage":12,"enemies":"2 Fungi Beasts","floor":14,"turns":3},{"damage":19,"enemies":"Slime Boss","floor":16,"turns":7},{"damage":9,"enemies":"Spheric Guardian","floor":18,"turns":4},{"damage":35,"enemies":"Shell Parasite","floor":21,"turns":6},{"damage":15,"enemies":"Sentry and Sphere","floor":22,"turns":2}],"seed_played":"8345666505297132599","potions_obtained":[{"floor":5,"key":"FocusPotion"},{"floor":6,"key":"Strength Potion"},{"floor":21,"key":"BlessingOfTheForge"}],"is_trial":false,"path_per_floor":["M","$","?","?","M","E","R","E","T","R","$","?","M","M","R","B",null,"M","?","?","M","M"],"character_chosen":"DEFECT","items_purchased":["StuffTheSpire:Synthwave","Gash","Loop"],"campfire_rested":0,"item_purchase_floors":[2,2,11],"current_hp_per_floor":[68,68,68,68,68,68,68,48,48,48,48,48,36,24,24,5,58,49,49,49,14,0,0],"gold":163,"neow_bonus":"THREE_ENEMY_KILL","is_daily":false,"chose_seed":false,"campfire_upgraded":3,"win_rate":0.0,"timestamp":1609808248,"path_taken":["M","$","?","?","M","E","R","E","T","R","?","?","M","?","R","BOSS","M","?","?","M","?"],"items_purchased_type":["Card","Card","Card"],"build_version":"2020-12-22","purchased_purges":1,"victory":false,"max_hp_per_floor":[75,75,75,75,75,75,75,75,75,75,75,75,75,75,75,75,75,75,75,75,75,75,75],"card_choices":[{"not_picked":["conspire:SharedLibrary","Turbo","Redo"],"picked":"SKIP","floor":1},{"not_picked":["Turbo","Go for the Eyes","ReplayTheSpireMod:Reroute Power"],"picked":"SKIP","floor":5},{"not_picked":["Barrage","Panic Button"],"picked":"Static Discharge","floor":6},{"not_picked":["Loop","Turbo"],"picked":"Creative AI","floor":8},{"not_picked":["StuffTheSpire:GlassShard","BasicCrystalCard","Compile Driver"],"picked":"SKIP","floor":13},{"not_picked":["Rebound","Stack","Force Field"],"picked":"SKIP","floor":14},{"not_picked":["Meteor Strike","Seek"],"picked":"Machine Learning","floor":16},{"not_picked":["BasicCrystalCard","Stack","Hello World"],"picked":"SKIP","floor":18},{"not_picked":["Ball Lightning","FTL"],"picked":"White Noise+1","floor":21}],"player_experience":2892000,"relics_obtained":[{"floor":6,"key":"CaptainsWheel"},{"floor":8,"key":"hubris:TenFootPole"}],"event_choices":[{"damage_healed":0,"gold_gain":0,"player_choice":"Cursed","damage_taken":0,"max_hp_gain":0,"max_hp_loss":0,"event_name":"Wheel of Change","floor":12,"gold_loss":0,"cards_obtained":["Decay"]},{"damage_healed":0,"gold_gain":0,"player_choice":"Leave","damage_taken":0,"max_hp_gain":0,"max_hp_loss":0,"event_name":"FaceTrader","floor":19,"gold_loss":0},{"damage_healed":0,"gold_gain":0,"player_choice":"Ignored","damage_taken":0,"max_hp_gain":0,"max_hp_loss":0,"event_name":"betterNote:BetterNote","floor":20,"gold_loss":0,"cards_obtained":["Strike_P"]}],"is_beta":false,"boss_relics":[{"not_picked":["hubris:CrackedHourglass","Painkiller Herb","StuffTheSpire:Kangaroo"]}],"items_purged_floors":[11],"is_endless":false,"potions_floor_spawned":[5,6,21],"killed_by":"Sentry and Sphere","ascension_level":11}}