{"host":"nskcj6qu6rcsb0l3","time":1609811441,"event":{"mods":["BaseMod","Better Match","Better Note","Minty Spire (QoL Compilation)","StSLib"],"gold_per_floor":[115,190,190,202,58,58,68,68,92,123,135,61,74,89,89,187,187,197,197,214,71,88,88,88],"floor_reached":23,"playtime":585,"items_purged":[],"score":193,"play_id":"2a82f479-7452-4484-99a6-9730bdff46ba","local_time":"20210105025041","is_ascension_mode":false,"campfire_choices":[{"data":"A Thousand Cuts","floor":6,"key":"SMITH"},{"data":"Accuracy","floor":8,"key":"SMITH"},{"floor":15,"key":"REST"}],"circlet_count":0,"master_deck":["Strike_G","Strike_G","Strike_G","Strike_G","Defend_G","Defend_G","Defend_G","Defend_G+1","Defend_G","Survivor+1","Neutralize","Infinite Blades","Accuracy+1","A Thousand Cuts+1","Cloak And Dagger","Blade Dance","Infinite Blades","Blur","Envenom","Bane"],"relics":["Ring of the Serpent","War Paint","Snake Skull","Singing Bowl","Pen Nib"],"acts_visited":["Exordium","TheCity"],"potions_floor_usage":[10,16,20,22],"damage_taken":[{"damage":0,"enemies":"Jaw Worm","floor":1,"turns":4},{"damage":0,"enemies":"2 Louse","floor":4,"turns":4},{"damage":0,"enemies":"Small Slimes","floor":7,"turns":3},{"damage":9,"enemies":"3 Sentries","floor":10,"turns":5},{"damage":7,"enemies":"Looter","floor":11,"turns":3},{"damage":1,"enemies":"2 Fungi Beasts","floor":13,"turns":3},{"damage":11,"enemies":"Large Slime","floor":14,"turns":4},{"damage":21,"enemies":"Slime Boss","floor":16,"turns":6},{"damage":6,"enemies":"Chosen","floor":18,"turns":4},{"damage":21,"enemies":"Spheric Guardian","floor":20,"turns":4},{"damage":12,"enemies":"3 Cultists","floor":22,"turns":4},{"damage":42,"enemies":"Centurion and Healer","floor":23,"turns":6}],"seed_played":"-5075768736503042818","potions_obtained":[{"floor":7,"key":"SneckoOil"},{"floor":11,"key":"Ancient Potion"},{"floor":13,"key":"Dexterity Potion"},{"floor":18,"key":"LiquidBronze"},{"floor":20,"key":"CunningPotion"}],"is_trial":false,"path_per_floor":["M","?","?","M","$","R","M","R","T","E","M","$","M","M","R","B",null,"M","?","M","$","M","M"],"character_chosen":"THE_SILENT","items_purchased":["A Thousand Cuts","Infinite Blades","Pen Nib"],"campfire_rested":1,"item_purchase_floors":[5,12,21],"current_hp_per_floor":[70,59,59,59,59,59,59,59,59,50,45,45,46,35,57,36,74,70,70,49,49,39,0,0],"gold":88,"neow_bonus":"RANDOM_COMMON_RELIC","is_daily":false,"chose_seed":false,"campfire_upgraded":2,"win_rate":0.0,"timestamp":1609811441,"path_taken":["M","?","?","M","$","R","M","R","T","E","M","$","M","M","R","BOSS","M","?","M","$","M","M"],"items_purchased_type":["Card","Card","Relic"],"build_version":"2020-12-22","purchased_purges":0,"victory":false,"max_hp_per_floor":[70,70,70,70,70,70,70,70,70,70,72,72,74,74,74,74,74,76,76,76,76,78,78,78],"card_choices":[{"not_picked":["Deadly Poison","Crippling Poison"],"picked":"Infinite Blades","floor":1},{"not_picked":["Dash","Noxious Fumes"],"picked":"Accuracy","floor":4},{"not_picked":["Outmaneuver","Backflip"],"picked":"Cloak And Dagger","floor":7},{"not_picked":["Predator","Dodge and Roll"],"picked":"Blade Dance","floor":10},{"not_picked":["Outmaneuver","Skewer","Escape Plan"],"picked":"Singing Bowl","floor":11},{"not_picked":["Eviscerate","Grand Finale","Flying Knee"],"picked":"Singing Bowl","floor":13},{"not_picked":["Deadly Poison","Underhanded Strike"],"picked":"Blur","floor":14},{"not_picked":["Grand Finale","Unload"],"picked":"Envenom","floor":16},{"not_picked":["Catalyst","Dagger Throw","Escape Plan"],"picked":"Singing Bowl","floor":18},{"not_picked":["Tactician","Dagger Spray+1"],"picked":"Bane","floor":20},{"not_picked":["Flying Knee","Distraction","Acrobatics"],"picked":"Singing Bowl","floor":22}],"player_experience":995946,"relics_obtained":[{"floor":9,"key":"Snake Skull"},{"floor":10,"key":"Singing Bowl"}],"event_choices":[{"damage_healed":0,"gold_gain":75,"player_choice":"Gather Gold","damage_taken":11,"max_hp_gain":0,"max_hp_loss":0,"event_name":"World of Goop","floor":2,"gold_loss":0},{"damage_healed":0,"gold_gain":0,"player_choice":"Leave","damage_taken":0,"max_hp_gain":0,"max_hp_loss":0,"event_name":"The Cleric","floor":3,"gold_loss":0},{"cards_removed":["Strike_G"],"damage_healed":0,"gold_gain":0,"player_choice":"Offered Basic","damage_taken":0,"max_hp_gain":0,"max_hp_loss":0,"event_name":"Bonfire Elementals","floor":19,"gold_loss":0}],"is_beta":false,"boss_relics":[{"not_picked":["Snecko Eye","Ectoplasm"],"picked":"Ring of the Serpent"}],"items_purged_floors":[],"is_endless":false,"potions_floor_spawned":[7,11,13,18,20],"killed_by":"Centurion and Healer","ascension_level":0}}