{"host":"7d9nv1viv9k97dq8","time":1609839901,"event":{"mods":["Act Like it!","BaseMod","Decade(Õı–°√˜)","Downfall","Gensokyo","KomeijiMod","Luminous","Marisa£®ÏF”Í°°ƒß¿Ì…≥£©","Minty Spire (QoL Compilation)","Prisma Mod","Reimu£®≤©¿ˆ¡È√Œ£©","Remilia£®¿Ÿ√◊¿Ú—«£©","Replay The Spire","StSLib","The Administrix","The Bug Knight","Waifu the Spire","Yakumo Yukari mod","Youmu£®ªÍ∆«—˝√Œ£©","Yuyuko"],"gold_per_floor":[117,39,39,59,72,72,91,91,115,115,135,154,173,46,46,141,141,160,160,160,2,2,2,31,31,81,81,100,100,100,113,113,218,218,233,233,233,173,173,204,223,223,272,292,307,307,342,342,342,342,342],"floor_reached":50,"playtime":4852,"items_purged":["HollowMod:NailStrikeStart"],"score":533,"play_id":"df7bf92a-9677-49a8-9f10-6f6091d0ce1e","local_time":"20210105174501","is_ascension_mode":false,"campfire_choices":[{"data":"HollowMod:DashSlash","floor":6,"key":"SMITH"},{"data":"HollowMod:ChannelNail","floor":8,"key":"SMITH"},{"data":"HollowMod:PureNailStrike","floor":10,"key":"SMITH"},{"floor":15,"key":"DIG"},{"data":"Metamorphosis","floor":23,"key":"SMITH"},{"floor":25,"key":"REST"},{"floor":27,"key":"REST"},{"floor":32,"key":"REST"},{"floor":42,"key":"REST"},{"floor":46,"key":"REST"},{"data":"HollowMod:theNailsmith","floor":49,"key":"SMITH"}],"circlet_count":0,"master_deck":["HollowMod:NailStrikeStart","HollowMod:QuickDashStart","HollowMod:QuickDashStart","HollowMod:QuickDashStart","HollowMod:QuickDashStart","HollowMod:FocusHealStart","HollowMod:PogoStrike+1","HollowMod:PureNailStrike+1","HollowMod:DashSlash+1","HollowMod:ChannelNail+1","HollowMod:DoubleDash","HollowMod:DashSlash","HollowMod:theNailsmith+1","Metamorphosis+1","expansioncontent:PrepareCrush","Midas Touch","HollowMod:AwokenDreamNail+1","HollowMod:CornifersMapStart","HollowMod:CycloneSlash","HollowMod:DesolateDive+1","Gensokyo:CustomPotion","HollowMod:CloakDash+1","HollowMod:MantisMark+1","Gensokyo:MedicineKit"],"relics":["HollowMod:VesselMask","NeowsBlessing","Gensokyo:OccultBall","Bronze Scales","Lizard Tail","ReplayTheSpireMod:ShopPack","Toy Ornithopter","Black Star","Gensokyo:ChorusOfJoy","Replay:Wax Seal","Divine Protection","Lantern","ReplayTheSpireMod:TigerMarble","Gensokyo:ConquerorOfFear","Whetstone","RedLine:ReiMu","Blue Doll","Torii","Smiling Mask","Replay:Bottled Steam","Bottled Lightning"],"acts_visited":["Exordium","Gensokyo:Gensokyo","Gensokyo:Gensokyoer"],"potions_floor_usage":[13,16,16,31,33,33,40,44,47],"damage_taken":[{"damage":0,"enemies":"Gensokyo:2_Kodama","floor":1,"turns":1},{"damage":9,"enemies":"Gensokyo:3_Fairies","floor":4,"turns":2},{"damage":0,"enemies":"Gensokyo:Gryphon","floor":5,"turns":1},{"damage":9,"enemies":"Gensokyo:3_Kodama","floor":7,"turns":4},{"damage":8,"enemies":"Gensokyo:Python_and_Kodama","floor":11,"turns":3},{"damage":0,"enemies":"Gensokyo:CorruptedTreant","floor":12,"turns":4},{"damage":7,"enemies":"Gensokyo:3_Kodama","floor":13,"turns":4},{"damage":66,"enemies":"Gensokyo:Reimu","floor":16,"turns":11},{"damage":18,"enemies":"Gensokyo:Chomper","floor":18,"turns":3},{"damage":54,"enemies":"Gensokyo:Reisen","floor":24,"turns":5},{"damage":0,"enemies":"Gensokyo:2_Gloops","floor":28,"turns":3},{"damage":19,"enemies":"Gensokyo:Wraith","floor":31,"turns":3},{"damage":46,"enemies":"Gensokyo:Eiki","floor":33,"turns":10},{"damage":0,"enemies":"Gensokyo:3_Bats","floor":35,"turns":3},{"damage":51,"enemies":"Gensokyo:Kasen","floor":40,"turns":6},{"damage":6,"enemies":"Gensokyo:AncientGuardian","floor":41,"turns":7},{"damage":8,"enemies":"Gensokyo:Sharpion","floor":44,"turns":5},{"damage":0,"enemies":"Gensokyo:Dusk_and_Dawn","floor":45,"turns":3},{"damage":0,"enemies":"Gensokyo:Doremy","floor":47,"turns":7},{"damage":82,"enemies":"Gensokyo:Scarlet_Devils","floor":50,"turns":6}],"seed_played":"-6761969693622636374","potions_obtained":[{"floor":1,"key":"EssenceOfSteel"},{"floor":4,"key":"Elixir"},{"floor":13,"key":"Elixir"},{"floor":16,"key":"ExcitationPotion"},{"floor":24,"key":"AttackPotion"},{"floor":28,"key":"Dexterity Potion"},{"floor":33,"key":"Dexterity Potion"},{"floor":35,"key":"champ:CounterPotion"},{"floor":44,"key":"SkillPotion"}],"is_trial":false,"path_per_floor":["M","COS","?","M","M","R","M","R","T","R","M","M","M","$","R","B",null,"M","?","?","$","?","R","E","R","T","R","M","?","T","M","R","B",null,"M","?","?","?","?","E","M","R","T","M","M","R","E","?","R","B"],"character_chosen":"THE_BUGKNIGHT","items_purchased":["ReplayTheSpireMod:ShopPack","Replay:Wax Seal"],"campfire_rested":5,"item_purchase_floors":[14,21],"current_hp_per_floor":[75,75,75,66,66,66,57,57,57,57,49,49,42,42,42,32,75,57,57,57,57,57,57,3,25,25,47,47,47,47,33,55,25,75,75,75,75,75,75,24,24,46,46,49,49,71,75,75,75,0,0],"gold":342,"neow_bonus":"THREE_ENEMY_KILL","is_daily":false,"chose_seed":false,"campfire_upgraded":5,"win_rate":0.0,"timestamp":1609839901,"path_taken":["M","COS","?","M","M","R","M","R","T","R","?","?","M","?","R","BOSS","M","?","?","$","?","R","E","R","T","R","M","?","?","M","R","BOSS","M","?","?","?","?","E","M","R","T","M","M","R","E","?","R","BOSS"],"items_purchased_type":["Relic","Relic"],"build_version":"2020-12-22","purchased_purges":1,"victory":false,"max_hp_per_floor":[75,75,75,75,75,75,75,75,75,75,75,75,75,75,75,75,75,75,75,75,75,75,75,75,75,75,75,75,75,75,75,75,75,75,75,75,75,75,75,75,75,75,75,75,75,75,75,75,75,75,75],"card_choices":[{"not_picked":["HollowMod:WraithStrike","HollowMod:SiblingsSouls"],"picked":"HollowMod:InfectionAssault","floor":1},{"not_picked":["HollowMod:GoodIntentions","HollowMod:InfectedAttack"],"picked":"HollowMod:PureNailStrike","floor":4},{"not_picked":["HollowMod:FallenFury","HollowMod:SoulSplash"],"picked":"HollowMod:DashSlash","floor":5},{"not_picked":["HollowMod:DashSlash","HollowMod:AbyssShriek"],"picked":"HollowMod:ChannelNail","floor":7},{"not_picked":["HollowMod:GoodIntentions","HollowMod:ShadowDash"],"picked":"HollowMod:DoubleDash","floor":11},{"not_picked":["HollowMod:SoulStrike","HollowMod:TaintedHusks"],"picked":"HollowMod:DashSlash","floor":12},{"not_picked":["HollowMod:SoulSplash","HollowMod:InfectedAttack"],"picked":"HollowMod:theNailsmith","floor":13},{"not_picked":["Secret Weapon","Crow Ritual"],"picked":"Metamorphosis","floor":14},{"not_picked":["Mind Blast","Swift Strike"],"picked":"expansioncontent:PrepareCrush","floor":14},{"not_picked":["Finesse","Dramatic Entrance"],"picked":"Midas Touch","floor":14},{"not_picked":["HollowMod:theNailsmith","HollowMod:ZotesMagnificence"],"picked":"HollowMod:AwokenDreamNail","floor":16},{"not_picked":["HollowMod:MawleksShell","HollowMod:WraithStrike","HollowMod:SiblingsSouls"],"picked":"SKIP","floor":18},{"not_picked":["HollowMod:TaintedHusks","HollowMod:ShapeofUnn+1"],"picked":"HollowMod:CornifersMapStart","floor":24},{"not_picked":["HollowMod:MonarchWings","HollowMod:SoulEater"],"picked":"HollowMod:CycloneSlash","floor":28},{"not_picked":["HollowMod:SoulEater","HollowMod:SoulVessel","HollowMod:BaldurShell"],"picked":"SKIP","floor":31},{"not_picked":["HollowMod:VoidDash","HollowMod:theNailsmith"],"picked":"HollowMod:SlysStrikes","floor":33},{"not_picked":["HollowMod:SoulStrike+1","HollowMod:SoulVessel+1"],"picked":"HollowMod:DesolateDive+1","floor":35},{"not_picked":["HollowMod:NewInfectedGuardian","HollowMod:FastStrike+1"],"picked":"HollowMod:CloakDash+1","floor":40},{"not_picked":["HollowMod:BaldurShell+1","HollowMod:VengefulVoid+1","HollowMod:SharpenedNail+1"],"picked":"SKIP","floor":41},{"not_picked":["HollowMod:ChannelNail+1","HollowMod:CycloneSlash+1","HollowMod:DreamGate+1"],"picked":"SKIP","floor":44},{"not_picked":["HollowMod:DungDefenderAura","HollowMod:WraithStrike+1","HollowMod:NewInfectedGuardian"],"picked":"SKIP","floor":45},{"not_picked":["HollowMod:HuntersJournal+1","HollowMod:VengefulSpirit"],"picked":"HollowMod:MantisMark+1","floor":47}],"player_experience":195267,"relics_obtained":[{"floor":9,"key":"Bronze Scales"},{"floor":15,"key":"Toy Ornithopter"},{"floor":16,"key":"Gensokyo:OccultBall"},{"floor":18,"key":"Gensokyo:OccultBall"},{"floor":24,"key":"Divine Protection"},{"floor":24,"key":"Lantern"},{"floor":26,"key":"ReplayTheSpireMod:TigerMarble"},{"floor":30,"key":"Whetstone"},{"floor":31,"key":"Gensokyo:ConquerorOfFear"},{"floor":33,"key":"Gensokyo:OccultBall"},{"floor":40,"key":"Blue Doll"},{"floor":40,"key":"Torii"},{"floor":43,"key":"Smiling Mask"},{"floor":47,"key":"Replay:Bottled Steam"},{"floor":47,"key":"Bottled Lightning"}],"event_choices":[],"is_beta":false,"boss_relics":[{"not_picked":["Replay:Wanted Poster","SacredBark"],"picked":"Black Star"},{"not_picked":["HollowMod:VoidIdolRelic","Replay:Drink Me"],"picked":"RedLine:ReiMu"}],"items_purged_floors":[21],"is_endless":false,"potions_floor_spawned":[1,4,13,16,24,28,33,35,44],"killed_by":"Gensokyo:Scarlet_Devils","ascension_level":0}}