{"host":"ryuep8ewa00k39z9","time":1609807944,"event":{"mods":["AchievementEnabler","BaseMod","Best Route Mod","Colored Map","Colored Powertips","Displayed Cursed Tome","Highlight Path","Minty Spire (QoL Compilation)","Quick Restart","SuperFastMode"],"gold_per_floor":[115,115,40,40,52,52,81,81,81,115,290,290,365,103,103,223,223,243,243,90,123,133,133,8,58,84,138,237,237,1,65,65,65,65],"floor_reached":33,"playtime":1388,"items_purged":["Regret","Strike_B","Auto Shields","Stack"],"score":437,"play_id":"8bc96d61-cafe-45f7-a43c-d0a09a28e3fd","local_time":"20210104185224","is_ascension_mode":true,"campfire_choices":[{"data":"Streamline","floor":6.0,"key":"SMITH"},{"data":"Rip and Tear","floor":8.0,"key":"SMITH"},{"floor":15.0,"key":"REST"},{"data":"ReachHeaven","floor":23.0,"key":"SMITH"},{"floor":32.0,"key":"REST"}],"circlet_count":0,"master_deck":["Zap+1","Dualcast+1","Streamline+1","Rip and Tear+1","Conserve Battery","HandOfGreed+1","Creative AI","Genetic Algorithm","Chaos","Coolheaded","Conserve Battery","FTL","Sunder","Uppercut+1","ReachHeaven+1","Dash","Undo","Wireheading"],"relics":["Cracked Core","NeowsBlessing","Regal Pillow","Orichalcum","Bag of Marbles","Toy Ornithopter","Pandora\u0027s Box","Mercury Hourglass","PrismaticShard","Blood Vial","Strawberry","Smiling Mask","Akabeko"],"acts_visited":["Exordium","TheCity"],"potions_floor_usage":[33],"damage_taken":[{"damage":0.0,"enemies":"Cultist","floor":1.0,"turns":1.0},{"damage":0.0,"enemies":"2 Louse","floor":5.0,"turns":1.0},{"damage":0.0,"enemies":"Gremlin Nob","floor":7.0,"turns":1.0},{"damage":14.0,"enemies":"Lagavulin","floor":10.0,"turns":5.0},{"damage":17.0,"enemies":"Slime Boss","floor":16.0,"turns":7.0},{"damage":0.0,"enemies":"3 Byrds","floor":18.0,"turns":5.0},{"damage":0.0,"enemies":"Spheric Guardian","floor":21.0,"turns":3.0},{"damage":4.0,"enemies":"Cultist and Chosen","floor":22.0,"turns":4.0},{"damage":16.0,"enemies":"Book of Stabbing","floor":25.0,"turns":4.0},{"damage":33.0,"enemies":"Slavers","floor":27.0,"turns":5.0},{"damage":13.0,"enemies":"Centurion and Healer","floor":31.0,"turns":5.0},{"damage":60,"enemies":"Automaton","floor":33,"turns":10}],"seed_played":"-6105456925916231111","potions_obtained":[{"floor":7.0,"key":"SpeedPotion"},{"floor":10.0,"key":"Dexterity Potion"},{"floor":16.0,"key":"DuplicationPotion"},{"floor":21.0,"key":"LiquidBronze"},{"floor":27.0,"key":"Weak Potion"},{"floor":31.0,"key":"Explosive Potion"}],"is_trial":false,"path_per_floor":["M","?","$","?","M","R","E","R","T","E","?","?","?","$","R","B",null,"M","?","$","M","M","R","$","E","T","E","?","?","$","M","R","B"],"character_chosen":"DEFECT","items_purchased":["HandOfGreed","PrismaticShard","Undo","Akabeko"],"campfire_rested":2,"item_purchase_floors":[14,20,30,30],"current_hp_per_floor":[68,68,68,53,53,53,53,53,53,39,39,39,28,28,65,53,70,75,75,75,75,71,71,71,55,62,31,31,31,31,25,64,11,11],"gold":65,"neow_bonus":"THREE_ENEMY_KILL","is_daily":false,"chose_seed":false,"campfire_upgraded":3,"win_rate":0.0,"timestamp":1609807944,"path_taken":["M","?","$","?","M","R","E","R","T","E","?","?","?","?","R","BOSS","M","?","$","M","M","R","$","E","T","E","?","?","$","M","R","BOSS"],"items_purchased_type":["Card","Relic","Card","Relic"],"build_version":"2020-12-22","purchased_purges":4,"victory":false,"max_hp_per_floor":[75,75,75,75,75,75,75,75,75,75,75,75,75,75,75,75,75,75,75,75,75,75,75,75,75,82,82,82,82,82,82,82,82,82],"card_choices":[{"not_picked":["Sweeping Beam","Coolheaded","Stack"],"picked":"SKIP","floor":1.0},{"not_picked":["Sweeping Beam","Machine Learning"],"picked":"Streamline","floor":5.0},{"not_picked":["Double Energy","Steam Power"],"picked":"Rip and Tear","floor":7.0},{"not_picked":["Leap","Stack"],"picked":"Conserve Battery","floor":10.0},{"not_picked":["Amplify","Biased Cognition"],"picked":"Creative AI","floor":16.0},{"not_picked":["Leap","Force Field"],"picked":"Sunder","floor":18.0},{"not_picked":["Flying Knee+1","Metallicize+1"],"picked":"Uppercut+1","floor":21.0},{"not_picked":["Flex","Perfected Strike"],"picked":"ReachHeaven","floor":22.0},{"not_picked":["Blood for Blood","Tempest"],"picked":"Dash","floor":25.0},{"not_picked":["Consume","Intimidate+1","Flechettes"],"picked":"SKIP","floor":27.0},{"not_picked":["Flash of Steel","Conserve Battery"],"picked":"Wireheading","floor":31.0}],"player_experience":3905337,"relics_obtained":[{"floor":7.0,"key":"Orichalcum"},{"floor":9.0,"key":"Bag of Marbles"},{"floor":10.0,"key":"Toy Ornithopter"},{"floor":25.0,"key":"Blood Vial"},{"floor":26.0,"key":"Strawberry"},{"floor":27.0,"key":"Smiling Mask"}],"event_choices":[{"damage_healed":0.0,"max_hp_gain":0.0,"max_hp_loss":0.0,"gold_gain":0.0,"event_name":"Big Fish","player_choice":"Box","floor":2.0,"gold_loss":0.0,"damage_taken":0.0,"relics_obtained":["Regal Pillow"],"cards_obtained":["Regret"]},{"damage_healed":0.0,"max_hp_gain":0.0,"max_hp_loss":0.0,"gold_gain":0.0,"event_name":"Shining Light","player_choice":"Entered Light","floor":4.0,"gold_loss":0.0,"damage_taken":15.0,"cards_upgraded":["Dualcast","Zap"]},{"damage_healed":0.0,"max_hp_gain":0.0,"max_hp_loss":0.0,"gold_gain":175.0,"event_name":"Liars Game","player_choice":"AGREE","floor":11.0,"gold_loss":0.0,"damage_taken":0.0,"cards_obtained":["Doubt"]},{"cards_removed":["Doubt"],"damage_healed":0.0,"max_hp_gain":0.0,"max_hp_loss":0.0,"gold_gain":0.0,"event_name":"Living Wall","player_choice":"Forget","floor":12.0,"gold_loss":0.0,"damage_taken":0.0},{"damage_healed":0.0,"max_hp_gain":0.0,"max_hp_loss":0.0,"gold_gain":75.0,"event_name":"World of Goop","player_choice":"Gather Gold","floor":13.0,"gold_loss":0.0,"damage_taken":11.0},{"damage_healed":0.0,"max_hp_gain":0.0,"max_hp_loss":0.0,"gold_gain":0.0,"event_name":"The Mausoleum","player_choice":"Opened","floor":19.0,"gold_loss":0.0,"damage_taken":0.0,"relics_obtained":["Mercury Hourglass"]},{"damage_healed":0.0,"max_hp_gain":0.0,"max_hp_loss":0.0,"gold_gain":99.0,"event_name":"Nest","player_choice":"Stole From Cult","floor":28.0,"gold_loss":0.0,"damage_taken":0.0},{"damage_healed":0.0,"max_hp_gain":0.0,"max_hp_loss":0.0,"gold_gain":0.0,"event_name":"Upgrade Shrine","player_choice":"Upgraded","floor":29.0,"gold_loss":0.0,"damage_taken":0.0,"cards_upgraded":["HandOfGreed"]}],"is_beta":false,"boss_relics":[{"not_picked":["Ectoplasm","Black Star"],"picked":"Pandora\u0027s Box"}],"items_purged_floors":[3,14,24,30],"is_endless":false,"potions_floor_spawned":[7,10,16,21,27,31],"killed_by":"Automaton","ascension_level":8}}