{"host":"qrt7o4dq2qslzw13","time":1609874045,"event":{"mods":["AchievementEnabler","BaseMod","Colored Map","Colored Powertips","Minty Spire (QoL Compilation)","Quick Restart","StSLib","SuperFastMode"],"gold_per_floor":[113,113,128,141,141,141,222,251,251,266,284,303,323,341,341,446,446,462,381,398,38,38,38,38,57,84,99,198,198,29,29,29,131,131,147,147,147,147,147,147,147,147,147,163,7,39,39,56,56,56,56,56,23,23,23],"floor_reached":54,"playtime":1879,"items_purged":[],"score":690,"play_id":"a465da10-f7ad-4418-9b8b-284784513464","local_time":"20210105141405","is_ascension_mode":false,"campfire_choices":[{"data":"Uppercut","floor":6.0,"key":"SMITH"},{"floor":15.0,"key":"REST"},{"floor":23.0,"key":"RECALL"},{"data":"Demon Form","floor":29.0,"key":"SMITH"},{"floor":32.0,"key":"REST"},{"data":"Immolate","floor":40.0,"key":"SMITH"},{"data":"Twin Strike","floor":42.0,"key":"SMITH"},{"floor":49.0,"key":"REST"},{"data":"Juggernaut","floor":52.0,"key":"SMITH"}],"circlet_count":0,"master_deck":["Strike_R","Strike_R","Strike_R","Strike_R","Strike_R","Defend_R","Defend_R","Defend_R","Defend_R","Bash","Metallicize","Uppercut+1","Second Wind+1","Twin Strike+1","Flex+1","Inflame","Inflame","Immolate+1","Infernal Blade+1","Seeing Red+1","Good Instincts+1","Demon Form+1","Wild Strike","Decay","Writhe","Flame Barrier+1","Entrench+1","Madness+1","Offering+1","Offering+1","Double Tap+1","Battle Trance+1","Flame Barrier+1","Writhe","Normality","Shrug It Off+1","Juggernaut+1","Feel No Pain","Shrug It Off+1","Spot Weakness+1","Wild Strike+1","Fire Breathing"],"relics":["Burning Blood","NeowsBlessing","Smiling Mask","Paper Frog","Toxic Egg 2","Cursed Key","Anchor","Oddly Smooth Stone","Ancient Tea Set","Nilry\u0027s Codex","Astrolabe","The Courier","Gremlin Horn","Gambling Chip"],"acts_visited":["Exordium","TheCity","TheBeyond","TheEnding"],"potions_floor_usage":[54],"damage_taken":[{"damage":0.0,"enemies":"Cultist","floor":1.0,"turns":1.0},{"damage":0.0,"enemies":"Small Slimes","floor":3.0,"turns":1.0},{"damage":0.0,"enemies":"Jaw Worm","floor":4.0,"turns":1.0},{"damage":15.0,"enemies":"Gremlin Nob","floor":8.0,"turns":3.0},{"damage":10.0,"enemies":"Gremlin Gang","floor":10.0,"turns":6.0},{"damage":9.0,"enemies":"Large Slime","floor":11.0,"turns":5.0},{"damage":0.0,"enemies":"2 Fungi Beasts","floor":12.0,"turns":4.0},{"damage":9.0,"enemies":"Looter","floor":13.0,"turns":3.0},{"damage":7.0,"enemies":"Exordium Wildlife","floor":14.0,"turns":5.0},{"damage":29.0,"enemies":"Hexaghost","floor":16.0,"turns":8.0},{"damage":15.0,"enemies":"2 Thieves","floor":18.0,"turns":2.0},{"damage":20.0,"enemies":"3 Byrds","floor":20.0,"turns":5.0},{"damage":7.0,"enemies":"Cultist and Chosen","floor":25.0,"turns":4.0},{"damage":6.0,"enemies":"Snake Plant","floor":27.0,"turns":4.0},{"damage":48.0,"enemies":"Collector","floor":33.0,"turns":7.0},{"damage":18.0,"enemies":"3 Shapes","floor":35.0,"turns":6.0},{"damage":12.0,"enemies":"Orb Walker","floor":44.0,"turns":4.0},{"damage":18.0,"enemies":"Giant Head","floor":46.0,"turns":7.0},{"damage":14.0,"enemies":"Transient","floor":48.0,"turns":5.0},{"damage":58.0,"enemies":"Time Eater","floor":50.0,"turns":14.0},{"damage":83,"enemies":"Shield and Spear","floor":54,"turns":5}],"seed_played":"-7191236126969422528","potions_obtained":[{"floor":1.0,"key":"SkillPotion"},{"floor":3.0,"key":"ColorlessPotion"},{"floor":10.0,"key":"Weak Potion"},{"floor":11.0,"key":"SkillPotion"},{"floor":14.0,"key":"Explosive Potion"},{"floor":20.0,"key":"BlessingOfTheForge"},{"floor":27.0,"key":"Fire Potion"},{"floor":44.0,"key":"GamblersBrew"},{"floor":46.0,"key":"PowerPotion"},{"floor":48.0,"key":"DistilledChaos"}],"is_trial":false,"path_per_floor":["M","?","M","M","?","R","T","E","T","M","M","M","M","M","R","B",null,"M","$","M","$","?","R","?","M","T","M","?","R","$","?","R","B",null,"M","?","$","$","?","R","T","R","T","M","$","E","?","M","R","B",null,"R","$","E"],"character_chosen":"IRONCLAD","items_purchased":["Seeing Red+1","Thunderclap","Anchor","Good Instincts+1","Demon Form","Wild Strike","Madness+1","Offering+1","Juggernaut","Feel No Pain","Shrug It Off+1","Fire Breathing"],"campfire_rested":3,"item_purchase_floors":[19,19,21,21,21,21,30,30,45,45,45,53],"current_hp_per_floor":[80,80,80,80,62,62,62,53,53,49,46,52,49,48,72,49,80,71,71,57,57,57,57,57,56,56,56,56,56,56,40,64,22,80,68,68,68,68,68,68,68,68,68,62,62,50,50,42,66,14,80,80,80,0,0],"gold":23,"neow_bonus":"THREE_ENEMY_KILL","is_daily":false,"chose_seed":false,"campfire_upgraded":5,"win_rate":0.0,"timestamp":1609874045,"path_taken":["M","?","M","M","?","R","?","E","T","?","M","M","M","M","R","BOSS","M","$","M","$","?","R","?","M","T","M","?","R","$","?","R","BOSS","M","?","?","$","?","R","?","R","T","M","$","E","?","M","R","BOSS","R","$","E"],"items_purchased_type":["Card","Card","Relic","Card","Card","Card","Card","Card","Card","Card","Card","Card"],"build_version":"2020-12-22","purchased_purges":0,"victory":false,"max_hp_per_floor":[80,80,80,80,80,80,80,80,80,80,80,80,80,80,80,80,80,80,80,80,80,80,80,80,80,80,80,80,80,80,80,80,80,80,80,80,80,80,80,80,80,80,80,80,80,80,80,80,80,80,80,80,80,80,80],"card_choices":[{"not_picked":["Pommel Strike","Dropkick"],"picked":"Anger","floor":1.0},{"not_picked":["Warcry","Reckless Charge"],"picked":"Metallicize","floor":3.0},{"not_picked":["Reckless Charge","Dark Embrace"],"picked":"Uppercut","floor":4.0},{"not_picked":["Whirlwind","Warcry+1"],"picked":"Second Wind+1","floor":8.0},{"not_picked":["Perfected Strike","Dual Wield+1"],"picked":"Twin Strike","floor":10.0},{"not_picked":["Heavy Blade","Sword Boomerang"],"picked":"Flex+1","floor":11.0},{"not_picked":["Dual Wield+1","Uppercut"],"picked":"Combust","floor":12.0},{"not_picked":["Brutality","Perfected Strike"],"picked":"Inflame","floor":13.0},{"not_picked":["Cleave","Twin Strike"],"picked":"Inflame","floor":14.0},{"not_picked":["Reaper","Bludgeon"],"picked":"Immolate","floor":16.0},{"not_picked":["Iron Wave","Carnage"],"picked":"Infernal Blade+1","floor":18.0},{"not_picked":["Anger","Thunderclap","Twin Strike"],"picked":"SKIP","floor":20.0},{"not_picked":["Clothesline","Evolve+1"],"picked":"Flame Barrier+1","floor":25.0},{"not_picked":["Disarm+1","Thunderclap+1"],"picked":"Entrench+1","floor":27.0},{"not_picked":["Demon Form","Barricade"],"picked":"Offering+1","floor":33.0},{"not_picked":["Headbutt","Wild Strike+1"],"picked":"Flame Barrier+1","floor":35.0},{"not_picked":["Armaments+1","Seeing Red+1"],"picked":"Shrug It Off+1","floor":44.0},{"not_picked":["Anger+1","Thunderclap+1"],"picked":"Spot Weakness+1","floor":46.0},{"not_picked":["Dropkick","Twin Strike"],"picked":"Wild Strike+1","floor":48.0}],"player_experience":504906,"relics_obtained":[{"floor":7.0,"key":"Paper Frog"},{"floor":8.0,"key":"Toxic Egg 2"},{"floor":26.0,"key":"Ancient Tea Set"},{"floor":31.0,"key":"Nilry\u0027s Codex"},{"floor":41.0,"key":"The Courier"},{"floor":43.0,"key":"Gremlin Horn"},{"floor":46.0,"key":"Gambling Chip"}],"event_choices":[{"damage_healed":0.0,"max_hp_gain":0.0,"max_hp_loss":0.0,"gold_gain":0.0,"event_name":"The Cleric","player_choice":"Leave","floor":2.0,"gold_loss":0.0,"damage_taken":0.0},{"damage_healed":0.0,"max_hp_gain":0.0,"max_hp_loss":0.0,"gold_gain":0.0,"event_name":"Scrap Ooze","player_choice":"Success","floor":5.0,"gold_loss":0.0,"damage_taken":18.0,"relics_obtained":["Smiling Mask"]},{"damage_healed":0.0,"max_hp_gain":0.0,"max_hp_loss":0.0,"gold_gain":0.0,"event_name":"Forgotten Altar","player_choice":"Smashed Altar","floor":22.0,"gold_loss":0.0,"damage_taken":0.0,"cards_obtained":["Decay"]},{"damage_healed":0.0,"max_hp_gain":0.0,"max_hp_loss":0.0,"gold_gain":0.0,"event_name":"The Mausoleum","player_choice":"Opened","floor":24.0,"gold_loss":0.0,"damage_taken":0.0,"relics_obtained":["Oddly Smooth Stone"],"cards_obtained":["Writhe"]},{"damage_healed":0.0,"max_hp_gain":0.0,"max_hp_loss":0.0,"gold_gain":99.0,"event_name":"Nest","player_choice":"Stole From Cult","floor":28.0,"gold_loss":0.0,"damage_taken":0.0},{"damage_healed":0.0,"max_hp_gain":0.0,"max_hp_loss":0.0,"gold_gain":0.0,"event_name":"Cursed Tome","player_choice":"Obtained Book","floor":31.0,"gold_loss":0.0,"damage_taken":16.0},{"cards_removed":["Shame"],"damage_healed":0.0,"max_hp_gain":0.0,"max_hp_loss":0.0,"gold_gain":0.0,"event_name":"Purifier","player_choice":"Purged","floor":36.0,"gold_loss":0.0,"damage_taken":0.0},{"damage_healed":0.0,"max_hp_gain":0.0,"max_hp_loss":0.0,"gold_gain":0.0,"event_name":"Tomb of Lord Red Mask","player_choice":"Ignored","floor":39.0,"gold_loss":0.0,"damage_taken":0.0},{"cards_removed":["Combust"],"damage_healed":0.0,"max_hp_gain":0.0,"max_hp_loss":0.0,"gold_gain":0.0,"event_name":"Falling","player_choice":"Removed Power","floor":47.0,"gold_loss":0.0,"damage_taken":0.0}],"is_beta":false,"boss_relics":[{"not_picked":["SlaversCollar","Black Star"],"picked":"Cursed Key"},{"not_picked":["Velvet Choker","SacredBark"],"picked":"Astrolabe"}],"items_purged_floors":[],"is_endless":false,"potions_floor_spawned":[1,3,10,11,14,20,27,44,46,48],"killed_by":"Shield and Spear","ascension_level":0}}