{"host":"37dk0reb6x0du8wx","time":1609842486,"event":{"mods":["BaseMod","Colored Map","DeckTracker","Minty Spire (QoL Compilation)","Quick Restart","StSLib"],"gold_per_floor":[218,89,89,141,154,179,179,179,179,202,202,242,261,436,436,567,567,588,148,148,148,148,148,148],"floor_reached":23,"playtime":603,"items_purged":["Strike_B","Strike_B"],"score":234,"play_id":"dba44919-daf0-4eea-a669-8b8f375dc589","local_time":"20210105192806","is_ascension_mode":true,"campfire_choices":[{"floor":7,"key":"REST"},{"floor":11,"key":"REST"},{"floor":15,"key":"REST"}],"circlet_count":0,"master_deck":["Strike_B","Defend_B","Defend_B","Defend_B","Defend_B","Zap","Dualcast","Leap","Leap","Redo","Darkness","Doubt","Multi-Cast","Auto Shields"],"relics":["FrozenCore","Tiny Chest","Bag of Preparation","Golden Idol","Bag of Marbles","Oddly Smooth Stone","Symbiotic Virus","Membership Card","Nilry\u0027s Codex","Smiling Mask"],"acts_visited":["Exordium","TheCity"],"potions_floor_usage":[6,12,23,23],"damage_taken":[{"damage":15,"enemies":"Small Slimes","floor":1,"turns":3},{"damage":3,"enemies":"Jaw Worm","floor":5,"turns":3},{"damage":45,"enemies":"Lagavulin","floor":6,"turns":8},{"damage":0,"enemies":"2 Louse","floor":10,"turns":2},{"damage":36,"enemies":"Gremlin Nob","floor":12,"turns":5},{"damage":12,"enemies":"2 Fungi Beasts","floor":13,"turns":4},{"damage":20,"enemies":"The Guardian","floor":16,"turns":12},{"damage":29,"enemies":"3 Byrds","floor":18,"turns":7},{"damage":29,"enemies":"Book of Stabbing","floor":23,"turns":5}],"seed_played":"-2028129288816661687","potions_obtained":[{"floor":1,"key":"DistilledChaos"},{"floor":6,"key":"SpeedPotion"},{"floor":13,"key":"Swift Potion"},{"floor":16,"key":"AttackPotion"},{"floor":18,"key":"CultistPotion"}],"is_trial":false,"path_per_floor":["M","$","?","T","M","E","R","?","T","M","R","E","M","?","R","B",null,"M","$","?","T","?","E"],"character_chosen":"DEFECT","items_purchased":["Leap","Symbiotic Virus","Membership Card"],"campfire_rested":3,"item_purchase_floors":[2,19,19],"current_hp_per_floor":[60,60,60,60,57,12,34,34,34,34,54,18,6,6,26,6,69,40,40,24,24,24,0,0],"gold":148,"neow_bonus":"HUNDRED_GOLD","is_daily":false,"chose_seed":false,"campfire_upgraded":0,"win_rate":0.0,"timestamp":1609842486,"path_taken":["M","$","?","?","M","E","R","?","T","M","R","E","M","?","R","BOSS","M","$","?","?","?","E"],"items_purchased_type":["Card","Relic","Relic"],"build_version":"2020-12-22","purchased_purges":2,"victory":false,"max_hp_per_floor":[75,75,75,75,75,75,75,69,69,69,69,69,69,69,69,69,69,69,69,69,69,69,69,69],"card_choices":[{"not_picked":["Blizzard","Static Discharge","Barrage"],"picked":"SKIP","floor":1},{"not_picked":["Lockon","Compile Driver","Hologram"],"picked":"SKIP","floor":5},{"not_picked":["Aggregate","Hologram"],"picked":"Leap","floor":6},{"not_picked":["Ball Lightning","Barrage"],"picked":"Redo","floor":10},{"not_picked":["Skim","Aggregate"],"picked":"Darkness","floor":12},{"not_picked":["Ball Lightning","Streamline","Chaos"],"picked":"SKIP","floor":13},{"not_picked":["Thunder Strike","Amplify"],"picked":"Multi-Cast","floor":16},{"not_picked":["Turbo","Sweeping Beam+1","Barrage"],"picked":"SKIP","floor":18}],"player_experience":155942,"relics_obtained":[{"floor":4,"key":"Tiny Chest"},{"floor":6,"key":"Bag of Preparation"},{"floor":9,"key":"Bag of Marbles"},{"floor":12,"key":"Oddly Smooth Stone"},{"floor":20,"key":"Nilry\u0027s Codex"},{"floor":21,"key":"Smiling Mask"}],"event_choices":[{"cards_removed":["Strike_B"],"damage_healed":0,"gold_gain":0,"player_choice":"Forget","damage_taken":0,"max_hp_gain":0,"max_hp_loss":0,"event_name":"Living Wall","floor":3,"gold_loss":0},{"damage_healed":0,"gold_gain":0,"player_choice":"Lose Max HP","damage_taken":0,"relics_obtained":["Golden Idol"],"max_hp_gain":0,"max_hp_loss":6,"event_name":"Golden Idol","floor":8,"gold_loss":0},{"damage_healed":0,"gold_gain":175,"player_choice":"AGREE","damage_taken":0,"max_hp_gain":0,"max_hp_loss":0,"event_name":"Liars Game","floor":14,"gold_loss":0,"cards_obtained":["Doubt"]},{"damage_healed":0,"gold_gain":0,"player_choice":"Obtained Book","damage_taken":16,"max_hp_gain":0,"max_hp_loss":0,"event_name":"Cursed Tome","floor":20,"gold_loss":0},{"damage_healed":0,"gold_gain":0,"player_choice":"Read","damage_taken":0,"max_hp_gain":0,"max_hp_loss":0,"event_name":"The Library","floor":22,"gold_loss":0,"cards_obtained":["Auto Shields"]}],"is_beta":false,"boss_relics":[{"not_picked":["Coffee Dripper","Tiny House"],"picked":"FrozenCore"}],"items_purged_floors":[2,19],"is_endless":false,"potions_floor_spawned":[1,6,13,16,18],"killed_by":"Book of Stabbing","ascension_level":4}}