{"host":"htqwg582tjjtn9p7","time":1609860711,"event":{"mods":["2.2 Compatiblity","AchievementEnabler","Act Like it!","Aspiration","BaseMod","Better Third Choice","Colored Map","Conspire","Curses Come First","Displayed Cursed Tome","Energized Spire","Force Act Four","GifTheSpireLib","Hermit","Highlight Path","JesterMod","Mad Scientist","Minty Spire (QoL Compilation)","Pale of the Ancients","Permanent Neow","Random Character Button","Relic Stats","Replay The Spire","Robot Space Explorer","Somnambulant","Spicy Shops","Spikes Relics","StSLib","Stuff the Spire","The Blue Laboratory","The Disciple","The Dragon Tamer","The Forsaken","The Gatherer","The Judge","The Jungle","The Marked","The Runesmith","The Servant 0.9.4","Uncapped"],"gold_per_floor":[112,131,131,131,131,149,149,162,162,179,208,208,238,257,257,330,330,347,347,364,50,50,83,98,98,173,188,188,206,230,265,265,339,339,355,405,422,13,13,13,38,38,63,133,133,133,0,33,33,63,95,171,171,171,171,251,251,54,54,122,122],"floor_reached":60,"playtime":3274,"items_purged":["StuffTheSpire:CuriosityCurse","Strike_G"],"score":1361,"play_id":"1ebde4f0-d8bc-4224-8b50-59334788a467","local_time":"20210105163151","is_ascension_mode":true,"campfire_choices":[{"data":"Deadly Poison","floor":7,"key":"SMITH"},{"floor":12,"key":"REST"},{"floor":15,"key":"REST"},{"data":"Venomology","floor":25,"key":"SMITH"},{"data":"Blade Dance","floor":28,"key":"SMITH"},{"data":"Cloak And Dagger","floor":32,"key":"SMITH"},{"floor":40,"key":"DIG"},{"floor":42,"key":"DIG"},{"floor":46,"key":"DIG"},{"floor":49,"key":"DIG"},{"floor":55,"key":"DIG"},{"floor":57,"key":"DIG"}],"circlet_count":0,"master_deck":["AscendersBane","Strike_G","Strike_G","Strike_G","Defend_G+1","Defend_G","Defend_G","Defend_G","Defend_G","Survivor","Neutralize","Venomology+1","Sucker Punch","Deadly Poison+1","Toxin Wave","Distraction","Riddle With Holes","Reflex","Blade Dance+1","Glass Knife","PiercingWail","PiercingWail","Cloak And Dagger+1","Blade Dance+1","Replay:Bag of Tricks+1","Blade Dance","Deadly Poison","StuffTheSpire:BrainWave","Blade Dance+1","Pot Of Greed","Pot Of Greed","Pot Of Greed","PiercingWail","StuffTheSpire:DoubleShiv+1"],"relics":["Ring of the Snake","RoseTintedShades","RollingBoulder","Snack Pack","Coffee Dripper","Regal Pillow","Eternal Feather","conspire:DeflatedDodgeball","Quantum Egg","SpikesRelics:DaevaFist","Art of War","Black Star","Nunchaku","Shovel","Shuriken","Juzu Bracelet","StuffTheSpire:OldFever","Grinning Jar","Replay:Bandana","Potion Belt","Darkstone Periapt","Thread and Needle","Red Mask","StuffTheSpire:Tea","paleoftheancients:Timepiece","paleoftheancients:KeyRelic","Gremlin Horn","CultistMask","paleoftheancients:SoulOfTheCollector","Onion Ring","Akabeko","ReplayFunnel","War Paint"],"acts_visited":["Exordium","TheCity","TheBeyond","TheBeyond"],"potions_floor_usage":[6,6,8,8,11,11,14,14,16,20,20,23,27,31,33,33,36,36,41,41,44,48,50,50,51,52,56,56,56,60,60,60],"damage_taken":[{"damage":4,"enemies":"Jaw Worm","floor":1,"turns":5},{"damage":6,"enemies":"2 Louse","floor":2,"turns":4},{"damage":12,"enemies":"Small Slimes","floor":6,"turns":2},{"damage":2,"enemies":"Gremlin Gang","floor":8,"turns":5},{"damage":1,"enemies":"2 Fungi Beasts","floor":10,"turns":3},{"damage":16,"enemies":"3 Sentries","floor":11,"turns":7},{"damage":22,"enemies":"Gremlin Nob","floor":13,"turns":4},{"damage":0,"enemies":"Large Slime","floor":14,"turns":6},{"damage":11,"enemies":"The Guardian","floor":16,"turns":14},{"damage":0,"enemies":"conspire:FuzzyDice","floor":18,"turns":8},{"damage":1,"enemies":"2 Thieves","floor":20,"turns":4},{"damage":35,"enemies":"Book of Stabbing","floor":23,"turns":6},{"damage":12,"enemies":"Chosen and Byrds","floor":24,"turns":6},{"damage":35,"enemies":"Snecko","floor":27,"turns":6},{"damage":5,"enemies":"3 Cultists","floor":29,"turns":6},{"damage":48,"enemies":"Gremlin Leader","floor":31,"turns":8},{"damage":42,"enemies":"Automaton","floor":33,"turns":10},{"damage":0,"enemies":"3 Darklings","floor":35,"turns":3},{"damage":31,"enemies":"conspire:MimicChest","floor":36,"turns":8},{"damage":0,"enemies":"3 Shapes","floor":37,"turns":5},{"damage":17,"enemies":"Giant Head","floor":41,"turns":7},{"damage":19,"enemies":"Reptomancer","floor":44,"turns":4},{"damage":0,"enemies":"Spire Growth","floor":48,"turns":4},{"damage":20,"enemies":"Replay:Hell Engine","floor":50,"turns":10},{"damage":137,"enemies":"Replay:Hell Engine","floor":51,"turns":6},{"damage":0,"enemies":"Replay:Hell Engine","floor":52,"turns":10},{"damage":4,"enemies":"Replay:Hell Engine","floor":56,"turns":6},{"damage":72,"enemies":"paleoftheancients:N","floor":60,"turns":4}],"seed_played":"7384072052532843714","potions_obtained":[{"floor":6,"key":"AttackPotion"},{"floor":10,"key":"blueLaboratory:BottleOfVodka"},{"floor":13,"key":"Energy Potion"},{"floor":18,"key":"Block Potion"},{"floor":22,"key":"blueLaboratory:RecallPotion"},{"floor":31,"key":"ColorlessPotion"},{"floor":33,"key":"Swift Potion"}],"is_trial":false,"path_per_floor":["M","M","?","?","?","M","R","M","T","M","E","R","E","M","R","B",null,"M","?","M","$","?","E","M","R","T","M","R","M","T","E","R","B",null,"M","?","M","$","?","R","E","R","T","E","?","R","?","M","R","B","M","M","?","T","R","M","R","$","?","B"],"character_chosen":"THE_SILENT","items_purchased":["Eternal Feather","Shovel","War Paint","blueLaboratory:BlinkPotion"],"campfire_rested":2,"item_purchase_floors":[21,38,58,58],"current_hp_per_floor":[55,49,49,54,54,42,42,40,40,39,23,44,22,24,45,44,64,68,68,70,70,70,39,33,45,45,25,37,40,40,21,36,10,56,58,35,39,39,39,54,48,61,61,52,48,61,61,63,63,61,63,63,63,63,63,61,63,63,63,0,0],"gold":122,"neow_bonus":"ONE_RANDOM_RARE_CARD","is_daily":false,"chose_seed":false,"campfire_upgraded":4,"win_rate":0.0,"timestamp":1609860711,"path_taken":["M","M","?","?","?","M","R","?","T","M","E","R","E","M","R","BOSS","M","?","M","$","?","E","?","R","T","M","R","M","?","E","R","BOSS","M","?","M","$","?","R","E","R","T","E","?","R","?","M","R","BOSS","M","M","?","T","R","M","R","$","?","BOSS"],"items_purchased_type":["Relic","Relic","Relic","Potion"],"build_version":"2020-12-22","purchased_purges":2,"victory":false,"max_hp_per_floor":[66,66,66,71,71,71,71,71,71,71,71,71,71,71,71,71,71,71,71,71,71,71,71,71,71,71,71,71,71,71,71,71,71,71,71,71,71,71,61,61,61,61,61,61,61,61,61,63,63,63,63,63,63,63,63,63,63,63,63,65,65],"relic_stats":{"Darkstone Periapt":0,"Regal Pillow":0,"Gremlin Horn":[24,24],"counters":[28,171],"Eternal Feather":82,"Juzu Bracelet":0,"War Paint":["Blade Dance","Replay:Bag of Tricks"],"Nunchaku":[31],"Shovel":6,"Shuriken":[85],"Art of War":[6],"Black Star":2,"obtain_stats":[{"Darkstone Periapt":44,"ReplayFunnel":57,"Regal Pillow":19,"Gremlin Horn":50,"RoseTintedShades":9,"Juzu Bracelet":41,"Nunchaku":36,"Replay:Bandana":43,"Shovel":38,"RollingBoulder":11,"Red Mask":47,"Ring of the Snake":0,"StuffTheSpire:Tea":49,"Potion Belt":44,"paleoftheancients:KeyRelic":50,"Quantum Egg":26,"Eternal Feather":21,"Thread and Needle":46,"War Paint":58,"Akabeko":55,"paleoftheancients:Timepiece":50,"Shuriken":40,"Onion Ring":54,"CultistMask":50,"Snack Pack":13,"Coffee Dripper":17,"SpikesRelics:DaevaFist":30,"Art of War":31,"Black Star":34,"conspire:DeflatedDodgeball":23,"Grinning Jar":42,"paleoftheancients:SoulOfTheCollector":52,"StuffTheSpire:OldFever":41},{"Darkstone Periapt":22,"ReplayFunnel":27,"Regal Pillow":10,"Gremlin Horn":24,"RoseTintedShades":4,"Juzu Bracelet":21,"Nunchaku":19,"Replay:Bandana":21,"Shovel":20,"RollingBoulder":6,"Red Mask":22,"Ring of the Snake":0,"StuffTheSpire:Tea":23,"Potion Belt":22,"paleoftheancients:KeyRelic":24,"Quantum Egg":13,"Eternal Feather":11,"Thread and Needle":22,"War Paint":27,"Akabeko":26,"paleoftheancients:Timepiece":24,"Shuriken":20,"Onion Ring":26,"CultistMask":24,"Snack Pack":7,"Coffee Dripper":9,"SpikesRelics:DaevaFist":15,"Art of War":16,"Black Star":17,"conspire:DeflatedDodgeball":12,"Grinning Jar":21,"paleoftheancients:SoulOfTheCollector":26,"StuffTheSpire:OldFever":21},{"Darkstone Periapt":131,"ReplayFunnel":167,"Regal Pillow":58,"Gremlin Horn":145,"RoseTintedShades":16,"Juzu Bracelet":127,"Nunchaku":115,"Replay:Bandana":127,"Shovel":120,"RollingBoulder":26,"Red Mask":131,"Ring of the Snake":0,"StuffTheSpire:Tea":135,"Potion Belt":131,"paleoftheancients:KeyRelic":145,"Quantum Egg":74,"Eternal Feather":62,"Thread and Needle":131,"War Paint":167,"Akabeko":161,"paleoftheancients:Timepiece":145,"Shuriken":120,"Onion Ring":161,"CultistMask":145,"Snack Pack":30,"Coffee Dripper":50,"SpikesRelics:DaevaFist":86,"Art of War":94,"Black Star":104,"conspire:DeflatedDodgeball":68,"Grinning Jar":127,"paleoftheancients:SoulOfTheCollector":161,"StuffTheSpire:OldFever":127}],"Ring of the Snake":[56]},"card_choices":[{"not_picked":["Cloak And Dagger","Backflip"],"picked":"Sucker Punch","floor":1},{"not_picked":["Acrobatics","Slice"],"picked":"Deadly Poison","floor":2},{"not_picked":["Bane","StuffTheSpire:BrimstoneBlast","Masterful Stab"],"picked":"SKIP","floor":6},{"not_picked":["Hidden Blade","StuffTheSpire:Python"],"picked":"Toxin Wave","floor":8},{"not_picked":["Quick Slash","conspire:PoisonWeapons"],"picked":"Distraction","floor":10},{"not_picked":["Dodge and Roll","Sucker Punch"],"picked":"Riddle With Holes","floor":11},{"not_picked":["Bane","Bullet Time"],"picked":"Reflex","floor":13},{"not_picked":["Dagger Throw","ReplayTheSpireMod:Tripwire"],"picked":"Blade Dance","floor":14},{"not_picked":["Bullet Time","ReplayTheSpireMod:Necrosis"],"picked":"Glass Knife","floor":16},{"not_picked":["ReplayTheSpireMod:Exploit Weakness","StuffTheSpire:Sprint","Crippling Poison"],"picked":"SKIP","floor":18},{"not_picked":["Underhanded Strike","ReplayTheSpireMod:Shiv Toss"],"picked":"PiercingWail","floor":20},{"not_picked":["Draining Mist","StuffTheSpire:BumpUp","Flying Knee"],"picked":"SKIP","floor":23},{"not_picked":["Acrobatics","ShadowRift"],"picked":"PiercingWail","floor":24},{"not_picked":["Caltrops","Flying Knee","Phantasmal Killer"],"picked":"SKIP","floor":27},{"not_picked":["Deflect","StuffTheSpire:Incantation+1"],"picked":"Cloak And Dagger","floor":29},{"not_picked":["Setup","ReplayTheSpireMod:Speed Training"],"picked":"Blade Dance","floor":31},{"not_picked":["Burst","A Thousand Cuts"],"picked":"Replay:Bag of Tricks","floor":33},{"not_picked":["Poisoned Stab","Bane","Pace"],"picked":"SKIP","floor":35},{"not_picked":["Backflip","Crippling Poison"],"picked":"Blade Dance","floor":36},{"not_picked":["Reflex","Poisoned Stab"],"picked":"Deadly Poison","floor":37},{"not_picked":["Night Terror","Tactician"],"picked":"Blade Dance+1","floor":41},{"not_picked":["Burst","Concentrate"],"picked":"PiercingWail","floor":44},{"not_picked":["Concentrate","ReplayTheSpireMod:Shiv Toss+1","Bouncing Flask"],"picked":"SKIP","floor":48},{"not_picked":["Heel Hook","Well Laid Plans","Endless Agony+1"],"picked":"SKIP","floor":52},{"not_picked":["Prepared","Flechettes"],"picked":"StuffTheSpire:DoubleShiv+1","floor":56}],"player_experience":1887378,"relics_obtained":[{"floor":9,"key":"RoseTintedShades"},{"floor":11,"key":"RollingBoulder"},{"floor":13,"key":"Snack Pack"},{"floor":23,"key":"conspire:DeflatedDodgeball"},{"floor":26,"key":"Quantum Egg"},{"floor":30,"key":"SpikesRelics:DaevaFist"},{"floor":31,"key":"Art of War"},{"floor":36,"key":"Nunchaku"},{"floor":40,"key":"Shuriken"},{"floor":41,"key":"Juzu Bracelet"},{"floor":41,"key":"StuffTheSpire:OldFever"},{"floor":42,"key":"Grinning Jar"},{"floor":43,"key":"Replay:Bandana"},{"floor":44,"key":"Potion Belt"},{"floor":44,"key":"Darkstone Periapt"},{"floor":46,"key":"Thread and Needle"},{"floor":49,"key":"StuffTheSpire:Tea"},{"floor":52,"key":"paleoftheancients:SoulOfTheCollector"},{"floor":54,"key":"Onion Ring"},{"floor":55,"key":"Akabeko"},{"floor":57,"key":"ReplayFunnel"}],"event_choices":[{"damage_healed":0,"gold_gain":0,"player_choice":"Donut","damage_taken":0,"max_hp_gain":5,"max_hp_loss":0,"event_name":"Big Fish","floor":4,"gold_loss":0},{"cards_removed":["Strike_G"],"damage_healed":0,"gold_gain":0,"player_choice":"Offered Basic","damage_taken":0,"max_hp_gain":0,"max_hp_loss":0,"event_name":"Bonfire Elementals","floor":5,"gold_loss":0},{"damage_healed":0,"gold_gain":0,"player_choice":"Got Potions","damage_taken":0,"max_hp_gain":0,"max_hp_loss":0,"event_name":"Lab","floor":22,"gold_loss":0},{"damage_healed":0,"gold_gain":0,"player_choice":"Leave","damage_taken":0,"max_hp_gain":0,"max_hp_loss":0,"event_name":"conspire:Investor","floor":45,"gold_loss":0},{"damage_healed":0,"gold_gain":0,"player_choice":"Paid","damage_taken":0,"relics_obtained":["Red Mask"],"max_hp_gain":0,"max_hp_loss":0,"event_name":"Tomb of Lord Red Mask","floor":47,"gold_loss":133}],"is_beta":false,"boss_relics":[{"not_picked":["ChewingGum","energizedSpire:RedRose"],"picked":"Coffee Dripper"},{"not_picked":["aspiration:FutureDiary","Calling Bell"],"picked":"Black Star"}],"items_purged_floors":[21,38],"is_endless":false,"potions_floor_spawned":[2,6,10,13,18,23,31,33,35],"killed_by":"paleoftheancients:N","ascension_level":15}}