{"host":"m77rrhbqzv44va4v","time":1609868895,"event":{"mods":["AchievementEnabler","BaseMod","Colored Map","DeckTracker","Keyboard Shortcuts","Minty Spire (QoL Compilation)","StSLib","SuperFastMode","everything is the same but u backflip on backflip"],"gold_per_floor":[118,118,30,30,54,88,88,88,88,88,106,120,136,174,174,273,273,289,289,12,0,20,20,51,51,120,152,152,167,181,194,194,273,273,273],"floor_reached":34,"playtime":597,"items_purged":["Strike_G"],"score":850,"play_id":"bd76bc3a-96b0-4bfb-a0fb-5a42b093fc7f","local_time":"20210106024815","is_ascension_mode":true,"campfire_choices":[{"data":"Die Die Die","floor":7.0,"key":"SMITH"},{"data":"Bouncing Flask","floor":15.0,"key":"SMITH"},{"data":"Catalyst","floor":23.0,"key":"SMITH"},{"data":"Glass Knife","floor":28,"key":"SMITH"},{"data":"Bane","floor":32,"key":"SMITH"}],"circlet_count":0,"master_deck":["AscendersBane","Strike_G","Strike_G","Defend_G","Defend_G","Defend_G","Survivor","Neutralize","Quick Slash","Die Die Die+1","Backflip","Flying Knee","Bouncing Flask+1","Backstab","Glass Knife+1","Backstab+1","Catalyst+1","Slice+1","Backflip","Catalyst+1","Bane+1","Outmaneuver+1","Acrobatics+1","Phantasmal Killer+1"],"relics":["Ring of the Snake","NeowsBlessing","FossilizedHelix","Bloody Idol","Meat on the Bone","Strawberry","Du-Vu Doll","White Beast Statue","Astrolabe","Medical Kit","Singing Bowl","Toxic Egg 2","Centennial Puzzle","Busted Crown"],"acts_visited":["Exordium","TheCity"],"potions_floor_usage":[27,30,33,33],"damage_taken":[{"damage":0.0,"enemies":"Small Slimes","floor":1.0,"turns":1.0},{"damage":0.0,"enemies":"Jaw Worm","floor":5.0,"turns":1.0},{"damage":0.0,"enemies":"Lagavulin","floor":6.0,"turns":1.0},{"damage":0.0,"enemies":"Cultist","floor":11.0,"turns":2.0},{"damage":0.0,"enemies":"Looter","floor":12.0,"turns":2.0},{"damage":0.0,"enemies":"3 Louse","floor":13.0,"turns":1.0},{"damage":15.0,"enemies":"3 Sentries","floor":14.0,"turns":8.0},{"damage":23.0,"enemies":"Hexaghost","floor":16.0,"turns":9.0},{"damage":0.0,"enemies":"Shell Parasite","floor":18.0,"turns":2.0},{"damage":0.0,"enemies":"Spheric Guardian","floor":22.0,"turns":3.0},{"damage":31.0,"enemies":"Book of Stabbing","floor":24.0,"turns":4.0},{"damage":6,"enemies":"Gremlin Leader","floor":27,"turns":5},{"damage":0,"enemies":"Snake Plant","floor":29,"turns":2},{"damage":0,"enemies":"Chosen and Byrds","floor":30,"turns":4},{"damage":9,"enemies":"Centurion and Healer","floor":31,"turns":6},{"damage":28,"enemies":"Collector","floor":33,"turns":6}],"seed_played":"-2892614476356912491","potions_obtained":[{"floor":11.0,"key":"LiquidMemories"},{"floor":12.0,"key":"LiquidBronze"},{"floor":16.0,"key":"LiquidBronze"},{"floor":18.0,"key":"Swift Potion"},{"floor":27,"key":"DistilledChaos"},{"floor":30,"key":"EssenceOfSteel"},{"floor":33,"key":"SmokeBomb"}],"is_trial":false,"path_per_floor":["M","?","$","?","M","E","R","?","T","T","M","M","M","E","R","B",null,"M","?","$","?","M","R","E","?","T","E","R","M","M","M","R","B",null],"character_chosen":"THE_SILENT","items_purchased":["Die Die Die","Catalyst","Medical Kit"],"campfire_rested":0,"item_purchase_floors":[3,20,20],"current_hp_per_floor":[59,48,48,25,25,25,25,47,54,54,54,54,54,39,39,28,62,62,62,62,62,62,62,45,45,50,49,49,54,61,57,57,48,48,48],"gold":273,"neow_bonus":"THREE_ENEMY_KILL","is_daily":false,"chose_seed":false,"campfire_upgraded":5,"win_rate":0.0,"timestamp":1609868895,"path_taken":["M","?","$","?","?","E","R","?","T","?","?","M","M","E","R","BOSS","M","?","$","?","M","R","E","?","T","E","R","M","M","M","R","BOSS"],"items_purchased_type":["Card","Card","Relic"],"build_version":"2020-12-22","purchased_purges":1,"victory":false,"max_hp_per_floor":[66,66,66,66,66,66,66,66,73,73,73,73,73,73,73,73,73,73,73,73,73,73,73,75,75,75,75,75,75,77,77,77,79,79,79],"card_choices":[{"not_picked":["PiercingWail","Sucker Punch"],"picked":"Quick Slash","floor":1.0},{"not_picked":["Deflect","Prepared"],"picked":"Backflip","floor":5.0},{"not_picked":["Blur","Acrobatics","Quick Slash"],"picked":"SKIP","floor":6.0},{"not_picked":["Bane","Deadly Poison"],"picked":"Flying Knee","floor":11.0},{"not_picked":["Poisoned Stab","Underhanded Strike"],"picked":"Bouncing Flask","floor":12.0},{"not_picked":["Flying Knee","Quick Slash","Choke"],"picked":"SKIP","floor":13.0},{"not_picked":["Phantasmal Killer","Quick Slash"],"picked":"Backstab","floor":14.0},{"not_picked":["Tools of the Trade","Die Die Die"],"picked":"Glass Knife","floor":16.0},{"not_picked":["Dagger Spray","Cloak And Dagger"],"picked":"Backflip","floor":18.0},{"not_picked":["Deadly Poison","Tactician"],"picked":"Bane","floor":22.0},{"not_picked":["Blade Dance","Backflip","Sucker Punch"],"picked":"Singing Bowl","floor":24.0},{"not_picked":["Masterful Stab","Doppelganger+1"],"picked":"Outmaneuver+1","floor":27},{"not_picked":["Dagger Spray","Cloak And Dagger+1"],"picked":"Acrobatics+1","floor":29},{"not_picked":["Terror+1","Sucker Punch","Deflect+1"],"picked":"Singing Bowl","floor":30},{"not_picked":["Quick Slash","Deflect+1"],"picked":"Phantasmal Killer+1","floor":31},{"not_picked":["Grand Finale","Envenom","Die Die Die"],"picked":"Singing Bowl","floor":33}],"player_experience":906677,"relics_obtained":[{"floor":6.0,"key":"Meat on the Bone"},{"floor":9.0,"key":"Strawberry"},{"floor":10.0,"key":"Du-Vu Doll"},{"floor":14.0,"key":"White Beast Statue"},{"floor":24.0,"key":"Singing Bowl"},{"floor":26.0,"key":"Toxic Egg 2"},{"floor":27,"key":"Centennial Puzzle"}],"event_choices":[{"damage_healed":0.0,"max_hp_gain":0.0,"max_hp_loss":0.0,"gold_gain":0.0,"event_name":"Scrap Ooze","player_choice":"Success","floor":2.0,"gold_loss":0.0,"damage_taken":11.0,"relics_obtained":["FossilizedHelix"]},{"damage_healed":0.0,"max_hp_gain":0.0,"max_hp_loss":0.0,"gold_gain":0.0,"event_name":"Golden Idol","player_choice":"Take Damage","floor":4.0,"gold_loss":0.0,"damage_taken":23.0,"relics_obtained":["Golden Idol"]},{"damage_healed":22.0,"max_hp_gain":0.0,"max_hp_loss":0.0,"gold_gain":0.0,"event_name":"Big Fish","player_choice":"Banana","floor":8.0,"gold_loss":0.0,"damage_taken":0.0},{"cards_removed":["Defend_G"],"damage_healed":0.0,"max_hp_gain":0.0,"max_hp_loss":0.0,"gold_gain":0.0,"event_name":"Back to Basics","player_choice":"Elegance","floor":19.0,"gold_loss":0.0,"damage_taken":0.0},{"damage_healed":0.0,"max_hp_gain":0.0,"max_hp_loss":0.0,"gold_gain":0.0,"event_name":"Masked Bandits","player_choice":"Paid Fearfully","floor":21.0,"gold_loss":12.0,"damage_taken":0.0},{"damage_healed":0.0,"max_hp_gain":0.0,"max_hp_loss":0.0,"gold_gain":0.0,"event_name":"Forgotten Altar","player_choice":"Gave Idol","floor":25.0,"relics_lost":["Golden Idol"],"gold_loss":0.0,"damage_taken":0.0,"relics_obtained":["Bloody Idol"]}],"is_beta":false,"boss_relics":[{"not_picked":["Coffee Dripper","Empty Cage"],"picked":"Astrolabe"},{"not_picked":["Philosopher\u0027s Stone","Runic Dome"],"picked":"Busted Crown"}],"items_purged_floors":[20],"is_endless":false,"potions_floor_spawned":[11,12,16,18,22,24,27,29,30,31,33],"ascension_level":20}}