{"host":"y1gy3vaohdji07z5","time":1609815389,"event":{"mods":["AchievementEnabler","BaseMod","Colored Map","Colored Powertips","Hermit","Minty Spire (QoL Compilation)","Random Character Button","Rare Cards Sparkle","StSLib"],"gold_per_floor":[117,137,412,431,441,441,457,457,457,457,472,472,98,108,108,210,210,222,243,243,117,131,166,55,70,70,83,113,147,166,166,166,276,276,294,315,332,349,277,318,318,357,357,207,226,247,247,263,263,268],"floor_reached":51,"playtime":6108,"items_purged":["hermit:Determination","Regret"],"score":820,"play_id":"81b9adc6-53c1-4961-a7e9-b1404bf8eebc","local_time":"20210105035629","daily_mods":["Draft"],"is_ascension_mode":false,"campfire_choices":[{"data":"hermit:BigShot","floor":6,"key":"SMITH"},{"data":"hermit:BigShot","floor":8,"key":"SMITH"},{"data":"hermit:CalledShot","floor":10,"key":"SMITH"},{"data":"hermit:Vantage","floor":12,"key":"SMITH"},{"data":"hermit:EyeOfTheStorm","floor":15,"key":"SMITH"},{"data":"hermit:TakeAim","floor":32,"key":"SMITH"},{"floor":41,"key":"REST"},{"data":"hermit:Vantage","floor":47,"key":"SMITH"},{"data":"hermit:BigShot","floor":49,"key":"SMITH"}],"circlet_count":0,"master_deck":["hermit:Enervate","hermit:Vantage+1","hermit:Dive","hermit:TrackingShot","hermit:Dive","hermit:Dive","hermit:Enervate","hermit:Quickdraw","hermit:Ricochet","hermit:FlashPowder","hermit:CalledShot+1","hermit:BigShot+1","hermit:Scavenge","hermit:Vantage+1","hermit:EyeOfTheStorm+1","hermit:BigShot+1","hermit:Dive","hermit:TakeAim+1","hermit:Enervate+1","hermit:CalledShot+1","hermit:BigShot+1","hermit:Enervate+1","hermit:EyeOfTheStorm+1","hermit:CalledShot+1"],"relics":["hermit:Momento","Toy Ornithopter","Membership Card","Turnip","Black Star","MutagenicStrength","Sling","MealTicket","Molten Egg 2","Strawberry","Orichalcum","Bronze Scales","Bag of Marbles","Red Mask","Sozu","Omamori","Potion Belt","Pocketwatch","Ornamental Fan","Kunai","Smiling Mask","Lee\u0027s Waffle","Blood Vial"],"acts_visited":["Exordium","TheCity","TheBeyond"],"potions_floor_usage":[16,23,33],"damage_taken":[{"damage":0,"enemies":"Jaw Worm","floor":1,"turns":3},{"damage":0,"enemies":"Cultist","floor":2,"turns":4},{"damage":3,"enemies":"Small Slimes","floor":4,"turns":4},{"damage":0,"enemies":"Looter","floor":5,"turns":4},{"damage":1,"enemies":"Exordium Thugs","floor":7,"turns":4},{"damage":0,"enemies":"Lots of Slimes","floor":11,"turns":4},{"damage":2,"enemies":"Blue Slaver","floor":14,"turns":3},{"damage":15,"enemies":"The Guardian","floor":16,"turns":9},{"damage":0,"enemies":"Shell Parasite","floor":18,"turns":6},{"damage":0,"enemies":"Chosen","floor":19,"turns":5},{"damage":13,"enemies":"Snake Plant","floor":22,"turns":4},{"damage":12,"enemies":"Slavers","floor":23,"turns":6},{"damage":0,"enemies":"Snecko","floor":25,"turns":6},{"damage":7,"enemies":"Shelled Parasite and Fungi","floor":27,"turns":5},{"damage":5,"enemies":"Book of Stabbing","floor":28,"turns":6},{"damage":6,"enemies":"Masked Bandits","floor":29,"turns":5},{"damage":6,"enemies":"Sentry and Sphere","floor":30,"turns":4},{"damage":21,"enemies":"Champ","floor":33,"turns":9},{"damage":0,"enemies":"3 Darklings","floor":35,"turns":4},{"damage":3,"enemies":"3 Shapes","floor":36,"turns":6},{"damage":6,"enemies":"3 Darklings","floor":37,"turns":4},{"damage":0,"enemies":"Maw","floor":38,"turns":5},{"damage":49,"enemies":"Reptomancer","floor":40,"turns":5},{"damage":20,"enemies":"Nemesis","floor":42,"turns":5},{"damage":0,"enemies":"Sphere and 2 Shapes","floor":45,"turns":6},{"damage":0,"enemies":"Spire Growth","floor":46,"turns":3},{"damage":0,"enemies":"Maw","floor":48,"turns":5},{"damage":9,"enemies":"Awakened One","floor":50,"turns":9}],"seed_played":"-6488154572907442534","potions_obtained":[{"floor":1,"key":"BlessingOfTheForge"},{"floor":2,"key":"SkillPotion"},{"floor":5,"key":"SteroidPotion"},{"floor":16,"key":"EssenceOfSteel"},{"floor":18,"key":"BlessingOfTheForge"},{"floor":25,"key":"ColorlessPotion"}],"is_trial":true,"path_per_floor":["M","M","?","M","M","R","M","R","T","R","M","R","$","M","R","B",null,"M","M","?","$","M","E","$","M","T","M","E","?","M","?","R","B",null,"M","M","M","M","$","E","R","E","T","$","M","M","R","M","R","B",null],"character_chosen":"HERMIT","items_purchased":["Membership Card","Turnip","Sling","hermit:TakeAim","Strawberry","Omamori","Lee\u0027s Waffle","Blood Vial"],"campfire_rested":1,"item_purchase_floors":[13,13,21,24,24,39,44,44],"current_hp_per_floor":[75,75,75,72,72,72,71,71,71,71,71,71,71,69,69,59,75,75,75,75,75,62,55,77,77,77,70,65,59,53,47,47,31,82,82,79,73,73,82,33,57,37,37,89,89,89,89,89,89,80],"gold":268,"neow_bonus":"","is_daily":false,"chose_seed":false,"campfire_upgraded":8,"win_rate":0.0,"timestamp":1609815389,"path_taken":["M","M","?","M","M","R","M","R","T","R","M","R","?","M","R","BOSS","M","M","?","$","M","E","$","M","T","M","E","?","?","?","R","BOSS","M","M","M","M","$","E","R","E","T","$","M","M","R","?","R","BOSS"],"items_purchased_type":["Relic","Relic","Relic","Card","Relic","Relic","Relic","Relic"],"build_version":"2020-12-22","purchased_purges":2,"victory":true,"max_hp_per_floor":[75,75,75,75,75,75,75,75,75,75,75,75,75,75,75,75,75,75,75,75,75,75,75,82,82,82,82,82,82,82,82,82,82,82,82,82,82,82,82,82,82,82,82,89,89,89,89,89,89,89],"card_choices":[{"not_picked":["hermit:Showdown","hermit:HoleUp"],"picked":"hermit:Enervate","floor":0},{"not_picked":["hermit:Cheat","hermit:Manifest"],"picked":"hermit:Determination","floor":0},{"not_picked":["hermit:Combo","hermit:WideOpen"],"picked":"hermit:Vantage","floor":0},{"not_picked":["hermit:Maintenance","hermit:Quickdraw"],"picked":"hermit:Dive","floor":0},{"not_picked":["hermit:Desperado","hermit:Snipe"],"picked":"hermit:TrackingShot","floor":0},{"not_picked":["hermit:CalledShot","hermit:Showdown"],"picked":"hermit:Dive","floor":0},{"not_picked":["hermit:Malice","hermit:Glare"],"picked":"hermit:Dive","floor":0},{"not_picked":["hermit:Cheat","hermit:LowProfile"],"picked":"hermit:Enervate","floor":0},{"not_picked":["hermit:FlashPowder","hermit:ItchyTrigger"],"picked":"hermit:Quickdraw","floor":0},{"not_picked":["hermit:NoHoldsBarred","hermit:Coalescence"],"picked":"hermit:Ricochet","floor":0},{"not_picked":["hermit:Shortfuse","hermit:SprayPray"],"picked":"hermit:FlashPowder","floor":0},{"not_picked":["hermit:Shortfuse","hermit:Coalescence"],"picked":"hermit:CalledShot","floor":0},{"not_picked":["hermit:CalledShot","hermit:Malice"],"picked":"hermit:BigShot","floor":0},{"not_picked":["hermit:Midnight","hermit:Manifest"],"picked":"hermit:Scavenge","floor":0},{"not_picked":["hermit:HighCaliber","hermit:Misfire"],"picked":"hermit:Vantage","floor":0},{"not_picked":["hermit:BodyArmor","hermit:Glare","hermit:WideOpen"],"picked":"SKIP","floor":1},{"not_picked":["hermit:WideOpen","hermit:Brawl","hermit:Ricochet"],"picked":"SKIP","floor":2},{"not_picked":["hermit:Malice","hermit:Roulette"],"picked":"hermit:EyeOfTheStorm","floor":4},{"not_picked":["hermit:Enervate","hermit:Snipe"],"picked":"hermit:BigShot","floor":5},{"not_picked":["hermit:HighCaliber","hermit:Manifest"],"picked":"hermit:Dive","floor":7},{"not_picked":["hermit:Ricochet","hermit:FatalDesire","hermit:ItchyTrigger"],"picked":"SKIP","floor":11},{"not_picked":["hermit:SprayPray","hermit:HighCaliber","hermit:Grudge"],"picked":"SKIP","floor":14},{"not_picked":["hermit:GhostlyPresence","hermit:Manifest","hermit:HoleUp+1"],"picked":"SKIP","floor":18},{"not_picked":["hermit:Glare","hermit:Desperado","hermit:Maintenance"],"picked":"SKIP","floor":19},{"not_picked":["hermit:Headshot","hermit:Manifest","hermit:WideOpen+1"],"picked":"SKIP","floor":22},{"not_picked":["hermit:Reprieve","hermit:GoldenBullet+1","hermit:HighCaliber+1"],"picked":"SKIP","floor":23},{"not_picked":["hermit:Midnight","hermit:Manifest","hermit:Misfire+1"],"picked":"SKIP","floor":25},{"not_picked":["hermit:Vantage","hermit:Headshot+1","hermit:Coalescence"],"picked":"SKIP","floor":27},{"not_picked":["hermit:LuckOfTheDraw","hermit:Showdown+1"],"picked":"hermit:Enervate+1","floor":28},{"not_picked":["hermit:Glare","hermit:Vantage","hermit:Midnight+1"],"picked":"SKIP","floor":30},{"not_picked":["hermit:ShadowCloak+1","hermit:Snipe"],"picked":"hermit:CalledShot+1","floor":35},{"not_picked":["hermit:HighCaliber+1","hermit:HoleUp"],"picked":"hermit:BigShot","floor":36},{"not_picked":["hermit:BodyArmor","hermit:Combo"],"picked":"hermit:Enervate+1","floor":37},{"not_picked":["hermit:Misfire+1","hermit:DeadOrAlive+1","hermit:FullyLoaded"],"picked":"SKIP","floor":38},{"not_picked":["hermit:Grudge+1","hermit:HoleUp","hermit:PistolWhip+1"],"picked":"SKIP","floor":40},{"not_picked":["hermit:Snipe+1","hermit:Cheat"],"picked":"hermit:EyeOfTheStorm+1","floor":42},{"not_picked":["hermit:Manifest","hermit:Snipe","hermit:Roulette+1"],"picked":"SKIP","floor":45},{"not_picked":["hermit:Horror","hermit:Manifest+1"],"picked":"hermit:CalledShot+1","floor":46},{"not_picked":["hermit:GoldenBullet+1","hermit:Misfire+1","hermit:Quickdraw+1"],"picked":"SKIP","floor":48}],"player_experience":387979,"relics_obtained":[{"floor":9,"key":"Toy Ornithopter"},{"floor":23,"key":"MealTicket"},{"floor":23,"key":"Molten Egg 2"},{"floor":26,"key":"Orichalcum"},{"floor":28,"key":"Bronze Scales"},{"floor":28,"key":"Bag of Marbles"},{"floor":29,"key":"Red Mask"},{"floor":40,"key":"Potion Belt"},{"floor":40,"key":"Pocketwatch"},{"floor":42,"key":"Ornamental Fan"},{"floor":42,"key":"Kunai"},{"floor":43,"key":"Smiling Mask"}],"event_choices":[{"damage_healed":0,"gold_gain":275,"player_choice":"Desecrate","damage_taken":0,"max_hp_gain":0,"max_hp_loss":0,"event_name":"Golden Shrine","floor":3,"gold_loss":0,"cards_obtained":["Regret"]},{"damage_healed":0,"gold_gain":0,"player_choice":"Inject Mutagens","damage_taken":0,"relics_obtained":["MutagenicStrength"],"max_hp_gain":0,"max_hp_loss":0,"event_name":"Drug Dealer","floor":20,"gold_loss":0},{"damage_healed":0,"gold_gain":0,"player_choice":"Fought Bandits","damage_taken":0,"max_hp_gain":0,"max_hp_loss":0,"event_name":"Masked Bandits","floor":29,"gold_loss":0},{"damage_healed":0,"gold_gain":0,"player_choice":"","damage_taken":6,"max_hp_gain":0,"max_hp_loss":0,"event_name":"Knowing Skull","floor":31,"potions_obtained":[],"gold_loss":0,"cards_obtained":[]}],"is_beta":false,"boss_relics":[{"not_picked":["SacredBark","Astrolabe"],"picked":"Black Star"},{"not_picked":["Busted Crown","Velvet Choker"],"picked":"Sozu"}],"items_purged_floors":[13,21],"is_endless":false,"potions_floor_spawned":[1,2,5,16,18,22,25,35,36,42],"ascension_level":0}}