{"host":"9l1knhxfturzliqa","time":1609814834,"event":{"mods":["BaseMod","Colored Map","Colored Powertips","DeckTracker","Highlight Path","Keyboard Shortcuts","Minty Spire (QoL Compilation)","Random Character Button"],"gold_per_floor":[113,113,124,137,152,152,180,180,206,206,221,27,38,48,48,150,200,216,62,62,82,92,92,120,139,165,185,185,198,198,209,209,209,209],"floor_reached":33,"playtime":4728,"items_purged":[],"score":371,"play_id":"4477d086-a428-463d-a602-1dcbadca365e","local_time":"20210105114714","is_ascension_mode":true,"campfire_choices":[{"data":"Noxious Fumes","floor":6.0,"key":"SMITH"},{"data":"Night Terror","floor":8.0,"key":"SMITH"},{"data":"Bouncing Flask","floor":10.0,"key":"SMITH"},{"data":"Master of Strategy","floor":15.0,"key":"SMITH"},{"data":"Deadly Poison","floor":23.0,"key":"SMITH"},{"floor":28.0,"key":"REST"},{"floor":32.0,"key":"REST"}],"circlet_count":0,"master_deck":["Strike_G","Strike_G","Strike_G","Defend_G","Defend_G","Defend_G+1","Defend_G","Defend_G","Survivor","Neutralize","Terror","PiercingWail","Bouncing Flask+1","Noxious Fumes+1","Night Terror+1","Well Laid Plans","Master of Strategy+1","Dagger Throw","Die Die Die","Deadly Poison+1","Master of Strategy+1","Dash","A Thousand Cuts","PiercingWail","Reflex","Noxious Fumes+1","Backflip"],"relics":["Ring of the Snake","NeowsBlessing","Bag of Preparation","Toy Ornithopter","Tiny House","DollysMirror","Anchor","Vajra"],"acts_visited":["Exordium","TheCity"],"potions_floor_usage":[],"damage_taken":[{"damage":0.0,"enemies":"Jaw Worm","floor":1.0,"turns":1.0},{"damage":0.0,"enemies":"Cultist","floor":3.0,"turns":1.0},{"damage":0.0,"enemies":"2 Louse","floor":4.0,"turns":1.0},{"damage":5.0,"enemies":"Large Slime","floor":5.0,"turns":7.0},{"damage":6.0,"enemies":"3 Sentries","floor":7.0,"turns":4.0},{"damage":1.0,"enemies":"2 Fungi Beasts","floor":11.0,"turns":4.0},{"damage":8.0,"enemies":"3 Louse","floor":13.0,"turns":4.0},{"damage":11.0,"enemies":"Looter","floor":14.0,"turns":3.0},{"damage":35.0,"enemies":"The Guardian","floor":16.0,"turns":8.0},{"damage":1.0,"enemies":"Chosen","floor":18.0,"turns":6.0},{"damage":7.0,"enemies":"Spheric Guardian","floor":21.0,"turns":5.0},{"damage":21.0,"enemies":"3 Cultists","floor":22.0,"turns":6.0},{"damage":29.0,"enemies":"Slavers","floor":24.0,"turns":5.0},{"damage":10.0,"enemies":"Centurion and Healer","floor":25.0,"turns":7.0},{"damage":6.0,"enemies":"Snecko","floor":27.0,"turns":5.0},{"damage":20.0,"enemies":"Shelled Parasite and Fungi","floor":29.0,"turns":6.0},{"damage":0.0,"enemies":"Centurion and Healer","floor":30.0,"turns":1.0},{"damage":4.0,"enemies":"3 Cultists","floor":31.0,"turns":4.0},{"damage":30,"enemies":"Collector","floor":33,"turns":5}],"seed_played":"2819054222131112968","potions_obtained":[{"floor":2.0,"key":"EssenceOfSteel"},{"floor":2.0,"key":"Block Potion"},{"floor":2.0,"key":"SteroidPotion"},{"floor":3.0,"key":"SkillPotion"},{"floor":13.0,"key":"PowerPotion"},{"floor":14.0,"key":"BlessingOfTheForge"},{"floor":17.0,"key":"Swift Potion"},{"floor":22.0,"key":"LiquidMemories"},{"floor":24.0,"key":"Strength Potion"},{"floor":25.0,"key":"SmokeBomb"}],"is_trial":false,"path_per_floor":["M","?","M","M","M","R","E","R","T","R","M","$","M","M","R","B",null,"M","$","?","M","M","R","E","M","T","M","R","M","M","M","R","B"],"character_chosen":"THE_SILENT","items_purchased":["Master of Strategy","DollysMirror"],"campfire_rested":2,"item_purchase_floors":[12,19],"current_hp_per_floor":[63,63,63,63,58,58,52,52,52,52,51,51,43,32,32,2,58,57,57,57,50,34,34,15,5,5,4,26,6,11,7,29,0,0],"gold":209,"neow_bonus":"THREE_ENEMY_KILL","is_daily":false,"chose_seed":false,"campfire_upgraded":5,"win_rate":0.0,"timestamp":1609814834,"path_taken":["M","?","M","M","M","R","E","R","T","R","M","?","M","M","R","BOSS","M","$","?","M","M","R","E","M","T","M","R","M","M","M","R","BOSS"],"items_purchased_type":["Card","Relic"],"build_version":"2020-12-22","purchased_purges":0,"victory":false,"max_hp_per_floor":[70,70,70,70,70,70,70,70,70,70,70,70,70,70,70,70,75,75,75,75,75,75,75,75,75,75,75,75,75,75,75,75,75,75],"card_choices":[{"not_picked":["Bane","Catalyst"],"picked":"Terror","floor":1.0},{"not_picked":["Sucker Punch","Cloak And Dagger"],"picked":"PiercingWail","floor":3.0},{"not_picked":["Dodge and Roll","Infinite Blades"],"picked":"Bouncing Flask","floor":4.0},{"not_picked":["Well Laid Plans","Deadly Poison"],"picked":"Noxious Fumes","floor":5.0},{"not_picked":["Underhanded Strike","Masterful Stab"],"picked":"Night Terror","floor":7.0},{"not_picked":["Heel Hook","Outmaneuver"],"picked":"Well Laid Plans","floor":11.0},{"not_picked":["Dodge and Roll","Slice"],"picked":"Dagger Throw","floor":13.0},{"not_picked":["Eviscerate","PiercingWail","Deflect"],"picked":"SKIP","floor":14.0},{"not_picked":["Doppelganger","Tools of the Trade"],"picked":"Die Die Die","floor":16.0},{"not_picked":["Flying Knee","Setup"],"picked":"Deadly Poison","floor":17.0},{"not_picked":["Flying Knee","Dagger Spray","Outmaneuver"],"picked":"SKIP","floor":18.0},{"not_picked":["Accuracy+1","Sucker Punch","Prepared"],"picked":"SKIP","floor":21.0},{"not_picked":["Dodge and Roll","Storm of Steel"],"picked":"PiercingWail","floor":22.0},{"not_picked":["PiercingWail","Bane+1"],"picked":"Reflex","floor":24.0},{"not_picked":["Sucker Punch","Deadly Poison"],"picked":"Noxious Fumes+1","floor":25.0},{"not_picked":["Dodge and Roll","Bouncing Flask","Underhanded Strike+1"],"picked":"SKIP","floor":27.0},{"not_picked":["Sucker Punch","Masterful Stab","Riddle With Holes"],"picked":"SKIP","floor":29.0},{"not_picked":["Expertise","Poisoned Stab+1"],"picked":"Backflip","floor":31.0}],"player_experience":323213,"relics_obtained":[{"floor":7.0,"key":"Bag of Preparation"},{"floor":9.0,"key":"Toy Ornithopter"},{"floor":24.0,"key":"Anchor"},{"floor":26.0,"key":"Vajra"}],"event_choices":[{"damage_healed":0.0,"max_hp_gain":0.0,"max_hp_loss":0.0,"gold_gain":0.0,"event_name":"Lab","player_choice":"Got Potions","floor":2.0,"gold_loss":0.0,"damage_taken":0.0},{"damage_healed":0.0,"max_hp_gain":0.0,"max_hp_loss":0.0,"gold_gain":0.0,"cards_transformed":["Strike_G","Strike_G"],"event_name":"Drug Dealer","player_choice":"Became Test Subject","floor":20.0,"gold_loss":0.0,"damage_taken":0.0,"cards_obtained":["Dash","A Thousand Cuts"]}],"is_beta":false,"boss_relics":[{"not_picked":["WristBlade","Philosopher\u0027s Stone"],"picked":"Tiny House"}],"items_purged_floors":[],"is_endless":false,"potions_floor_spawned":[3,13,14,22,24,25,30],"killed_by":"Collector","ascension_level":7}}