{"host":"oiai0qxasotny765","time":1609840693,"event":{"mods":["2.2 Compatiblity","AchievementEnabler","BaseMod","Colored Map","Minty Spire (QoL Compilation)","Permanent Neow","Relic Stats","StSLib","SuperFastMode","everything is the same but u backflip on backflip"],"gold_per_floor":[112,124,138,63,75,75,88,88,88,88,122,122,481,406,406,480,480,499,499,499,512,44,44,44,64,91,119,119,119,147,164,164,248,248,267,282,282,311,114,114,145,159,159,159,171,190,135,169,169,169],"floor_reached":51,"playtime":2385,"items_purged":["Strike_R","Strike_R","Anger"],"score":1261,"play_id":"883eb785-0e16-4c08-8e50-ef56cd9d1079","local_time":"20210105185813","is_ascension_mode":true,"campfire_choices":[{"data":"Clothesline","floor":6.0,"key":"SMITH"},{"data":"Burning Pact","floor":8.0,"key":"SMITH"},{"data":"Sadistic Nature","floor":12.0,"key":"SMITH"},{"floor":15.0,"key":"REST"},{"data":"Ghostly","floor":23.0,"key":"SMITH"},{"data":"Ghostly","floor":29.0,"key":"SMITH"},{"data":"Ghostly","floor":32.0,"key":"SMITH"},{"data":"Evolve","floor":40.0,"key":"SMITH"},{"data":"Fire Breathing","floor":44.0,"key":"SMITH"},{"data":"Second Wind","floor":49,"key":"SMITH"}],"circlet_count":0,"master_deck":["AscendersBane","Defend_R","Defend_R","Defend_R","Bash","Sadistic Nature+1","Clothesline+1","Burning Pact+1","Power Through","Reckless Charge","Dropkick","Ghostly+1","Ghostly+1","Ghostly+1","Ghostly Armor","Combust","Second Wind+1","Fire Breathing+1","Reaper","Parasite","Evolve+1"],"relics":["Burning Blood","Magic Flower","Matryoshka","Old Coin","Velvet Choker","Nilry\u0027s Codex","Paper Frog","Lantern","CeramicFish","Busted Crown","Charon\u0027s Ashes","MealTicket","Regal Pillow","StrikeDummy"],"acts_visited":["Exordium","TheCity","TheBeyond"],"potions_floor_usage":[50],"damage_taken":[{"damage":1.0,"enemies":"2 Louse","floor":1.0,"turns":3.0},{"damage":7.0,"enemies":"Jaw Worm","floor":2.0,"turns":3.0},{"damage":0.0,"enemies":"Small Slimes","floor":3.0,"turns":3.0},{"damage":8.0,"enemies":"Exordium Wildlife","floor":5.0,"turns":4.0},{"damage":6.0,"enemies":"Looter","floor":7.0,"turns":3.0},{"damage":24.0,"enemies":"Gremlin Nob","floor":11.0,"turns":4.0},{"damage":19.0,"enemies":"Gremlin Nob","floor":13.0,"turns":4.0},{"damage":30.0,"enemies":"The Guardian","floor":16.0,"turns":15.0},{"damage":16.0,"enemies":"2 Thieves","floor":18.0,"turns":5.0},{"damage":8.0,"enemies":"Chosen","floor":21.0,"turns":6.0},{"damage":17.0,"enemies":"3 Cultists","floor":25.0,"turns":6.0},{"damage":23.0,"enemies":"Snake Plant","floor":27.0,"turns":7.0},{"damage":4.0,"enemies":"Colosseum Slavers","floor":28.0,"turns":5.0},{"damage":10.0,"enemies":"Centurion and Healer","floor":30.0,"turns":15.0},{"damage":9.0,"enemies":"Snecko","floor":31.0,"turns":8.0},{"damage":3.0,"enemies":"Champ","floor":33.0,"turns":20.0},{"damage":5.0,"enemies":"3 Shapes","floor":35.0,"turns":6.0},{"damage":36.0,"enemies":"3 Darklings","floor":36.0,"turns":7.0},{"damage":8.0,"enemies":"Writhing Mass","floor":38.0,"turns":11.0},{"damage":6.0,"enemies":"Giant Head","floor":41.0,"turns":11.0},{"damage":0.0,"enemies":"4 Shapes","floor":42.0,"turns":3.0},{"damage":14.0,"enemies":"Maw","floor":45.0,"turns":7.0},{"damage":17.0,"enemies":"Sphere and 2 Shapes","floor":46.0,"turns":5.0},{"damage":6,"enemies":"Nemesis","floor":48,"turns":6},{"damage":31,"enemies":"Time Eater","floor":50,"turns":14}],"seed_played":"5654730656857441359","potions_obtained":[{"floor":1.0,"key":"Explosive Potion"},{"floor":7.0,"key":"Dexterity Potion"},{"floor":25.0,"key":"LiquidMemories"},{"floor":27.0,"key":"SpeedPotion"},{"floor":30.0,"key":"CultistPotion"},{"floor":33.0,"key":"LiquidMemories"},{"floor":35.0,"key":"LiquidMemories"},{"floor":36.0,"key":"EntropicBrew"}],"is_trial":false,"path_per_floor":["M","M","M","$","M","R","M","R","T","?","E","R","?","?","R","B",null,"M","?","?","M","$","R","?","M","T","M","?","R","M","M","R","B",null,"M","M","?","M","$","R","E","M","T","R","M","M","$","E","R","B",null],"character_chosen":"IRONCLAD","items_purchased":["Paper Frog","Ghostly Armor","Evolve","Block Potion"],"campfire_rested":1,"item_purchase_floors":[22,22,39,47],"current_hp_per_floor":[55,54,60,60,58,58,58,58,58,51,36,36,26,26,48,27,63,56,35,35,36,36,36,36,28,28,14,19,19,18,18,18,24,34,37,16,16,25,25,25,33,37,37,37,37,35,37,37,37,21],"gold":169,"neow_bonus":"RANDOM_COLORLESS_2","is_daily":false,"chose_seed":false,"campfire_upgraded":9,"win_rate":0.0,"timestamp":1609840693,"path_taken":["M","M","M","$","M","R","M","R","T","?","E","R","?","?","R","BOSS","M","?","?","M","$","R","?","M","T","M","?","R","M","M","R","BOSS","M","M","?","M","$","R","E","M","T","R","M","M","$","E","R","BOSS"],"items_purchased_type":["Relic","Card","Card","Potion"],"build_version":"2020-12-22","purchased_purges":3,"victory":true,"max_hp_per_floor":[75,75,75,75,75,75,75,75,75,75,75,75,75,75,75,75,75,75,75,37,37,37,37,37,37,37,37,37,37,37,37,37,37,37,37,37,37,37,37,37,37,37,37,37,37,37,37,37,37,37],"relic_stats":{"Regal Pillow":0,"Busted Crown":18,"counters":[25,181],"CeramicFish":45,"Magic Flower":[62],"MealTicket":2,"Charon\u0027s Ashes":[249],"obtain_stats":[{"Lantern":26,"Regal Pillow":43,"Nilry\u0027s Codex":19,"CeramicFish":26,"Magic Flower":9,"Velvet Choker":17,"Charon\u0027s Ashes":41,"Burning Blood":0,"Old Coin":13,"Matryoshka":11,"Busted Crown":34,"MealTicket":43,"StrikeDummy":48,"Paper Frog":22},{"Lantern":11,"Regal Pillow":21,"Nilry\u0027s Codex":9,"CeramicFish":11,"Magic Flower":5,"Velvet Choker":8,"Charon\u0027s Ashes":20,"Burning Blood":0,"Old Coin":7,"Matryoshka":6,"Busted Crown":16,"MealTicket":21,"StrikeDummy":24,"Paper Frog":10},{"Lantern":56,"Regal Pillow":149,"Nilry\u0027s Codex":44,"CeramicFish":56,"Magic Flower":16,"Velvet Choker":39,"Charon\u0027s Ashes":146,"Burning Blood":0,"Old Coin":24,"Matryoshka":20,"Busted Crown":111,"MealTicket":149,"StrikeDummy":167,"Paper Frog":50}],"Burning Blood":187},"card_choices":[{"not_picked":["Master of Strategy","Mayhem"],"picked":"Sadistic Nature","floor":0.0},{"not_picked":["Sword Boomerang","True Grit","Flex"],"picked":"SKIP","floor":1.0},{"not_picked":["True Grit","Pommel Strike"],"picked":"Clothesline","floor":2.0},{"not_picked":["Twin Strike","Whirlwind"],"picked":"Burning Pact","floor":3.0},{"not_picked":["Bloodletting","Metallicize"],"picked":"Power Through","floor":5.0},{"not_picked":["Clothesline","Cleave"],"picked":"Reckless Charge","floor":7.0},{"not_picked":["Combust","Bloodletting"],"picked":"Dropkick","floor":11.0},{"not_picked":["Power Through","Armaments","Heavy Blade"],"picked":"SKIP","floor":18.0},{"not_picked":["Bloodletting","Metallicize","Warcry"],"picked":"SKIP","floor":21.0},{"not_picked":["Intimidate","Clothesline+1","Blood for Blood"],"picked":"SKIP","floor":25.0},{"not_picked":["Iron Wave","Seeing Red"],"picked":"Second Wind","floor":27.0},{"not_picked":["Spot Weakness","Brutality"],"picked":"Fire Breathing","floor":30.0},{"not_picked":["Rupture","Power Through","Iron Wave"],"picked":"SKIP","floor":31.0},{"not_picked":["Double Tap","Corruption"],"picked":"Reaper","floor":33.0},{"not_picked":["Rupture"],"picked":"SKIP","floor":35.0},{"not_picked":["Whirlwind"],"picked":"SKIP","floor":36.0},{"not_picked":["Uppercut"],"picked":"SKIP","floor":38.0},{"not_picked":["Cleave"],"picked":"SKIP","floor":41.0},{"not_picked":["Whirlwind"],"picked":"SKIP","floor":42.0},{"not_picked":["Warcry"],"picked":"SKIP","floor":45.0},{"not_picked":["Warcry"],"picked":"SKIP","floor":46.0},{"not_picked":["Wild Strike"],"picked":"SKIP","floor":48}],"player_experience":308698,"relics_obtained":[{"floor":9.0,"key":"Magic Flower"},{"floor":11.0,"key":"Matryoshka"},{"floor":13.0,"key":"Old Coin"},{"floor":19.0,"key":"Nilry\u0027s Codex"},{"floor":26.0,"key":"Lantern"},{"floor":26.0,"key":"CeramicFish"},{"floor":41.0,"key":"Charon\u0027s Ashes"},{"floor":43.0,"key":"MealTicket"},{"floor":43.0,"key":"Regal Pillow"},{"floor":48,"key":"StrikeDummy"}],"event_choices":[{"cards_removed":["Strike_R"],"damage_healed":0.0,"max_hp_gain":0.0,"max_hp_loss":0.0,"gold_gain":0.0,"event_name":"Golden Wing","player_choice":"Card Removal","floor":10.0,"gold_loss":0.0,"damage_taken":7.0},{"damage_healed":0.0,"max_hp_gain":0.0,"max_hp_loss":0.0,"gold_gain":0.0,"event_name":"Dead Adventurer","player_choice":"Searched \u00271\u0027 times","floor":13.0,"gold_loss":0.0,"damage_taken":0.0},{"cards_removed":["Strike_R"],"damage_healed":0.0,"max_hp_gain":0.0,"max_hp_loss":0.0,"gold_gain":0.0,"event_name":"The Cleric","player_choice":"Card Removal","floor":14.0,"gold_loss":75.0,"damage_taken":0.0},{"damage_healed":0.0,"max_hp_gain":0.0,"max_hp_loss":0.0,"gold_gain":0.0,"event_name":"Cursed Tome","player_choice":"Obtained Book","floor":19.0,"gold_loss":0.0,"damage_taken":21.0},{"damage_healed":0.0,"max_hp_gain":0.0,"max_hp_loss":38.0,"gold_gain":0.0,"event_name":"Ghosts","player_choice":"Became a Ghost","floor":20.0,"gold_loss":0.0,"damage_taken":0.0,"cards_obtained":["Ghostly","Ghostly","Ghostly"]},{"damage_healed":0.0,"max_hp_gain":0.0,"max_hp_loss":0.0,"gold_gain":0.0,"cards_transformed":["Strike_R","Defend_R"],"event_name":"Drug Dealer","player_choice":"Became Test Subject","floor":24.0,"gold_loss":0.0,"damage_taken":0.0,"cards_obtained":["Anger","Combust"]},{"damage_healed":0.0,"max_hp_gain":0.0,"max_hp_loss":0.0,"gold_gain":0.0,"event_name":"Colosseum","player_choice":"Fight","floor":28.0,"gold_loss":0.0,"damage_taken":0.0},{"damage_healed":0.0,"max_hp_gain":0.0,"max_hp_loss":0.0,"gold_gain":0.0,"event_name":"Colosseum","player_choice":"Fled From Nobs","floor":28.0,"gold_loss":0.0,"damage_taken":0.0},{"damage_healed":0.0,"max_hp_gain":0.0,"max_hp_loss":0.0,"gold_gain":0.0,"event_name":"SensoryStone","player_choice":"Memory 1","floor":37.0,"gold_loss":0.0,"damage_taken":0.0}],"is_beta":false,"boss_relics":[{"not_picked":["Fusion Hammer","Black Star"],"picked":"Velvet Choker"},{"not_picked":["Philosopher\u0027s Stone","Black Blood"],"picked":"Busted Crown"}],"items_purged_floors":[4,22,39],"is_endless":false,"potions_floor_spawned":[1,7,11,25,27,30,33,35,36,48],"ascension_level":16}}