{"host":"kdlz4xtsumv7xd79","time":1609848474,"event":{"mods":["BaseMod","Hermit","Hubris","Marisa????????","Minty Spire (QoL Compilation)","Remilia??????","Replay The Spire","StSLib","The Marked","The Mystic","The Senshi","The Servant 0.9.4","The Wild Card","Yuri Mod"],"gold_per_floor":[19,35,135,155,171,171,206,206,231,247,259,284,12,28,28,129,129,143,143,43,54,66,93,93,192,192,208,236,236,249,265,265,265,265],"floor_reached":33,"playtime":2281,"items_purged":["Strike_R","Strike_R"],"score":326,"play_id":"ee76103d-a8a7-48a1-abc2-09aee8ce9b14","local_time":"20210105060754","is_ascension_mode":false,"campfire_choices":[{"data":"Rampage","floor":6,"key":"SMITH"},{"data":"ReplayTheSpireMod:Limb From Limb","floor":8,"key":"SMITH"},{"floor":24,"key":"REST"},{"floor":29,"key":"REST"},{"floor":32,"key":"REST"}],"circlet_count":0,"master_deck":["Strike_R","Strike_R+1","Defend_R","Defend_R+1","Defend_R","Bash+1","Rampage+1","Pommel Strike","ReplayTheSpireMod:Limb From Limb+1","Armaments","Shrug It Off+1","ReplayTheSpireMod:Limb From Limb+1","Impervious","CurseOfTheBell","Flex","Infernal Blade","Dropkick+1","Dual Wield"],"relics":["Burning Blood","Art of War","Pen Nib","yuri:PortableGlitches","Whetstone","Calling Bell","Oddly Smooth Stone","Paper Frog","Replay:Arrowhead","Bronze Scales","ScarletDevilRocket","Gremlin Food"],"acts_visited":["Exordium","TheCity"],"potions_floor_usage":[21,33],"damage_taken":[{"damage":6,"enemies":"Cultist","floor":1,"turns":4},{"damage":0,"enemies":"Small Slimes","floor":2,"turns":3},{"damage":8,"enemies":"Jaw Worm","floor":4,"turns":4},{"damage":12,"enemies":"Blue Slaver","floor":5,"turns":3},{"damage":14,"enemies":"Gremlin Nob","floor":7,"turns":3},{"damage":13,"enemies":"Red Slaver","floor":10,"turns":2},{"damage":10,"enemies":"Looter","floor":11,"turns":2},{"damage":11,"enemies":"Lagavulin","floor":12,"turns":5},{"damage":6,"enemies":"Blue Slaver","floor":14,"turns":4},{"damage":71,"enemies":"Slime Boss","floor":16,"turns":12},{"damage":8,"enemies":"Chosen","floor":18,"turns":6},{"damage":17,"enemies":"Spheric Guardian","floor":21,"turns":6},{"damage":9,"enemies":"Centurion and Healer","floor":22,"turns":4},{"damage":41,"enemies":"Slavers","floor":23,"turns":4},{"damage":0,"enemies":"Snecko","floor":27,"turns":2},{"damage":24,"enemies":"Replay:Snechameleon","floor":28,"turns":6},{"damage":0,"enemies":"Snake Plant","floor":30,"turns":2},{"damage":51,"enemies":"Sentry and Sphere","floor":31,"turns":9},{"damage":50,"enemies":"hubris:MusketHawk","floor":33,"turns":6}],"seed_played":"-2327515234896295469","potions_obtained":[{"floor":1,"key":"Doom Potion"},{"floor":10,"key":"SkillPotion"},{"floor":12,"key":"AttackPotion"},{"floor":16,"key":"BlessingOfTheForge"},{"floor":22,"key":"SpeedPotion"}],"is_trial":false,"path_per_floor":["M","M","?","M","M","R","E","R","T","M","M","E","$","M","R","B",null,"M","?","$","M","M","E","R","?","T","M","E","R","M","M","R","B"],"character_chosen":"IRONCLAD","items_purchased":["Shrug It Off","Whetstone"],"campfire_rested":3,"item_purchase_floors":[13,13],"current_hp_per_floor":[80,80,80,78,72,72,64,64,64,57,53,48,48,48,72,7,80,78,78,78,67,64,29,53,53,53,59,41,65,71,26,50,0,0],"gold":265,"neow_bonus":"REMOVE_TWO","is_daily":false,"chose_seed":false,"campfire_upgraded":2,"win_rate":0.0,"timestamp":1609848474,"path_taken":["M","?","?","M","M","R","E","R","T","?","M","E","$","M","R","BOSS","M","?","$","M","M","E","R","?","T","M","E","R","M","M","R","BOSS"],"items_purchased_type":["Card","Relic"],"build_version":"2020-12-22","purchased_purges":2,"victory":false,"max_hp_per_floor":[80,80,80,80,80,80,80,80,80,80,80,80,80,80,80,80,80,80,80,80,80,80,80,80,80,80,80,80,80,80,80,80,80,80],"card_choices":[{"not_picked":["Infernal Blade","Heavy Blade"],"picked":"Rampage","floor":1},{"not_picked":["Cleave","hubris:CleavingFinish","ReplayReversal"],"picked":"SKIP","floor":2},{"not_picked":["Sword Boomerang","hubris:CleavingFinish"],"picked":"Pommel Strike","floor":4},{"not_picked":["Pummel","Iron Wave","Thunderclap"],"picked":"SKIP","floor":5},{"not_picked":["Run Through","Twin Strike"],"picked":"ReplayTheSpireMod:Limb From Limb","floor":7},{"not_picked":["Run Through","Iron Wave","Power Through"],"picked":"SKIP","floor":10},{"not_picked":["Wild Strike","Twin Strike","Pommel Strike"],"picked":"SKIP","floor":11},{"not_picked":["Sword Boomerang","Iron Wave"],"picked":"Armaments","floor":12},{"not_picked":["Shrug It Off","Impervious"],"picked":"ReplayTheSpireMod:Limb From Limb","floor":14},{"not_picked":["Demonic Infusion","Feed"],"picked":"Impervious","floor":16},{"not_picked":["Wild Strike","Run Through+1"],"picked":"Flex","floor":18},{"not_picked":["Power Through+1","Second Wind"],"picked":"Infernal Blade","floor":21},{"not_picked":["hubris:ReadiedAction+1","Feel No Pain"],"picked":"Dropkick+1","floor":22},{"not_picked":["Anger","Headbutt","Pommel Strike+1"],"picked":"SKIP","floor":23},{"not_picked":["Iron Wave+1","Thunderclap","Run Through"],"picked":"SKIP","floor":27},{"not_picked":["Ghostly Armor","Thunderclap","Hemokinesis"],"picked":"SKIP","floor":28},{"not_picked":["Cleave+1","Wild Strike"],"picked":"Dual Wield","floor":30},{"not_picked":["Iron Wave","Disarm+1","Exhume"],"picked":"SKIP","floor":31}],"player_experience":173231,"relics_obtained":[{"floor":7,"key":"Art of War"},{"floor":9,"key":"Pen Nib"},{"floor":12,"key":"yuri:PortableGlitches"},{"floor":17,"key":"Oddly Smooth Stone"},{"floor":17,"key":"Paper Frog"},{"floor":17,"key":"Replay:Arrowhead"},{"floor":23,"key":"Bronze Scales"},{"floor":26,"key":"ScarletDevilRocket"},{"floor":28,"key":"Gremlin Food"}],"event_choices":[{"damage_healed":0,"gold_gain":100,"player_choice":"Pray","damage_taken":0,"max_hp_gain":0,"max_hp_loss":0,"event_name":"Golden Shrine","floor":3,"gold_loss":0},{"damage_healed":0,"gold_gain":0,"player_choice":"Ignored","damage_taken":0,"max_hp_gain":0,"max_hp_loss":0,"event_name":"Cursed Tome","floor":19,"gold_loss":0},{"damage_healed":0,"gold_gain":99,"player_choice":"Stole From Cult","damage_taken":0,"max_hp_gain":0,"max_hp_loss":0,"event_name":"Nest","floor":25,"gold_loss":0}],"is_beta":false,"boss_relics":[{"not_picked":["hubris:GrandSneckoEye","hubris:BlackHole"],"picked":"Calling Bell"}],"items_purged_floors":[13,20],"is_endless":false,"potions_floor_spawned":[1,10,12,16,22,27,30],"killed_by":"hubris:MusketHawk","ascension_level":0}}