{"host":"dmdprxj8bosbz96f","time":1609876054,"event":{"mods":["AchievementEnabler","BaseMod","Colored Map","DeckTracker","Minty Spire (QoL Compilation)","Quick Restart","SuperFastMode","everything is the same but u backflip on backflip"],"gold_per_floor":[111,36,111,131,31,31,46,46,46,71,71,83,96,96,96,192,242,253,272,197,197,207,207,237,252,252,100,120,120,120],"floor_reached":29,"playtime":785,"items_purged":["Defend_R","Defend_R"],"score":270,"play_id":"db8319e9-a1c5-4aa1-aaba-d7f212f7157d","local_time":"20210106044734","is_ascension_mode":true,"campfire_choices":[{"data":"Flex","floor":6,"key":"SMITH"},{"floor":15,"key":"REST"},{"floor":23,"key":"REST"}],"circlet_count":0,"master_deck":["Strike_R","Strike_R","Defend_R","Defend_R","Bash","Hemokinesis","Flex+1","Whirlwind+1","Pommel Strike+1","Inflame","Whirlwind+1","Double Tap","Flex","Flex","Armaments","Headbutt+1","Battle Trance","Perfected Strike+1"],"relics":["Burning Blood","NeowsBlessing","Molten Egg 2","Calipers","Bottled Lightning","Tiny House","Pocketwatch","Mummified Hand","Orichalcum"],"acts_visited":["Exordium","TheCity"],"potions_floor_usage":[16,16,18,22,22,24,28,29],"damage_taken":[{"damage":0,"enemies":"Cultist","floor":1,"turns":1},{"damage":0,"enemies":"Jaw Worm","floor":4,"turns":1},{"damage":2,"enemies":"Small Slimes","floor":7,"turns":1},{"damage":35,"enemies":"Lagavulin","floor":10,"turns":5},{"damage":9,"enemies":"3 Louse","floor":12,"turns":2},{"damage":0,"enemies":"Exordium Wildlife","floor":13,"turns":2},{"damage":68,"enemies":"Hexaghost","floor":16,"turns":9},{"damage":35,"enemies":"Shell Parasite","floor":18,"turns":4},{"damage":15,"enemies":"Spheric Guardian","floor":19,"turns":3},{"damage":30,"enemies":"Chosen and Byrds","floor":22,"turns":4},{"damage":21,"enemies":"Gremlin Leader","floor":24,"turns":6},{"damage":24,"enemies":"Snake Plant","floor":25,"turns":3},{"damage":13,"enemies":"Snecko","floor":28,"turns":3},{"damage":14,"enemies":"Shelled Parasite and Fungi","floor":29,"turns":1}],"seed_played":"4026463142093528093","potions_obtained":[{"floor":1,"key":"ElixirPotion"},{"floor":10,"key":"Block Potion"},{"floor":12,"key":"BloodPotion"},{"floor":17,"key":"Fire Potion"},{"floor":18,"key":"EssenceOfSteel"},{"floor":21,"key":"Explosive Potion"},{"floor":21,"key":"Fire Potion"},{"floor":25,"key":"Fire Potion"},{"floor":28,"key":"Explosive Potion"}],"is_trial":false,"path_per_floor":["M","$","?","M","$","R","M","T","T","E","?","M","M","?","R","B",null,"M","M","?","?","M","R","E","M","T","$","M","M"],"character_chosen":"IRONCLAD","items_purchased":["Orichalcum"],"campfire_rested":2,"item_purchase_floors":[27],"current_hp_per_floor":[80,80,69,75,75,75,79,79,79,50,50,47,53,46,70,24,85,56,47,47,47,23,48,33,15,15,15,8,0,0],"gold":120,"neow_bonus":"THREE_ENEMY_KILL","is_daily":false,"chose_seed":false,"campfire_upgraded":1,"win_rate":0.0,"timestamp":1609876054,"path_taken":["M","$","?","M","$","R","M","?","T","E","?","M","M","?","R","BOSS","M","M","?","?","?","R","E","M","T","$","M","?"],"items_purchased_type":["Relic"],"build_version":"2020-12-22","purchased_purges":2,"victory":false,"max_hp_per_floor":[80,80,80,80,80,80,80,80,80,80,80,80,80,80,80,80,85,85,85,85,85,85,85,85,85,85,85,85,85,85],"card_choices":[{"not_picked":["Warcry","Cleave"],"picked":"Hemokinesis","floor":1},{"not_picked":["Shrug It Off","Headbutt"],"picked":"Flex","floor":4},{"not_picked":["Blood for Blood","Wild Strike"],"picked":"Whirlwind","floor":7},{"not_picked":["Body Slam+1","Warcry"],"picked":"Pommel Strike+1","floor":10},{"not_picked":["Warcry","Body Slam+1"],"picked":"Inflame","floor":12},{"not_picked":["Body Slam+1","Uppercut+1"],"picked":"Whirlwind+1","floor":13},{"not_picked":["Berserk","Demon Form"],"picked":"Double Tap","floor":16},{"not_picked":["Inflame","Dropkick+1"],"picked":"Flex","floor":17},{"not_picked":["Inflame","Infernal Blade"],"picked":"Flex","floor":18},{"not_picked":["Clash+1","Fire Breathing"],"picked":"Armaments","floor":19},{"not_picked":["Warcry+1","Rage"],"picked":"Headbutt+1","floor":22},{"not_picked":["Rage","Immolate+1"],"picked":"Battle Trance","floor":24},{"not_picked":["Twin Strike+1","Disarm+1","Evolve"],"picked":"SKIP","floor":25},{"not_picked":["Metallicize+1","Inflame"],"picked":"Perfected Strike+1","floor":28}],"player_experience":139563,"relics_obtained":[{"floor":8,"key":"Molten Egg 2"},{"floor":9,"key":"Calipers"},{"floor":10,"key":"Bottled Lightning"},{"floor":24,"key":"Pocketwatch"},{"floor":26,"key":"Mummified Hand"}],"event_choices":[{"damage_healed":0,"gold_gain":75,"player_choice":"Gather Gold","damage_taken":11,"max_hp_gain":0,"max_hp_loss":0,"event_name":"World of Goop","floor":3,"gold_loss":0},{"cards_removed":["Strike_R"],"damage_healed":0,"gold_gain":0,"player_choice":"Forget","damage_taken":0,"max_hp_gain":0,"max_hp_loss":0,"event_name":"Living Wall","floor":11,"gold_loss":0},{"cards_removed":["Strike_R"],"damage_healed":0,"gold_gain":0,"player_choice":"Card Removal","damage_taken":7,"max_hp_gain":0,"max_hp_loss":0,"event_name":"Golden Wing","floor":14,"gold_loss":0},{"cards_removed":["Strike_R"],"damage_healed":0,"gold_gain":0,"player_choice":"Gave Gold","damage_taken":0,"max_hp_gain":0,"max_hp_loss":0,"event_name":"Beggar","floor":20,"gold_loss":75},{"damage_healed":0,"gold_gain":0,"player_choice":"Got Potions","damage_taken":0,"max_hp_gain":0,"max_hp_loss":0,"event_name":"Lab","floor":21,"gold_loss":0}],"is_beta":false,"boss_relics":[{"not_picked":["Pandora\u0027s Box","Runic Pyramid"],"picked":"Tiny House"}],"items_purged_floors":[2,5],"is_endless":false,"potions_floor_spawned":[1,10,12,18,25,28],"killed_by":"Shelled Parasite and Fungi","ascension_level":2}}