{"host":"1fn5ivlym87f4xjq","time":1609853917,"event":{"mods":["BaseMod","BetterRewards","Colored Powertips","Minty Spire (QoL Compilation)","Shop Mod","StSLib","The Animator","The Exalted","The Forsaken","The Hierophant"],"gold_per_floor":[125,125,16,34,34,68,68,68,93,44,44,219,251,271,271,271,271],"floor_reached":16,"playtime":718,"items_purged":[],"score":98,"play_id":"d3c1933b-93b3-4f21-bc39-c4242fa822af","local_time":"20210105143837","is_ascension_mode":false,"campfire_choices":[{"floor":8,"key":"RECALL"},{"data":"animator:Sora","floor":15,"key":"SMITH"}],"circlet_count":0,"master_deck":["animator:Strike_NoGameNoLife","animator:Defend_NoGameNoLife","animator:Strike","animator:Strike","animator:Strike","animator:Defend","animator:Defend","animator:Defend","animator:DolaSchwi+1","animator:DolaCouronne","animator:FielNirvalen","animator:Lu","animator:Tet","animator:Tatsumaki","Doubt","animator:Sora+1","animator:ChlammyZell"],"relics":["animator:LivingPicture","animator:TheMissingPiece","animator:PurgingStone","Golden Idol","Nunchaku","Akabeko","Regal Pillow"],"acts_visited":["Exordium"],"potions_floor_usage":[14,14],"damage_taken":[{"damage":11,"enemies":"Jaw Worm","floor":1,"turns":3},{"damage":0,"enemies":"Cultist","floor":4,"turns":4},{"damage":16,"enemies":"Gremlin Nob","floor":6,"turns":4},{"damage":0,"enemies":"2 Louse","floor":13,"turns":2},{"damage":0,"enemies":"Large Slime","floor":14,"turns":4},{"damage":29,"enemies":"Slime Boss","floor":16,"turns":9}],"seed_played":"319748421546111573","potions_obtained":[{"floor":4,"key":"SkillPotion"},{"floor":13,"key":"DuplicationPotion"}],"is_trial":false,"path_per_floor":["M","?","?","M","$","E","$","R","T","$","?","?","M","M","R","B"],"character_chosen":"THE_ANIMATOR","items_purchased":["animator:Tatsumaki"],"campfire_rested":0,"item_purchase_floors":[10],"current_hp_per_floor":[55,55,55,55,55,40,40,40,40,40,28,28,28,29,29,0,0],"gold":271,"neow_bonus":"UPGRADE_CARD","is_daily":false,"chose_seed":false,"campfire_upgraded":1,"win_rate":0.0,"timestamp":1609853917,"path_taken":["M","?","?","?","?","E","?","R","T","$","?","?","M","M","R","BOSS"],"items_purchased_type":["Card"],"build_version":"2020-12-22","purchased_purges":0,"victory":false,"max_hp_per_floor":[66,61,61,61,61,62,62,62,62,62,62,62,62,63,63,63,63],"card_choices":[{"not_picked":["animator:Guy","animator:ChaikaBohdan"],"picked":"animator:FielNirvalen","floor":1},{"not_picked":["animator:Viivi","animator:NarberalGamma"],"picked":"animator:Lu","floor":4},{"not_picked":["animator:Mikaela","animator:Sonic"],"picked":"animator:Tet","floor":6},{"not_picked":["animator:IzunaHatsuse","animator:Jibril"],"picked":"animator:Sora","floor":13},{"not_picked":["animator:Wiz","animator:Pride"],"picked":"animator:ChlammyZell","floor":14}],"player_experience":102150,"relics_obtained":[{"floor":6,"key":"Akabeko"}],"event_choices":[{"damage_healed":0,"gold_gain":0,"player_choice":"Lose Max HP","damage_taken":0,"relics_obtained":["Golden Idol"],"max_hp_gain":0,"max_hp_loss":5,"event_name":"Golden Idol","floor":2,"gold_loss":0},{"damage_healed":0,"gold_gain":0,"player_choice":"Paid Gold","damage_taken":0,"relics_obtained":["Nunchaku"],"max_hp_gain":0,"max_hp_loss":0,"event_name":"WeMeetAgain","floor":3,"gold_loss":109},{"damage_healed":0,"gold_gain":0,"player_choice":"Success","damage_taken":12,"relics_obtained":["Regal Pillow"],"max_hp_gain":0,"max_hp_loss":0,"event_name":"Scrap Ooze","floor":11,"gold_loss":0},{"damage_healed":0,"gold_gain":175,"player_choice":"AGREE","damage_taken":0,"max_hp_gain":0,"max_hp_loss":0,"event_name":"Liars Game","floor":12,"gold_loss":0,"cards_obtained":["Doubt"]}],"is_beta":false,"boss_relics":[],"items_purged_floors":[],"is_endless":false,"potions_floor_spawned":[4,13],"killed_by":"Slime Boss","ascension_level":0}}