{"host":"sdjng9zhqonqi3uc","time":1609859316,"event":{"mods":["2.2 Compatiblity","AchievementEnabler","BaseMod","BetterRewards","Colored Powertips","Hero for Fun","Minty Spire (QoL Compilation)","Shop Mod","StSLib","Td1madao Mod","The Animator","The Cursed","The Servant 0.9.4"],"gold_per_floor":[127,127,137,49,82,82,82,124,172,238,238,7,28,103,103,229,254,239,239,275,304,329,385,406,29,54,54,80,80,105,0,0,0,0],"floor_reached":33,"playtime":2829,"items_purged":["Doubt"],"score":318,"play_id":"02038bca-4f2e-4d1d-9296-964d4aa6cb99","local_time":"20210105160836","is_ascension_mode":true,"campfire_choices":[{"data":"animator:Witch","floor":6.0,"key":"SMITH"},{"floor":11.0,"key":"REST"},{"floor":15.0,"key":"REST"},{"floor":27,"key":"REST"},{"floor":29,"key":"REST"},{"floor":32,"key":"REST"}],"circlet_count":0,"master_deck":["animator:Strike_GoblinSlayer+1","animator:Defend_GoblinSlayer","animator:LizardPriest","animator:DwarfShaman","animator:Gilgamesh+7","animator:Caster","animator:Strike_Katanagatari","animator:Strike_MadokaMagica+1","animator:Strike_Kancolle+1","animator:Defend_Kancolle","animator:Defend_Overlord","animator:Defend_Konosuba+1","animator:Witch+1","animator:Archer","animator:Archer","animator:Boros+1","animator:CowGirl","animator:GoblinSlayer","animator:HigakiRinne","animator:GuildGirl","animator:HighElfArcher"],"relics":["animator:VividPicture","animator:TheMissingPiece","animator:PurgingStone","Whetstone","Champion Belt","Oddly Smooth Stone","Anchor","PreservedInsect","TwistedFunnel","Tiny Chest","Frozen Egg 2","Nilry\u0027s Codex"],"acts_visited":["Exordium","TheCity"],"potions_floor_usage":[21,24,24],"damage_taken":[{"damage":5.0,"enemies":"Small Slimes","floor":1.0,"turns":4.0},{"damage":3.0,"enemies":"Jaw Worm","floor":3.0,"turns":5.0},{"damage":1.0,"enemies":"Cultist","floor":5.0,"turns":4.0},{"damage":0.0,"enemies":"Looter","floor":8.0,"turns":4.0},{"damage":35.0,"enemies":"Lagavulin","floor":10.0,"turns":5.0},{"damage":0.0,"enemies":"3 Louse","floor":13.0,"turns":2.0},{"damage":4.0,"enemies":"The Guardian","floor":16.0,"turns":11.0},{"damage":23,"enemies":"2 Thieves","floor":18,"turns":5},{"damage":0,"enemies":"Chosen","floor":20,"turns":6},{"damage":29,"enemies":"Centurion and Healer","floor":21,"turns":8},{"damage":19,"enemies":"animator:HornedBat","floor":23,"turns":6},{"damage":12,"enemies":"Snake Plant","floor":24,"turns":4},{"damage":16,"enemies":"Shelled Parasite and Fungi","floor":28,"turns":5},{"damage":64,"enemies":"Automaton","floor":33,"turns":6}],"seed_played":"-2715878052592330583","potions_obtained":[{"floor":3.0,"key":"PowerPotion"},{"floor":8.0,"key":"CultistPotion"},{"floor":10.0,"key":"Fire Potion"},{"floor":18,"key":"animator:FalseLifePotion"},{"floor":20,"key":"LiquidMemories"},{"floor":23,"key":"ColorlessPotion"}],"is_trial":false,"path_per_floor":["M","?","M","?","M","R","?","M","T","E","R","$","M","?","R","B",null,"M","?","M","M","?","E","M","$","T","R","M","R","?","?","R","B"],"character_chosen":"THE_ANIMATOR","items_purchased":["Oddly Smooth Stone","TwistedFunnel","animator:GuildGirl","Tiny Chest"],"campfire_rested":5,"item_purchase_floors":[12,25,25,25],"current_hp_per_floor":[61,48,46,46,45,45,45,45,45,10,30,30,30,19,39,35,67,51,51,51,28,28,15,3,3,3,23,8,28,12,12,32,0,0],"gold":0,"neow_bonus":"THREE_RARE_CARDS","is_daily":false,"chose_seed":false,"campfire_upgraded":1,"win_rate":0.0,"timestamp":1609859316,"path_taken":["M","?","M","?","M","R","?","M","T","E","R","$","?","?","R","BOSS","M","?","?","M","?","E","M","?","T","R","?","R","?","?","R","BOSS"],"items_purchased_type":["Relic","Relic","Card","Relic"],"build_version":"2020-12-22","purchased_purges":1,"victory":false,"max_hp_per_floor":[66,66,67,67,67,67,67,67,67,67,67,67,67,67,67,67,67,68,68,68,68,68,68,68,68,68,68,69,69,69,69,69,69,69],"card_choices":[{"not_picked":["animator:GoblinSlayer","animator:ItamiYouji"],"picked":"animator:Gilgamesh","floor":0.0},{"not_picked":["animator:MamiTomoe","animator:Sebas","animator:WinryRockbell"],"picked":"SKIP","floor":1.0},{"not_picked":["animator:Ara","animator:ShinjiMatou"],"picked":"animator:Caster","floor":3.0},{"not_picked":["animator:Sloth","animator:IrohaTamaki"],"picked":"animator:Witch","floor":5.0},{"not_picked":["animator:EmiyaShirou","animator:ShinjiMatou"],"picked":"animator:Archer","floor":8.0},{"not_picked":["animator:MamiTomoe","animator:Azekura"],"picked":"animator:Archer","floor":10.0},{"not_picked":["animator:Lu","animator:Rider","animator:Shichika"],"picked":"SKIP","floor":13.0},{"not_picked":["animator:Albedo","animator:Eve"],"picked":"animator:Boros","floor":16.0},{"not_picked":["animator:Spearman","animator:EmiyaShirou"],"picked":"animator:CowGirl","floor":18},{"not_picked":["animator:Spearman","animator:LizardPriest"],"picked":"animator:GoblinSlayer","floor":20},{"not_picked":["animator:DwarfShaman","animator:Azekura","animator:Add+1"],"picked":"SKIP","floor":21},{"not_picked":["animator:Demiurge","animator:TukaLunaMarceau"],"picked":"animator:HigakiRinne","floor":23},{"not_picked":["animator:Kuribayashi","animator:UneriGinkaku","animator:Alexander"],"picked":"SKIP","floor":24},{"not_picked":["animator:Spearman","animator:LizardPriest"],"picked":"animator:HighElfArcher","floor":28}],"player_experience":274453,"relics_obtained":[{"floor":9.0,"key":"Whetstone"},{"floor":10.0,"key":"Champion Belt"},{"floor":23,"key":"PreservedInsect"},{"floor":26,"key":"Frozen Egg 2"},{"floor":30,"key":"Nilry\u0027s Codex"}],"event_choices":[{"damage_healed":0.0,"max_hp_gain":0.0,"max_hp_loss":0.0,"gold_gain":0.0,"event_name":"Shining Light","player_choice":"Entered Light","floor":2.0,"gold_loss":0.0,"damage_taken":13.0,"cards_upgraded":["animator:Defend","animator:Strike"]},{"damage_healed":0.0,"max_hp_gain":0.0,"max_hp_loss":0.0,"gold_gain":0.0,"event_name":"The Woman in Blue","player_choice":"Bought 0 Potions","floor":7.0,"gold_loss":0.0,"damage_taken":0.0},{"damage_healed":0.0,"max_hp_gain":0.0,"max_hp_loss":0.0,"gold_gain":75.0,"event_name":"World of Goop","player_choice":"Gather Gold","floor":14.0,"gold_loss":0.0,"damage_taken":11.0},{"damage_healed":0,"gold_gain":0,"player_choice":"Upgraded","damage_taken":0,"max_hp_gain":0,"max_hp_loss":0,"event_name":"Upgrade Shrine","floor":19,"gold_loss":0,"cards_upgraded":["animator:Boros"]},{"damage_healed":0,"gold_gain":0,"player_choice":"Gave Potion","damage_taken":0,"relics_obtained":["Anchor"],"max_hp_gain":0,"max_hp_loss":0,"event_name":"WeMeetAgain","floor":22,"gold_loss":0},{"damage_healed":0,"gold_gain":0,"player_choice":"Obtained Book","damage_taken":16,"max_hp_gain":0,"max_hp_loss":0,"event_name":"Cursed Tome","floor":30,"gold_loss":0},{"damage_healed":0,"gold_gain":0,"player_choice":"Paid Fearfully","damage_taken":0,"max_hp_gain":0,"max_hp_loss":0,"event_name":"Masked Bandits","floor":31,"gold_loss":105}],"is_beta":false,"boss_relics":[{"not_picked":["Pandora\u0027s Box","Philosopher\u0027s Stone"],"picked":"animator:VividPicture"}],"items_purged_floors":[12],"is_endless":false,"potions_floor_spawned":[3,8,10,18,20,23],"killed_by":"Automaton","ascension_level":4}}