{"host":"i1h39d0gfh5c6uxl","time":1609836681,"event":{"mods":["AchievementEnabler","BaseMod","Colored Map","Colored Powertips","Highlight Path","Minty Spire (QoL Compilation)"],"gold_per_floor":[114,189,189,7,7,7,47,47,123,19,34,69,69,89,89,180,180,193,193,208,123,147,147,180,196,278,303,339,189,228,228,228,228,228],"floor_reached":33,"playtime":1046,"items_purged":["Injury","Strike_R"],"score":722,"play_id":"30c0704b-9b1d-44e3-8247-f920f7eaa896","local_time":"20210105165121","is_ascension_mode":true,"campfire_choices":[{"data":"True Grit","floor":6,"key":"SMITH"},{"data":"Bash","floor":13,"key":"SMITH"},{"data":"Fire Breathing","floor":15,"key":"SMITH"},{"floor":23,"key":"REST"},{"floor":32,"key":"REST"}],"circlet_count":0,"master_deck":["AscendersBane","Strike_R","Strike_R","Strike_R","Strike_R","Defend_R","Defend_R","Defend_R","Defend_R","Bash+1","Pommel Strike","Headbutt","True Grit+1","Iron Wave","Wild Strike","Fire Breathing+1","Pommel Strike","Disarm","Twin Strike","Immolate","Perfected Strike","Sever Soul+1","Uppercut","Reaper","Shockwave","Burning Pact"],"relics":["Burning Blood","NeowsBlessing","Golden Idol","Bronze Scales","StrikeDummy","Gremlin Horn","Matryoshka","Mark of Pain","Bag of Preparation","Sundial","Lantern","Pantograph","The Courier","Self Forming Clay"],"acts_visited":["Exordium","TheCity"],"potions_floor_usage":[12,22,27,27,27,28,30],"damage_taken":[{"damage":0,"enemies":"Jaw Worm","floor":1,"turns":1},{"damage":0,"enemies":"Lagavulin","floor":7,"turns":1},{"damage":0,"enemies":"2 Louse","floor":11,"turns":1},{"damage":0,"enemies":"Gremlin Nob","floor":12,"turns":2},{"damage":3,"enemies":"Small Slimes","floor":14,"turns":3},{"damage":36,"enemies":"The Guardian","floor":16,"turns":9},{"damage":5,"enemies":"Chosen","floor":18,"turns":3},{"damage":32,"enemies":"Shell Parasite","floor":20,"turns":5},{"damage":16,"enemies":"Snecko","floor":22,"turns":3},{"damage":17,"enemies":"Gremlin Leader","floor":24,"turns":4},{"damage":21,"enemies":"Chosen and Byrds","floor":25,"turns":4},{"damage":0,"enemies":"Snake Plant","floor":27,"turns":2},{"damage":28,"enemies":"Slavers","floor":28,"turns":3},{"damage":38,"enemies":"Book of Stabbing","floor":30,"turns":5},{"damage":77,"enemies":"Automaton","floor":33,"turns":6}],"seed_played":"2947466701032651006","potions_obtained":[{"floor":1,"key":"DistilledChaos"},{"floor":16,"key":"Regen Potion"},{"floor":18,"key":"ElixirPotion"},{"floor":25,"key":"EntropicBrew"},{"floor":28,"key":"LiquidMemories"}],"is_trial":false,"path_per_floor":["M","?","?","$","?","R","E","?","T","$","M","E","R","M","R","B",null,"M","?","M","?","M","R","E","M","T","M","E","$","E","?","R","B"],"character_chosen":"IRONCLAD","items_purchased":["Headbutt","True Grit","Wild Strike","Fire Breathing","Shockwave"],"campfire_rested":2,"item_purchase_floors":[4,4,10,10,29],"current_hp_per_floor":[74,63,63,63,63,63,69,58,58,58,64,70,70,73,73,43,67,68,68,42,42,41,63,52,37,37,49,39,39,13,28,50,0,0],"gold":228,"neow_bonus":"THREE_ENEMY_KILL","is_daily":false,"chose_seed":false,"campfire_upgraded":3,"win_rate":0.0,"timestamp":1609836681,"path_taken":["M","?","?","$","?","R","E","?","T","?","M","E","R","M","R","BOSS","M","?","M","?","M","R","E","M","T","M","E","?","E","?","R","BOSS"],"items_purchased_type":["Card","Card","Card","Card","Card"],"build_version":"2020-12-22","purchased_purges":2,"victory":false,"max_hp_per_floor":[75,75,75,75,75,75,75,75,75,75,75,75,75,75,75,75,75,75,75,75,75,75,75,75,75,75,75,75,75,75,75,75,75,75],"card_choices":[{"not_picked":["Ghostly Armor","Warcry"],"picked":"Pommel Strike","floor":1},{"not_picked":["True Grit","Feel No Pain"],"picked":"Iron Wave","floor":7},{"not_picked":["Havoc","Searing Blow"],"picked":"Pommel Strike","floor":11},{"not_picked":["Entrench","Dual Wield"],"picked":"Disarm","floor":12},{"not_picked":["Iron Wave","Anger"],"picked":"Twin Strike","floor":14},{"not_picked":["Impervious","Feed"],"picked":"Immolate","floor":16},{"not_picked":["Bloodletting+1","Havoc","Inflame"],"picked":"SKIP","floor":18},{"not_picked":["Clash","Reckless Charge+1"],"picked":"Perfected Strike","floor":20},{"not_picked":["Thunderclap","Combust"],"picked":"Sever Soul+1","floor":22},{"not_picked":["Intimidate","Combust"],"picked":"Uppercut","floor":24},{"not_picked":["Sentinel","Clothesline"],"picked":"Reaper","floor":25},{"not_picked":["Rage","Bloodletting","Sword Boomerang"],"picked":"SKIP","floor":27},{"not_picked":["Infernal Blade","Power Through","Twin Strike"],"picked":"SKIP","floor":28},{"not_picked":["Battle Trance","Fire Breathing"],"picked":"Burning Pact","floor":30}],"player_experience":1303873,"relics_obtained":[{"floor":7,"key":"Bronze Scales"},{"floor":9,"key":"Gremlin Horn"},{"floor":12,"key":"Matryoshka"},{"floor":24,"key":"Sundial"},{"floor":26,"key":"Lantern"},{"floor":26,"key":"Pantograph"},{"floor":28,"key":"The Courier"},{"floor":30,"key":"Self Forming Clay"}],"event_choices":[{"damage_healed":0,"gold_gain":75,"player_choice":"Gather Gold","damage_taken":11,"max_hp_gain":0,"max_hp_loss":0,"event_name":"World of Goop","floor":2,"gold_loss":0},{"damage_healed":0,"gold_gain":0,"player_choice":"Take Wound","damage_taken":0,"relics_obtained":["Golden Idol"],"max_hp_gain":0,"max_hp_loss":0,"event_name":"Golden Idol","floor":3,"gold_loss":0,"cards_obtained":["Injury"]},{"damage_healed":0,"gold_gain":0,"player_choice":"Ignored","damage_taken":0,"max_hp_gain":0,"max_hp_loss":0,"event_name":"Liars Game","floor":5,"gold_loss":0},{"damage_healed":0,"gold_gain":0,"player_choice":"Success","damage_taken":11,"relics_obtained":["StrikeDummy"],"max_hp_gain":0,"max_hp_loss":0,"event_name":"Scrap Ooze","floor":8,"gold_loss":0},{"damage_healed":0,"gold_gain":0,"player_choice":"Ignored","damage_taken":0,"max_hp_gain":0,"max_hp_loss":0,"event_name":"Vampires","floor":19,"gold_loss":0},{"damage_healed":0,"gold_gain":0,"player_choice":"Obtained Relic","damage_taken":0,"relics_obtained":["Bag of Preparation"],"max_hp_gain":0,"max_hp_loss":0,"event_name":"Addict","floor":21,"gold_loss":85},{"damage_healed":15,"gold_gain":0,"player_choice":"Heal","damage_taken":0,"max_hp_gain":0,"max_hp_loss":0,"event_name":"The Library","floor":31,"gold_loss":0}],"is_beta":false,"boss_relics":[{"not_picked":["Runic Cube","Tiny House"],"picked":"Mark of Pain"}],"items_purged_floors":[4,29],"is_endless":false,"potions_floor_spawned":[1,16,18,25,28],"killed_by":"Automaton","ascension_level":20}}