{"host":"8rwquwrlbfkmmuup","time":1609866319,"event":{"mods":["BaseMod","Downfall","Halation","Infinite Spire","Marisa????????","Minty Spire (QoL Compilation)","Replay The Spire","Shop Mod","StSLib","The Animator","The Senshi","The Servant 0.9.4"],"gold_per_floor":[114,64,64,82,10,42,58,58,58,74,93,93,93,93],"floor_reached":13,"playtime":524,"items_purged":[],"score":116,"play_id":"d5cb36ce-3b4e-4544-946a-a359bb26c075","local_time":"20210105090519","is_ascension_mode":true,"campfire_choices":[{"floor":8,"key":"REST"},{"data":"BasicCrystalCard","floor":12,"key":"SMITH"}],"circlet_count":0,"master_deck":["Strike_B","Strike_B","Strike_B","Defend_B","Defend_B","Defend_B","Defend_B","Zap","Dualcast","Panic Button","Defragment","Doom and Gloom","Defragment","Lockon","BasicCrystalCard+1"],"relics":["halation:Prosthetics","infinitespire:EmpoweringShard","Toy Ornithopter"],"acts_visited":["Exordium"],"potions_floor_usage":[1,6,6,10,13,13],"damage_taken":[{"damage":7,"enemies":"Jaw Worm","floor":1,"turns":4},{"damage":1,"enemies":"Cultist","floor":4,"turns":3},{"damage":12,"enemies":"Gremlin Nob","floor":6,"turns":2},{"damage":10,"enemies":"Small Slimes","floor":7,"turns":3},{"damage":11,"enemies":"Red Slaver","floor":10,"turns":4},{"damage":6,"enemies":"Blue Slaver","floor":11,"turns":4},{"damage":13,"enemies":"Lagavulin","floor":13,"turns":3}],"seed_played":"8178565849730887717","potions_obtained":[{"floor":1,"key":"Fruit Juice"},{"floor":3,"key":"Death Potion"},{"floor":3,"key":"BlessingOfTheForge"},{"floor":3,"key":"infinitespire:BlackPotion"},{"floor":7,"key":"sneckomod:MuddlingPotion"},{"floor":11,"key":"hexamod:EctoCoolerPotion"}],"is_trial":false,"path_per_floor":["M","?","?","M","$","E","M","R","T","M","M","R","E"],"character_chosen":"DEFECT","items_purchased":["Doom and Gloom"],"campfire_rested":1,"item_purchase_floors":[5],"current_hp_per_floor":[38,38,38,37,37,25,15,28,28,22,16,16,13,13],"gold":93,"neow_bonus":"BOSS_RELIC","is_daily":false,"chose_seed":false,"campfire_upgraded":1,"win_rate":0.0,"timestamp":1609866319,"path_taken":["M","?","?","?","?","E","M","R","T","?","M","R","E"],"items_purchased_type":["Card"],"build_version":"2020-12-22","purchased_purges":0,"victory":false,"max_hp_per_floor":[45,45,45,45,45,45,45,45,45,45,45,45,45,45],"card_choices":[{"not_picked":["Scrape","Beam Cell"],"picked":"Panic Button","floor":1},{"not_picked":["BasicCrystalCard","Steam"],"picked":"Defragment","floor":4},{"not_picked":["Stack","ReplayGash"],"picked":"Defragment","floor":6},{"not_picked":["Go for the Eyes","Sweeping Beam"],"picked":"Lockon","floor":7},{"not_picked":["Undo","ReplayTheSpireMod:System Scan","ReplayTheSpireMod:GoodbyeWorld"],"picked":"SKIP","floor":10},{"not_picked":["Scrape","Reprogram"],"picked":"BasicCrystalCard","floor":11}],"player_experience":66331,"relics_obtained":[{"floor":6,"key":"infinitespire:EmpoweringShard"},{"floor":9,"key":"Toy Ornithopter"}],"event_choices":[{"cards_removed":["Strike_B"],"damage_healed":0,"gold_gain":0,"player_choice":"Card Removal","damage_taken":0,"max_hp_gain":0,"max_hp_loss":0,"event_name":"The Cleric","floor":2,"gold_loss":50},{"damage_healed":0,"gold_gain":0,"player_choice":"Got Potions","damage_taken":0,"max_hp_gain":0,"max_hp_loss":0,"event_name":"Lab","floor":3,"gold_loss":0}],"is_beta":false,"boss_relics":[],"items_purged_floors":[],"is_endless":false,"potions_floor_spawned":[1,7,11],"killed_by":"Lagavulin","ascension_level":1}}