{"host":"r0e4s450fexxrjel","time":1609864875,"event":{"mods":["AchievementEnabler","Act Like it!","AlwaysNeverKeys","BaseMod","Better Third Choice","Colored Map","Conspire","Dota2Spire","Downfall","Energized Spire","Evolution","Friendly Minions","GifTheSpireLib","Gold Saver","Gremlin Mod","Hubris","Infinite Spire","Minty Spire (QoL Compilation)","Pale of the Ancients","RRrroohrrRGHHhhh!!","Replay The Spire","Shop Mod","StSLib","The Dragon Tamer","The Factory","The Jungle","The Marked","??????REMEMod"],"gold_per_floor":[116,116,116,127,146,174,192,192,192,224,224,296,296,296,296,397,397,413,413,430,445,463,463,278,278,330,347,363,363,363,363],"floor_reached":30,"playtime":1224,"items_purged":[],"score":315,"play_id":"9e57b22f-280f-4117-ab8f-6ece6e79bb95","local_time":"20210105174115","is_ascension_mode":false,"campfire_choices":[{"floor":8,"key":"REST"},{"data":"theMarked:WardOff","floor":11,"key":"SMITH"},{"floor":13,"key":"REST"},{"floor":15,"key":"REST"},{"floor":23,"key":"REST"},{"floor":25,"key":"DIG"}],"circlet_count":0,"master_deck":["theMarked:Strike","theMarked:Strike","theMarked:Strike","theMarked:Strike","theMarked:Strike","theMarked:Defend","theMarked:Defend","theMarked:Defend","theMarked:Defend","theMarked:SoldierOfQuellstein","Die Die Die","theMarked:StartUp","theMarked:Static","theMarked:HeightenedSenses","theMarked:WardOff+1","theMarked:ChainLightning","theMarked:AttractMetal","theMarked:GodGivenPower","Replay:Fractal Strike","theMarked:SummonStrength","theMarked:RepellingDischarge","theMarked:Indomitable","theMarked:RogueSparks","theMarked:Overcharge","theMarked:Polarize+1"],"relics":["theMarked:ArtifactOfAir","EVO:Axolotl","REME_ComplimentaryCards","hubris:MysteriousPyramids","hubris:Spice","REME_HourglassOfDeath","hubris:ToyBattleship","expansioncontent:StudyCardRelic","Shovel","theJungle:Creamberry","Dota2Spire:CrimsonGuard"],"acts_visited":["Exordium","Exordium"],"potions_floor_usage":[10,16,21,22],"damage_taken":[{"damage":0,"enemies":"Cultist","floor":1,"turns":4},{"damage":6,"enemies":"Jaw Worm","floor":4,"turns":4},{"damage":2,"enemies":"conspire:RoseBush","floor":5,"turns":4},{"damage":48,"enemies":"Gremlin Nob","floor":6,"turns":5},{"damage":0,"enemies":"Gremlin Gang","floor":7,"turns":2},{"damage":2,"enemies":"3 Sentries","floor":10,"turns":4},{"damage":21,"enemies":"Fading Forest","floor":16,"turns":11},{"damage":1,"enemies":"Shell Parasite","floor":18,"turns":6},{"damage":11,"enemies":"theJungle:MUSHROOMGANG","floor":20,"turns":3},{"damage":7,"enemies":"theJungle:JungleHuntersEncounter","floor":21,"turns":5},{"damage":14,"enemies":"theJungle:Lyon","floor":22,"turns":3},{"damage":12,"enemies":"theJungle:SlimyTreeVines","floor":27,"turns":6},{"damage":40,"enemies":"theJungle:2_Flameangoes","floor":28,"turns":5},{"damage":18,"enemies":"theJungle:2_Snecko_Cultists","floor":30,"turns":2}],"seed_played":"-6220055634355555870","potions_obtained":[{"floor":6,"key":"BlessingOfTheForge"},{"floor":7,"key":"Toxic Potion"},{"floor":10,"key":"GamblersBrew"},{"floor":12,"key":"infinitespire:BlackPotion"},{"floor":16,"key":"SteroidPotion"}],"is_trial":false,"path_per_floor":["M","$","?","M","M","E","M","R","T","E","R","?","R","?","R","B",null,"M","?","M","M","M","R","?","R","T","M","M","T","M"],"character_chosen":"THE_DEFAULT","items_purchased":[],"campfire_rested":4,"item_purchase_floors":[],"current_hp_per_floor":[77,77,77,71,69,21,21,44,52,50,50,16,41,20,45,30,85,84,68,57,50,36,61,61,61,61,55,15,15,0,0],"gold":363,"neow_bonus":"TEN_PERCENT_HP_BONUS","is_daily":false,"chose_seed":false,"campfire_upgraded":1,"win_rate":0.0,"timestamp":1609864875,"path_taken":["M","?","?","M","?","E","M","R","T","E","R","?","R","?","R","BOSS","M","?","M","M","M","R","?","R","T","M","M","?","?"],"items_purchased_type":[],"build_version":"2020-12-22","purchased_purges":0,"victory":false,"max_hp_per_floor":[77,77,77,77,77,77,77,77,85,85,85,85,85,85,85,85,85,85,85,85,85,85,85,85,85,85,85,85,85,85,85],"card_choices":[{"not_picked":["theMarked:TwofoldDefense","theMarked:Overthink"],"picked":"theMarked:Reabsorb","floor":1},{"not_picked":["theMarked:ResourceFulStrike","theMarked:TakeCover"],"picked":"theMarked:Static","floor":4},{"not_picked":["theMarked:WastefulDefense","theMarked:SelfDefenseTraining"],"picked":"theMarked:HeightenedSenses","floor":5},{"not_picked":["theMarked:EternalStudent","theMarked:Frustration"],"picked":"theMarked:WardOff","floor":6},{"not_picked":["theMarked:ElectricStrings","theMarked:ParalyzingBlade"],"picked":"theMarked:ChainLightning","floor":7},{"not_picked":["theMarked:ContemptForTheProud","theMarked:Frustration"],"picked":"theMarked:AttractMetal","floor":10},{"not_picked":["theMarked:ElectricStrings","theMarked:TwofoldDefense"],"picked":"theMarked:GodGivenPower","floor":12},{"not_picked":["infinitespire:UltimateForm","infinitespire:Menacing"],"picked":"Replay:Fractal Strike","floor":14},{"not_picked":["theMarked:ThrowWeapon","theMarked:FavorableWinds"],"picked":"theMarked:SummonStrength","floor":16},{"not_picked":["theMarked:ElementalBlade","theMarked:Frustration"],"picked":"theMarked:RepellingDischarge","floor":18},{"not_picked":["theMarked:CreepingChasm","theMarked:EmpowerWeapon"],"picked":"theMarked:Indomitable","floor":20},{"not_picked":["theMarked:ShockingTouch","theMarked:Aftermath+1"],"picked":"theMarked:RogueSparks","floor":21},{"not_picked":["theMarked:HeightenedSenses","theMarked:ChainLightning+1"],"picked":"theMarked:Overcharge","floor":22},{"not_picked":["theMarked:EmpowerWeapon+1","theMarked:KeepCalmAndFightOn+1","theMarked:Frustration"],"picked":"SKIP","floor":27},{"not_picked":["theMarked:Parkour","theMarked:SwordAndMagic"],"picked":"theMarked:Polarize+1","floor":28}],"player_experience":51555,"relics_obtained":[{"floor":6,"key":"hubris:MysteriousPyramids"},{"floor":9,"key":"hubris:Spice"},{"floor":10,"key":"REME_HourglassOfDeath"},{"floor":12,"key":"hubris:ToyBattleship"},{"floor":25,"key":"Dota2Spire:CrimsonGuard"}],"event_choices":[{"damage_healed":0,"gold_gain":0,"cards_transformed":["theMarked:Reabsorb"],"player_choice":"Transformed","damage_taken":0,"max_hp_gain":0,"max_hp_loss":0,"event_name":"Transmorgrifier","floor":3,"gold_loss":0,"cards_obtained":["theMarked:StartUp"]}],"is_beta":false,"boss_relics":[{"not_picked":["hubris:RunicObelisk","Philosopher\u0027s Stone"],"picked":"expansioncontent:StudyCardRelic"}],"items_purged_floors":[],"is_endless":false,"potions_floor_spawned":[6,7,10,16,18,20],"killed_by":"theJungle:2_Snecko_Cultists","ascension_level":0}}