{"host":"6qo42zgaknezulyg","time":1609833128,"event":{"mods":["2.2 Compatiblity","BaseMod","Colored Map","Downfall","Keyboard Shortcuts","Minty Spire (QoL Compilation)","Permanent Neow","Quick Restart","StSLib","SuperFastMode"],"gold_per_floor":[349,359,344,359,80,80,157,171,186,186,186,202,202,262,282,383,383,383,397,397,397,407,419,468,485,485,501,386,415,415,415,427,528,528,528,539,539,240,259,277,277,277,127,127,56,71,71],"floor_reached":48,"playtime":3123,"items_purged":["bronze:Strike","bronze:Assembly","bronze:Defend","bronze:Defend"],"score":760,"play_id":"c088ab18-c437-4f49-baa2-5e2ef9d874b9","local_time":"20210105165208","is_ascension_mode":true,"campfire_choices":[{"floor":1.0,"key":"REST"},{"data":"expansioncontent:Corrupt","floor":13.0,"key":"SMITH"},{"data":"bronze:Library","floor":18.0,"key":"SMITH"},{"floor":26.0,"key":"REST"},{"floor":30.0,"key":"REST"},{"data":"bronze:MaxOutput","floor":35.0,"key":"SMITH"},{"floor":44.0,"key":"RECALL"}],"circlet_count":0,"master_deck":["bronze:Defend","bronze:Defend","bronze:Replicate","bronze:SpaghettiCode","bronze:Repair","bronze:DigitalCarnage","expansioncontent:Corrupt+1","bronze:MaxOutput+1","CurseOfTheBell","bronze:ChildClass","bronze:ChildClass","bronze:Library+1","bronze:Fortify","bronze:Branch+1","bronze:Branch+1","bronze:Repulsor","bronze:Frontload+1","bronze:HyperBeam","bronze:Turbo+1","bronze:InfiniteBeams+1","bronze:FollowUp","bronze:ItsAFeature","bronze:BronzeArmor+1","bronze:CleanCode","bronze:Optimize+1"],"relics":["bronze:BronzeCore","Matryoshka","Calling Bell","Nunchaku","Shuriken","Thread and Needle","Ice Cream","PreservedInsect","Empty Cage","downfall:KnowingSkull","Potion Belt","Vajra","Calipers","expansioncontent:StudyCardRelic","Lantern","Ornamental Fan","Blood Vial","bronze:CableSpool","downfall:TeleportStone"],"acts_visited":["Exordium","TheCity","TheBeyond"],"potions_floor_usage":[47,47,47,47],"damage_taken":[{"damage":8.0,"enemies":"Small Slimes","floor":2.0,"turns":4.0},{"damage":0.0,"enemies":"downfall:FleeingMerchant","floor":3.0,"turns":4.0},{"damage":0.0,"enemies":"Cultist","floor":4.0,"turns":3.0},{"damage":5.0,"enemies":"downfall:FleeingMerchant","floor":5.0,"turns":4.0},{"damage":0.0,"enemies":"2 Louse","floor":8.0,"turns":2.0},{"damage":5.0,"enemies":"Large Slime","floor":9.0,"turns":6.0},{"damage":1.0,"enemies":"2 Fungi Beasts","floor":12.0,"turns":4.0},{"damage":35.0,"enemies":"Lagavulin Event","floor":14.0,"turns":5.0},{"damage":0.0,"enemies":"Gremlin Gang","floor":15.0,"turns":4.0},{"damage":2.0,"enemies":"downfall:Watcher","floor":16.0,"turns":11.0},{"damage":9.0,"enemies":"Shell Parasite","floor":19.0,"turns":5.0},{"damage":15.0,"enemies":"Snake Plant","floor":22.0,"turns":5.0},{"damage":1.0,"enemies":"Snecko","floor":23.0,"turns":5.0},{"damage":14.0,"enemies":"Shelled Parasite and Fungi","floor":25.0,"turns":5.0},{"damage":1.0,"enemies":"3 Cultists","floor":27.0,"turns":3.0},{"damage":8.0,"enemies":"downfall:FleeingMerchant","floor":28.0,"turns":4.0},{"damage":1.0,"enemies":"Gremlin Leader","floor":29.0,"turns":3.0},{"damage":1.0,"enemies":"Snake Plant","floor":32.0,"turns":4.0},{"damage":31.0,"enemies":"downfall:Defect","floor":33.0,"turns":8.0},{"damage":0.0,"enemies":"3 Shapes","floor":36.0,"turns":3.0},{"damage":0.0,"enemies":"downfall:FleeingMerchant","floor":38.0,"turns":4.0},{"damage":0.0,"enemies":"3 Darklings","floor":39.0,"turns":2.0},{"damage":1.0,"enemies":"Spire Growth","floor":40.0,"turns":5.0},{"damage":2,"enemies":"4 Shapes","floor":46,"turns":5},{"damage":49,"enemies":"downfall:Ironclad","floor":47,"turns":7}],"seed_played":"-5007192364605912821","potions_obtained":[{"floor":4.0,"key":"Strength Potion"},{"floor":8.0,"key":"sneckomod:MuddlingPotion"},{"floor":9.0,"key":"Fire Potion"},{"floor":12.0,"key":"DuplicationPotion"},{"floor":23.0,"key":"LiquidMemories"},{"floor":25.0,"key":"Strength Potion"},{"floor":27.0,"key":"LiquidMemories"},{"floor":37.0,"key":"bronze:BurnAndBuffPotion"},{"floor":37.0,"key":"DuplicationPotion"},{"floor":39.0,"key":"CultistPotion"}],"is_trial":false,"path_per_floor":["R","M","$","M","$","?","T","M","M","?","?","M","R","?","M","B",null,"R","M","?","?","M","M","T","M","R","M","$","E","R","?","M","B",null,"R","M","?","$","M","M","T","?","$","R","$","M","B",null],"character_chosen":"THE_AUTOMATON","items_purchased":["expansioncontent:Corrupt","Lantern","Ornamental Fan","bronze:FollowUp","bronze:ItsAFeature","bronze:CleanCode"],"campfire_rested":3,"item_purchase_floors":[5,38,38,38,38,45],"current_hp_per_floor":[70,62,62,62,57,57,57,57,59,59,56,62,62,34,41,46,70,70,68,68,61,46,45,45,31,52,51,43,42,63,63,69,45,70,70,70,70,70,70,69,69,69,69,69,69,70,28],"gold":71,"neow_bonus":"TWO_FIFTY_GOLD","is_daily":false,"chose_seed":false,"campfire_upgraded":3,"win_rate":0.0,"timestamp":1609833128,"path_taken":["R","M","$","M","$","?","T","?","M","?","?","M","R","?","M","BOSS","R","M","?","?","M","M","T","M","R","?","$","E","R","?","M","BOSS","R","M","?","$","M","?","T","?","$","R","?","M","BOSS"],"items_purchased_type":["Card","Relic","Relic","Card","Card","Card"],"build_version":"2020-12-22","purchased_purges":4,"victory":true,"max_hp_per_floor":[70,70,70,70,70,70,70,70,70,70,70,70,70,70,70,70,70,70,70,70,70,70,70,70,70,70,70,70,70,70,70,70,70,70,70,70,70,70,70,70,70,70,70,70,70,70,70],"card_choices":[{"not_picked":["bronze:WhirlingStrike","bronze:OilSpill","bronze:BitShift"],"picked":"SKIP","floor":2.0},{"not_picked":["bronze:Shield","bronze:SearingBeam"],"picked":"bronze:SpaghettiCode","floor":3.0},{"not_picked":["bronze:DelayedGuard","bronze:BuggyMess"],"picked":"bronze:Repair","floor":4.0},{"not_picked":["bronze:Overload","bronze:Overheat"],"picked":"bronze:DigitalCarnage","floor":5.0},{"not_picked":["bronze:Terminator","bronze:CutThrough","bronze:BronzeArmor"],"picked":"SKIP","floor":8.0},{"not_picked":["bronze:Terminator","bronze:CutThrough","bronze:BronzeArmor"],"picked":"SKIP","floor":8.0},{"not_picked":["bronze:WhirlingStrike","bronze:Shield"],"picked":"bronze:MaxOutput","floor":9.0},{"not_picked":["bronze:Deprecate","bronze:CutThrough","bronze:Iterate"],"picked":"SKIP","floor":12.0},{"not_picked":["bronze:Separator","bronze:Constructor"],"picked":"bronze:ChildClass","floor":14.0},{"not_picked":["bronze:WildBeam","bronze:ItsAFeature"],"picked":"bronze:ChildClass","floor":15.0},{"not_picked":["bronze:InfiniteLoop","bronze:Format"],"picked":"bronze:Library","floor":16.0},{"not_picked":["bronze:Frontload","bronze:Turbo","bronze:WhirlingStrike"],"picked":"SKIP","floor":19.0},{"not_picked":["bronze:WhirlingStrike","bronze:Separator"],"picked":"bronze:Branch+1","floor":22.0},{"not_picked":["bronze:Repair","bronze:ItsAFeature","bronze:Refactor"],"picked":"SKIP","floor":23.0},{"not_picked":["bronze:FineTuning","bronze:ForceShield"],"picked":"bronze:Branch+1","floor":25.0},{"not_picked":["bronze:GetLatest","bronze:BugBarrage+1"],"picked":"bronze:Repulsor","floor":27.0},{"not_picked":["bronze:Library","bronze:WhirlingStrike+1"],"picked":"bronze:Frontload+1","floor":28.0},{"not_picked":["bronze:RecursiveStrike","bronze:Overheat","bronze:MaxOutput"],"picked":"SKIP","floor":29.0},{"not_picked":["bronze:BugBarrage+1","bronze:OilSpill","bronze:CutThrough"],"picked":"SKIP","floor":32.0},{"not_picked":["bronze:AlphaBuild","bronze:Verify"],"picked":"bronze:HyperBeam","floor":33.0},{"not_picked":["bronze:WildBeam+1","bronze:Fortify"],"picked":"bronze:Turbo+1","floor":36.0},{"not_picked":["bronze:ItsAFeature+1","bronze:Overload+1"],"picked":"bronze:InfiniteBeams+1","floor":38.0},{"not_picked":["bronze:RecursiveStrike+1","bronze:WhirlingStrike","bronze:Safeguard"],"picked":"SKIP","floor":39.0},{"not_picked":["bronze:BugBarrage+1","bronze:Frontload+1"],"picked":"bronze:BronzeArmor+1","floor":40.0},{"not_picked":["bronze:MaxOutput+1","bronze:Invalidate+1"],"picked":"bronze:Optimize+1","floor":46}],"player_experience":1097459,"relics_obtained":[{"floor":7.0,"key":"Matryoshka"},{"floor":10.0,"key":"Nunchaku"},{"floor":10.0,"key":"Shuriken"},{"floor":10.0,"key":"Thread and Needle"},{"floor":14.0,"key":"PreservedInsect"},{"floor":24.0,"key":"Potion Belt"},{"floor":24.0,"key":"Vajra"},{"floor":29.0,"key":"Calipers"},{"floor":41.0,"key":"Blood Vial"},{"floor":41.0,"key":"bronze:CableSpool"}],"event_choices":[{"cards_removed":["bronze:Strike"],"damage_healed":0.0,"max_hp_gain":0.0,"max_hp_loss":0.0,"gold_gain":0.0,"event_name":"Bonfire Elementals","player_choice":"Offered Basic","floor":6.0,"gold_loss":0.0,"damage_taken":0.0},{"damage_healed":0.0,"max_hp_gain":0.0,"max_hp_loss":0.0,"gold_gain":0.0,"event_name":"Scrap Ooze","player_choice":"Success","floor":11.0,"gold_loss":0.0,"damage_taken":3.0,"relics_obtained":["Ice Cream"]},{"damage_healed":0.0,"max_hp_gain":0.0,"max_hp_loss":0.0,"gold_gain":0.0,"cards_transformed":["bronze:Strike","bronze:Goto"],"event_name":"Drug Dealer","player_choice":"Became Test Subject","floor":20.0,"gold_loss":0.0,"damage_taken":0.0,"cards_obtained":["bronze:Fortify","bronze:Assembly"]},{"damage_healed":0.0,"max_hp_gain":0.0,"max_hp_loss":0.0,"gold_gain":0.0,"event_name":"Lab","player_choice":"Got Potions","floor":37.0,"gold_loss":0.0,"damage_taken":0.0}],"is_beta":false,"boss_relics":[{"not_picked":["bronze:PlatinumCore","Astrolabe"],"picked":"Empty Cage"},{"not_picked":["Snecko Eye","Black Star"],"picked":"expansioncontent:StudyCardRelic"}],"items_purged_floors":[5,28,38,43],"is_endless":false,"potions_floor_spawned":[4,8,9,12,23,25,27,39,46],"ascension_level":3}}