{"host":"o7j6aatxjwpw1421","time":1609861478,"event":{"mods":["2.2 Compatiblity","AchievementEnabler","BaseMod","Colored Map","DeckTracker","Highlight Path","Keyboard Shortcuts","Minty Spire (QoL Compilation)","Permanent Neow","Quick Restart","StSLib","SuperFastMode","everything is the same but u backflip on backflip"],"gold_per_floor":[116,116,134,151,201,201,212,227,227,247,263,291,216,226,226,226,226],"floor_reached":16,"playtime":793,"items_purged":[],"score":201,"play_id":"0ff41f7e-19c5-4579-b65e-a26c46c38b54","local_time":"20210106004438","is_ascension_mode":true,"campfire_choices":[{"data":"Battle Trance","floor":6.0,"key":"SMITH"},{"data":"Bludgeon","floor":15.0,"key":"SMITH"}],"circlet_count":0,"master_deck":["AscendersBane","Strike_R","Defend_R","Defend_R","Defend_R","Defend_R","Bash","Battle Trance+1","Pommel Strike","Dropkick","Barricade","Thunderclap","Bludgeon+1"],"relics":["Burning Blood","Bottled Tornado","Potion Belt"],"acts_visited":["Exordium"],"potions_floor_usage":[],"damage_taken":[{"damage":4.0,"enemies":"2 Louse","floor":1.0,"turns":4.0},{"damage":11.0,"enemies":"Jaw Worm","floor":3.0,"turns":7.0},{"damage":2.0,"enemies":"Cultist","floor":4.0,"turns":4.0},{"damage":3.0,"enemies":"3 Louse","floor":7.0,"turns":3.0},{"damage":8.0,"enemies":"Large Slime","floor":8.0,"turns":6.0},{"damage":14.0,"enemies":"Blue Slaver","floor":10.0,"turns":4.0},{"damage":7.0,"enemies":"2 Fungi Beasts","floor":11.0,"turns":4.0},{"damage":25.0,"enemies":"3 Sentries","floor":12.0,"turns":9.0},{"damage":0.0,"enemies":"Large Slime","floor":14.0,"turns":4.0},{"damage":29,"enemies":"The Guardian","floor":16,"turns":13}],"seed_played":"7341070933062163956","potions_obtained":[{"floor":3.0,"key":"SteroidPotion"},{"floor":4.0,"key":"LiquidBronze"},{"floor":8.0,"key":"Fire Potion"},{"floor":14.0,"key":"Strength Potion"}],"is_trial":false,"path_per_floor":["M","?","M","M","?","R","M","M","T","M","M","E","?","M","R","B"],"character_chosen":"IRONCLAD","items_purchased":[],"campfire_rested":0,"item_purchase_floors":[],"current_hp_per_floor":[68,68,63,67,67,67,68,66,66,58,57,38,38,44,44,15,15],"gold":226,"neow_bonus":"REMOVE_TWO","is_daily":false,"chose_seed":false,"campfire_upgraded":2,"win_rate":0.0,"timestamp":1609861478,"path_taken":["M","?","M","M","?","R","?","M","T","M","M","E","?","M","R","BOSS"],"items_purchased_type":[],"build_version":"2020-12-22","purchased_purges":0,"victory":false,"max_hp_per_floor":[68,68,68,68,68,68,68,68,68,68,68,68,68,68,68,68,68],"card_choices":[{"not_picked":["Twin Strike","Evolve"],"picked":"Battle Trance","floor":1.0},{"not_picked":["Metallicize","Shrug It Off","Rampage"],"picked":"SKIP","floor":3.0},{"not_picked":["Dual Wield","Havoc"],"picked":"Pommel Strike","floor":4.0},{"not_picked":["Headbutt","Power Through"],"picked":"Dropkick","floor":7.0},{"not_picked":["Warcry","Iron Wave"],"picked":"Barricade","floor":8.0},{"not_picked":["Cleave","Armaments"],"picked":"Thunderclap","floor":10.0},{"not_picked":["Flame Barrier","Rupture"],"picked":"Bludgeon","floor":11.0},{"not_picked":["Spot Weakness","Flex","Thunderclap"],"picked":"SKIP","floor":12.0},{"not_picked":["Havoc","Clash","Headbutt"],"picked":"SKIP","floor":14.0}],"player_experience":433583,"relics_obtained":[{"floor":9.0,"key":"Bottled Tornado"},{"floor":12.0,"key":"Potion Belt"}],"event_choices":[{"cards_removed":["Strike_R"],"damage_healed":0.0,"max_hp_gain":0.0,"max_hp_loss":0.0,"gold_gain":0.0,"event_name":"Living Wall","player_choice":"Forget","floor":2.0,"gold_loss":0.0,"damage_taken":0.0},{"damage_healed":0.0,"max_hp_gain":0.0,"max_hp_loss":0.0,"gold_gain":50.0,"event_name":"Golden Shrine","player_choice":"Pray","floor":5.0,"gold_loss":0.0,"damage_taken":0.0},{"cards_removed":["Strike_R"],"damage_healed":0.0,"max_hp_gain":0.0,"max_hp_loss":0.0,"gold_gain":0.0,"event_name":"The Cleric","player_choice":"Card Removal","floor":13.0,"gold_loss":75.0,"damage_taken":0.0}],"is_beta":false,"boss_relics":[],"items_purged_floors":[],"is_endless":false,"potions_floor_spawned":[3,4,8,14],"killed_by":"The Guardian","ascension_level":18}}