{"host":"sxnl403xm2xmiyj1","time":1609851145,"event":{"mods":["BaseMod","Colored Map","Keyboard Shortcuts","Lobotomy","Minty Spire (QoL Compilation)","Quick Restart","StSLib","SuperFastMode"],"gold_per_floor":[271,271,271,271,290,320,320,346,346,346,359,121,121,155,155,251,251,271,283,36,55,68,96,96,96,96],"floor_reached":25,"playtime":2184,"items_purged":["Apo_Charge","Soda"],"score":414,"play_id":"2cb15930-36df-4eed-8991-2855fee8d70a","local_time":"20210105215225","is_ascension_mode":false,"campfire_choices":[],"circlet_count":0,"master_deck":["Apo_SoulSlash","Apo_Charge","Apo_Charge","Apo_Charge","Apo_Beam","Apo_Beam","Apo_Beam","Apo_Execute","Apo_Slash","Apo_Slash","Apo_SoulSlash","OSAHOGD","ShedSkin","Freischutz","Diffraction+1","SomewhereSpear+1","ControlCode","VoidDream","Galaxy+1","TT2Protocol","SpiderBud","ParadiseLost","Noise+1","UniverseFragment","RapturousDream+1","BlueScar+1","Moonlight","GalaxyChild","GoldRush","BigBird","ScreamingWedge+1","ExtractionCode","DreamingCurrent","SummonCall"],"relics":["CogitoBucket","Nunchaku","ApostleMask","Vajra","Toxic Egg 2","BehaviorAdjustment","HornCleat","Velvet Choker","HellTrain","Kunai"],"acts_visited":["Exordium","TheCity"],"potions_floor_usage":[23,23],"damage_taken":[{"damage":5.0,"enemies":"2 Louse","floor":1.0,"turns":2.0},{"damage":0.0,"enemies":"Cultist","floor":5.0,"turns":2.0},{"damage":14.0,"enemies":"Gremlin Nob","floor":6.0,"turns":3.0},{"damage":0.0,"enemies":"Lagavulin","floor":8.0,"turns":2.0},{"damage":8.0,"enemies":"Jaw Worm","floor":11.0,"turns":8.0},{"damage":0.0,"enemies":"Gremlin Nob","floor":14.0,"turns":1.0},{"damage":0.0,"enemies":"Slime Boss","floor":16.0,"turns":4.0},{"damage":0.0,"enemies":"2 Thieves","floor":18.0,"turns":3.0},{"damage":3.0,"enemies":"3 Byrds","floor":19.0,"turns":4.0},{"damage":61.0,"enemies":"Sentry and Sphere","floor":21.0,"turns":9.0},{"damage":0.0,"enemies":"3 Cultists","floor":22.0,"turns":2.0},{"damage":3,"enemies":"Book of Stabbing","floor":23,"turns":2}],"seed_played":"3058959037003026043","potions_obtained":[{"floor":4.0,"key":"Regen Potion"},{"floor":4.0,"key":"Block Potion"},{"floor":4.0,"key":"Block Potion"},{"floor":16.0,"key":"SteroidPotion"},{"floor":22.0,"key":"EssenceOfSteel"}],"is_trial":false,"path_per_floor":["M","?","M","?","M","E","R","E","T","R","M","$","R","E","R","B",null,"M","M","$","M","M","E","R","M"],"character_chosen":"Angela","items_purchased":["Soda","Diffraction+1","SomewhereSpear+1","BlueScar+1","Moonlight"],"campfire_rested":0,"item_purchase_floors":[12,12,12,20,20],"current_hp_per_floor":[70,70,70,70,70,56,56,56,56,56,48,48,48,48,48,48,48,82,79,79,18,18,15,15,0,0],"gold":96,"neow_bonus":"RANDOM_COMMON_RELIC","is_daily":false,"chose_seed":false,"campfire_upgraded":0,"win_rate":0.0,"timestamp":1609851145,"path_taken":["M","?","?","?","M","E","R","E","T","R","M","$","R","E","R","BOSS","M","M","$","M","?","E","R","M"],"items_purchased_type":["Card","Card","Card","Card","Card"],"build_version":"2020-12-22","purchased_purges":2,"victory":false,"max_hp_per_floor":[70,70,70,70,70,70,70,70,70,70,74,74,74,78,78,82,82,82,86,86,90,94,98,98,98,98],"card_choices":[{"not_picked":["Bloodbath","MeatLantern"],"picked":"OSAHOGD","floor":1.0},{"not_picked":["Harvest"],"picked":"Ecstasy","floor":1.0},{"not_picked":["Scorched","GreedKing"],"picked":"OSAHOGD","floor":5.0},{"not_picked":["Horn","CUTE"],"picked":"SKIP","floor":5.0},{"not_picked":["FrostShard","SwordSharpenedByTears"],"picked":"SKIP","floor":6.0},{"not_picked":["SoundOfStar"],"picked":"ShedSkin","floor":8.0},{"not_picked":["Scorched","WallGazer"],"picked":"Freischutz","floor":11.0},{"not_picked":["FourthMatchFlame","Pinks+1"],"picked":"SKIP","floor":11.0},{"not_picked":["Bloodbath","ShyLook"],"picked":"VoidDream","floor":14.0},{"not_picked":["RedEyes+1"],"picked":"Galaxy+1","floor":14.0},{"not_picked":["Wellcheers","MeatLantern"],"picked":"SpiderBud","floor":16.0},{"not_picked":["Justitia"],"picked":"ParadiseLost","floor":16.0},{"not_picked":["Lamp"],"picked":"Noise+1","floor":18.0},{"not_picked":["PunishingBird","QueenOfHatred"],"picked":"UniverseFragment","floor":19.0},{"not_picked":["Lantern+1"],"picked":"RapturousDream+1","floor":19.0},{"not_picked":["BlackSwan","NothingThere"],"picked":"GalaxyChild","floor":21.0},{"not_picked":["Gaze+1"],"picked":"GoldRush","floor":21.0},{"not_picked":["BeautyBeast","QueenBee"],"picked":"BigBird","floor":22.0},{"not_picked":["FrostShard+1"],"picked":"ScreamingWedge+1","floor":22.0},{"not_picked":["MHz","PunishingBird"],"picked":"DreamingCurrent","floor":23},{"not_picked":["Tough","Wingbeat+1"],"picked":"SKIP","floor":23}],"player_experience":191280,"relics_obtained":[{"floor":8.0,"key":"Vajra"},{"floor":9.0,"key":"Toxic Egg 2"},{"floor":14.0,"key":"HornCleat"},{"floor":23,"key":"Kunai"}],"event_choices":[{"cards_removed":["SpecialBullet"],"damage_healed":0.0,"max_hp_gain":0.0,"max_hp_loss":0.0,"gold_gain":0.0,"event_name":"NoteForYourself","player_choice":"Took Card","floor":2.0,"gold_loss":0.0,"damage_taken":0.0,"cards_obtained":["WhiteNight"]},{"damage_healed":0.0,"max_hp_gain":0.0,"max_hp_loss":0.0,"gold_gain":0.0,"event_name":"Lab","player_choice":"Got Potions","floor":4.0,"gold_loss":0.0,"damage_taken":0.0}],"is_beta":false,"boss_relics":[{"not_picked":["SacredBark","Astrolabe"],"picked":"Velvet Choker"}],"items_purged_floors":[12,20],"is_endless":false,"potions_floor_spawned":[16,22],"killed_by":"Chosen and Byrds","ascension_level":0}}