{"host":"sdjng9zhqonqi3uc","time":1609805843,"event":{"mods":["2.2 Compatiblity","AchievementEnabler","BaseMod","BetterRewards","Colored Powertips","Hero for Fun","Minty Spire (QoL Compilation)","Shop Mod","StSLib","Td1madao Mod","The Animator","The Cursed","The Servant 0.9.4"],"gold_per_floor":[378,378,390,390,37,37,71,87,87,99,99,99,113,21,21,121,121,135,135,135,164,164,164,194,194,220,235,13,47,47,71,71,196,196,225,84,1083,16,40,40,55,92,117,137,167,10,0,0,0,4],"floor_reached":51,"playtime":4258,"items_purged":["Normality","Normality"],"score":967,"play_id":"9ff6052e-f563-4b22-b307-fdfaab61b2b1","local_time":"20210105011723","is_ascension_mode":true,"campfire_choices":[{"data":"animator:Aqua","floor":6,"key":"SMITH"},{"data":"animator:Aqua","floor":11,"key":"SMITH"},{"data":"animator:QuestionMark","floor":15,"key":"SMITH"},{"data":"animator:MisaKurobane","floor":23,"key":"SMITH"},{"floor":25,"key":"REST"},{"floor":30,"key":"REST"},{"data":"animator:YunYun","floor":32,"key":"SMITH"},{"data":"animator:GuildGirl","floor":40,"key":"SMITH"},{"data":"animator:Aqua","floor":49,"key":"SMITH"}],"circlet_count":0,"master_deck":["animator:Strike_Konosuba+1","animator:Strike","animator:Kazuma+1","animator:Verdia","animator:Aqua+1","animator:Darkness","animator:CrowleyEusford","animator:QuestionMark+1","animator:CowGirl+1","animator:HighElfArcher+1","animator:Cocytus+1","animator:Lu+1","animator:MisaKurobane+1","animator:Megumin+9","animator:YunYun+1","animator:GuildGirl+1","animator:Mitsurugi","animator:Wiz+1","animator:Aqua+1"],"relics":["animator:LivingPicture","animator:TheMissingPiece","animator:PurgingStone","The Courier","Membership Card","Ice Cream","Orichalcum","Blood Vial","Tiny Chest","Darkstone Periapt","animator:AlchemistGlove","Akabeko","Bronze Scales","FossilizedHelix","Letter Opener","Mummified Hand","animator:HolyGrailRelic","MerchantsRug","TwistedFunnel","Mercury Hourglass","Bag of Marbles","Bottled Lightning","Molten Egg 2","Lizard Tail","Paper Frog","Lantern","animator:WizardHat","White Beast Statue","Nunchaku","Art of War","Oddly Smooth Stone","Bag of Preparation","CaptainsWheel","animator:BattleDrones","Shuriken","Red Mask","Meat on the Bone"],"acts_visited":["Exordium","TheCity","TheBeyond"],"potions_floor_usage":[10,16,16,18,45],"damage_taken":[{"damage":2,"enemies":"Cultist","floor":1,"turns":4},{"damage":0,"enemies":"2 Louse","floor":3,"turns":3},{"damage":39,"enemies":"3 Sentries","floor":7,"turns":21},{"damage":6,"enemies":"Jaw Worm","floor":8,"turns":7},{"damage":8,"enemies":"Exordium Wildlife","floor":10,"turns":10},{"damage":0,"enemies":"2 Fungi Beasts","floor":13,"turns":7},{"damage":67,"enemies":"The Guardian","floor":16,"turns":18},{"damage":12,"enemies":"Spheric Guardian","floor":18,"turns":5},{"damage":11,"enemies":"3 Byrds","floor":21,"turns":4},{"damage":34,"enemies":"Book of Stabbing","floor":24,"turns":4},{"damage":2,"enemies":"Centurion and Healer","floor":27,"turns":4},{"damage":38,"enemies":"Slavers","floor":29,"turns":4},{"damage":0,"enemies":"Snake Plant","floor":31,"turns":3},{"damage":19,"enemies":"Champ","floor":33,"turns":10},{"damage":0,"enemies":"3 Shapes","floor":35,"turns":3},{"damage":0,"enemies":"Orb Walker","floor":41,"turns":2},{"damage":9,"enemies":"Reptomancer","floor":42,"turns":3},{"damage":0,"enemies":"4 Shapes","floor":44,"turns":1},{"damage":5,"enemies":"Giant Head","floor":45,"turns":5},{"damage":88,"enemies":"Awakened One","floor":50,"turns":8}],"seed_played":"-8214859411005228088","potions_obtained":[{"floor":3,"key":"SpeedPotion"},{"floor":8,"key":"Block Potion"},{"floor":10,"key":"EssenceOfSteel"},{"floor":13,"key":"Weak Potion"},{"floor":24,"key":"SpeedPotion"},{"floor":33,"key":"EssenceOfSteel"},{"floor":41,"key":"DistilledChaos"},{"floor":42,"key":"Strength Potion"},{"floor":44,"key":"PowerPotion"},{"floor":45,"key":"SmokeBomb"}],"is_trial":false,"path_per_floor":["M","?","M","T","$","R","E","M","T","M","R","?","M","$","R","B",null,"M","T","?","M","?","R","E","R","T","M","$","E","R","M","R","B",null,"M","$","?","$","T","R","M","E","T","M","E","$","?","T","R","B",null],"character_chosen":"THE_ANIMATOR","items_purchased":["Membership Card","Ice Cream","Orichalcum","Blood Vial","animator:QuestionMark","Strawberry","FossilizedHelix","Letter Opener","War Paint","MerchantsRug","Lee\u0027s Waffle","TwistedFunnel","Mercury Hourglass","Bag of Marbles","Bottled Lightning","Molten Egg 2","Lizard Tail","Paper Frog","Lantern","Whetstone","animator:WizardHat","White Beast Statue","Nunchaku","Art of War","animator:BattleDrones","Shuriken"],"campfire_rested":2,"item_purchase_floors":[5,5,5,5,14,14,28,28,36,36,36,38,38,38,38,38,38,38,38,38,38,38,38,38,46,46],"current_hp_per_floor":[48,48,50,50,50,50,18,20,20,19,19,67,67,74,74,10,74,62,62,62,56,56,56,27,49,49,52,52,19,41,47,47,33,83,85,92,104,104,104,104,104,97,97,101,105,105,105,105,105,36],"gold":4,"neow_bonus":"TWO_FIFTY_GOLD","is_daily":false,"chose_seed":false,"campfire_upgraded":7,"win_rate":0.0,"timestamp":1609805843,"path_taken":["M","?","?","?","$","R","E","M","T","M","R","?","?","?","R","BOSS","M","?","?","M","?","R","E","R","T","M","$","E","R","M","R","BOSS","M","$","?","$","?","R","M","E","T","?","E","?","?","?","R","BOSS"],"items_purchased_type":["Relic","Relic","Relic","Relic","Card","Relic","Relic","Relic","Relic","Relic","Relic","Relic","Relic","Relic","Relic","Relic","Relic","Relic","Relic","Relic","Relic","Relic","Relic","Relic","Relic","Relic"],"build_version":"2020-12-22","purchased_purges":2,"victory":true,"max_hp_per_floor":[66,66,66,66,66,66,66,67,67,67,67,67,67,74,74,74,74,74,74,74,74,74,74,74,74,74,74,74,74,74,75,75,75,83,85,92,104,104,104,104,104,106,106,108,110,110,110,110,110,112],"card_choices":[{"not_picked":["animator:Jibril","animator:Tyuule"],"picked":"animator:Verdia","floor":1},{"not_picked":["animator:Shuna","animator:Jibril"],"picked":"animator:Aqua","floor":3},{"not_picked":["animator:FielNirvalen","animator:Spearman","animator:Jibril"],"picked":"SKIP","floor":7},{"not_picked":["animator:Verdia","animator:Vanir"],"picked":"animator:Darkness","floor":8},{"not_picked":["animator:Entoma","animator:Spearman","animator:Mitsuba"],"picked":"SKIP","floor":10},{"not_picked":["animator:Laby","animator:NarberalGamma"],"picked":"animator:CrowleyEusford","floor":13},{"not_picked":["animator:Shalltear","animator:Layla","animator:Rena"],"picked":"SKIP","floor":18},{"not_picked":["animator:Kazuma","animator:YunYun"],"picked":"animator:Megumin","floor":21},{"not_picked":["animator:LeleiLaLalena","animator:Priestess","animator:Entoma"],"picked":"SKIP","floor":24},{"not_picked":["animator:Souei","animator:Lu"],"picked":"animator:GuildGirl","floor":27},{"not_picked":["animator:Lu","animator:Viivi","animator:ChlammyZell"],"picked":"SKIP","floor":29},{"not_picked":["animator:Kazuma","animator:Megumin"],"picked":"animator:Mitsurugi","floor":31},{"not_picked":["animator:GoblinSlayer","animator:Guren"],"picked":"animator:Wiz","floor":33},{"not_picked":["animator:Kazuma+1","animator:AcuraAkari","animator:Kuribayashi"],"picked":"SKIP","floor":35},{"not_picked":["animator:Fredrika+1","animator:Mitsurugi+1","animator:LeleiLaLalena+1"],"picked":"SKIP","floor":41},{"not_picked":["animator:SuzuneAmano+1","animator:PandorasActor","animator:Mitsurugi+1"],"picked":"SKIP","floor":42},{"not_picked":["animator:YunYun+1","animator:Mitsurugi+1"],"picked":"animator:Aqua","floor":44},{"not_picked":["animator:LizardPriest","animator:YuiTsuruno+1","animator:Megumin+1"],"picked":"SKIP","floor":45}],"player_experience":264384,"relics_obtained":[{"floor":4,"key":"The Courier"},{"floor":7,"key":"Tiny Chest"},{"floor":9,"key":"Darkstone Periapt"},{"floor":19,"key":"animator:AlchemistGlove"},{"floor":24,"key":"Akabeko"},{"floor":26,"key":"Bronze Scales"},{"floor":29,"key":"Mummified Hand"},{"floor":39,"key":"Oddly Smooth Stone"},{"floor":42,"key":"Potion Belt"},{"floor":43,"key":"Bag of Preparation"},{"floor":45,"key":"CaptainsWheel"},{"floor":48,"key":"Meat on the Bone"}],"event_choices":[{"cards_removed":["animator:Strike"],"damage_healed":0,"gold_gain":0,"player_choice":"Purged","damage_taken":0,"max_hp_gain":0,"max_hp_loss":0,"event_name":"Purifier","floor":2,"gold_loss":0},{"cards_removed":["animator:Aqua"],"damage_healed":48,"gold_gain":0,"player_choice":"Offered Uncommon","damage_taken":0,"max_hp_gain":0,"max_hp_loss":0,"event_name":"Bonfire Elementals","floor":12,"gold_loss":0},{"damage_healed":0,"gold_gain":0,"cards_transformed":["animator:Strike","animator:Defend_Konosuba"],"player_choice":"Became Test Subject","damage_taken":0,"max_hp_gain":0,"max_hp_loss":0,"event_name":"Drug Dealer","floor":20,"gold_loss":0,"cards_obtained":["animator:Lu","animator:MisaKurobane"]},{"damage_healed":0,"gold_gain":0,"player_choice":"Read","damage_taken":0,"max_hp_gain":0,"max_hp_loss":0,"event_name":"The Library","floor":22,"gold_loss":0,"cards_obtained":["animator:YunYun"]},{"damage_healed":0,"gold_gain":999,"player_choice":"Gold","damage_taken":0,"max_hp_gain":0,"max_hp_loss":0,"event_name":"MindBloom","floor":37,"gold_loss":0,"cards_obtained":["Normality","Normality"]},{"damage_healed":0,"gold_gain":0,"player_choice":"Paid","damage_taken":0,"relics_obtained":["Red Mask"],"max_hp_gain":0,"max_hp_loss":0,"event_name":"Tomb of Lord Red Mask","floor":47,"gold_loss":10}],"is_beta":false,"boss_relics":[{"not_picked":["Cursed Key","Runic Dome"],"picked":"Astrolabe"},{"not_picked":["animator:VividPicture","animator:CursedBlade"],"picked":"animator:HolyGrailRelic"}],"items_purged_floors":[38,46],"is_endless":false,"potions_floor_spawned":[3,8,10,13,24,33,41,42,44,45],"ascension_level":3}}