{"host":"2q82lssse0ckn8xu","time":1609851362,"event":{"mods":["AchievementEnabler","BaseMod","Colored Map","Colored Powertips","Minty Spire (QoL Compilation)","Permanent Neow","Quick Restart","StSLib","Unceasing Turn Reminder"],"gold_per_floor":[113,131,142,157,171,171,188,188,269,299,299,326,337,349,349,446,446,463,483,483,483,483,483,499,499,526,541,556,556,69,123,123,230,230,241,250,307,307,307],"floor_reached":38,"playtime":3135,"items_purged":["Defend_P"],"score":568,"play_id":"9fcf0082-1fc2-4ec5-b324-4d9495abaa3c","local_time":"20210105182602","is_ascension_mode":true,"campfire_choices":[{"floor":6.0,"key":"REST"},{"floor":8.0,"key":"REST"},{"floor":11.0,"key":"REST"},{"floor":15.0,"key":"REST"},{"data":"Ragnarok","floor":23.0,"key":"SMITH"},{"floor":25.0,"key":"REST"},{"floor":29.0,"key":"REST"},{"floor":32.0,"key":"REST"}],"circlet_count":0,"master_deck":["Strike_P","Strike_P+1","Strike_P+1","Strike_P","Defend_P","Defend_P","Defend_P","Eruption","Vigilance","FlyingSleeves","Prostrate","Wallop","Indignation","Pray","Worship","ClearTheMind+1","Halt+1","Ragnarok+1","PathToVictory+1","DevaForm","BowlingBash","PathToVictory+1","Protect+1","DeusExMachina+1","Writhe","FollowUp+1"],"relics":["PureWater","The Courier","Toxic Egg 2","Mango","Busted Crown","Smiling Mask","Whetstone","Shuriken","Damaru","Happy Flower","CeramicFish","SacredBark","Thread and Needle"],"acts_visited":["Exordium","TheCity","TheBeyond"],"potions_floor_usage":[37],"damage_taken":[{"damage":3.0,"enemies":"Jaw Worm","floor":1.0,"turns":5.0},{"damage":7.0,"enemies":"Small Slimes","floor":2.0,"turns":3.0},{"damage":1.0,"enemies":"2 Louse","floor":3.0,"turns":3.0},{"damage":41.0,"enemies":"Lots of Slimes","floor":4.0,"turns":7.0},{"damage":6.0,"enemies":"Exordium Wildlife","floor":5.0,"turns":3.0},{"damage":0.0,"enemies":"2 Fungi Beasts","floor":7.0,"turns":3.0},{"damage":50.0,"enemies":"3 Sentries","floor":10.0,"turns":14.0},{"damage":16.0,"enemies":"Gremlin Nob","floor":12.0,"turns":3.0},{"damage":0.0,"enemies":"Blue Slaver","floor":13.0,"turns":3.0},{"damage":25.0,"enemies":"3 Louse","floor":14.0,"turns":5.0},{"damage":15.0,"enemies":"Hexaghost","floor":16.0,"turns":7.0},{"damage":8.0,"enemies":"Chosen","floor":18.0,"turns":4.0},{"damage":1.0,"enemies":"3 Byrds","floor":19.0,"turns":3.0},{"damage":37.0,"enemies":"Snecko","floor":24.0,"turns":6.0},{"damage":3.0,"enemies":"3 Cultists","floor":27.0,"turns":4.0},{"damage":19.0,"enemies":"Cultist and Chosen","floor":28.0,"turns":6.0},{"damage":27,"enemies":"Champ","floor":33,"turns":9},{"damage":13,"enemies":"3 Shapes","floor":35,"turns":5},{"damage":44,"enemies":"2 Orb Walkers","floor":37,"turns":5},{"damage":59,"enemies":"3 Darklings","floor":38,"turns":2}],"seed_played":"-45911480254401274","potions_obtained":[{"floor":3.0,"key":"StancePotion"},{"floor":5.0,"key":"DuplicationPotion"},{"floor":7.0,"key":"CultistPotion"},{"floor":10.0,"key":"AttackPotion"},{"floor":12.0,"key":"StancePotion"},{"floor":14.0,"key":"Weak Potion"},{"floor":18.0,"key":"AttackPotion"},{"floor":27.0,"key":"BottledMiracle"},{"floor":33,"key":"Dexterity Potion"}],"is_trial":false,"path_per_floor":["M","M","M","M","M","R","M","R","T","E","R","E","M","M","R","B",null,"M","M","?","?","?","R","M","R","T","M","M","R","$","T","R","B",null,"M","?","?","M"],"character_chosen":"WATCHER","items_purchased":["Shuriken","Damaru","Happy Flower"],"campfire_rested":7,"item_purchase_floors":[30,30,30],"current_hp_per_floor":[69,62,61,20,14,37,37,60,60,10,33,31,31,6,33,18,74,66,65,47,47,47,47,10,39,39,36,17,46,46,46,75,48,86,73,98,54,0,0],"gold":307,"neow_bonus":"TEN_PERCENT_HP_BONUS","is_daily":false,"chose_seed":false,"campfire_upgraded":1,"win_rate":0.0,"timestamp":1609851362,"path_taken":["M","M","M","M","M","R","M","R","T","E","R","E","M","M","R","BOSS","M","M","?","?","?","R","M","R","T","?","M","R","$","?","R","BOSS","M","?","?","M"],"items_purchased_type":["Relic","Relic","Relic"],"build_version":"2020-12-22","purchased_purges":1,"victory":false,"max_hp_per_floor":[79,79,79,79,79,79,79,79,79,79,79,93,93,93,93,93,93,93,93,98,98,98,98,98,98,98,98,98,98,98,98,98,98,98,98,98,98,98,98],"card_choices":[{"not_picked":["ThirdEye","SignatureMove"],"picked":"FlyingSleeves","floor":1.0},{"not_picked":["CrushJoints","Weave"],"picked":"Prostrate","floor":2.0},{"not_picked":["EmptyMind","DeusExMachina"],"picked":"Wallop","floor":3.0},{"not_picked":["ThirdEye","FollowUp"],"picked":"Indignation","floor":4.0},{"not_picked":["FlyingSleeves","SashWhip"],"picked":"Pray","floor":5.0},{"not_picked":["DeceiveReality","FearNoEvil"],"picked":"Worship","floor":7.0},{"not_picked":["SandsOfTime","FlurryOfBlows"],"picked":"ClearTheMind+1","floor":10.0},{"not_picked":["SashWhip","Indignation+1"],"picked":"Halt+1","floor":12.0},{"not_picked":["Crescendo+1","Collect+1"],"picked":"Ragnarok","floor":13.0},{"not_picked":["TalkToTheHand","Conclude"],"picked":"PathToVictory+1","floor":14.0},{"not_picked":["Devotion","MasterReality"],"picked":"DevaForm","floor":16.0},{"not_picked":[],"picked":"BowlingBash","floor":18.0},{"not_picked":[],"picked":"PathToVictory+1","floor":19.0},{"not_picked":["Indignation+1"],"picked":"SKIP","floor":24.0},{"not_picked":[],"picked":"Protect+1","floor":27.0},{"not_picked":["Consecrate"],"picked":"SKIP","floor":28.0},{"not_picked":[],"picked":"DeusExMachina+1","floor":33},{"not_picked":["Consecrate"],"picked":"SKIP","floor":35},{"not_picked":[],"picked":"FollowUp+1","floor":37}],"player_experience":619944,"relics_obtained":[{"floor":9.0,"key":"The Courier"},{"floor":10.0,"key":"Toxic Egg 2"},{"floor":12.0,"key":"Mango"},{"floor":26.0,"key":"Whetstone"},{"floor":31.0,"key":"CeramicFish"},{"floor":37,"key":"Thread and Needle"}],"event_choices":[{"damage_healed":0.0,"max_hp_gain":5.0,"max_hp_loss":0.0,"gold_gain":0.0,"event_name":"Forgotten Altar","player_choice":"Shed Blood","floor":20.0,"gold_loss":0.0,"damage_taken":23.0},{"damage_healed":0.0,"max_hp_gain":0.0,"max_hp_loss":0.0,"gold_gain":0.0,"event_name":"Ghosts","player_choice":"Ignored","floor":21.0,"gold_loss":0.0,"damage_taken":0.0},{"damage_healed":0.0,"max_hp_gain":0.0,"max_hp_loss":0.0,"gold_gain":0.0,"event_name":"WeMeetAgain","player_choice":"Gave Potion","floor":22.0,"gold_loss":0.0,"damage_taken":0.0,"relics_obtained":["Smiling Mask"]},{"damage_healed":25,"gold_gain":0,"player_choice":"Writhe","damage_taken":0,"max_hp_gain":0,"max_hp_loss":0,"event_name":"Winding Halls","floor":36,"gold_loss":0,"cards_obtained":["Writhe"]},{"damage_healed":0,"gold_gain":0,"player_choice":"Fight","damage_taken":0,"max_hp_gain":0,"max_hp_loss":0,"event_name":"Mysterious Sphere","floor":37,"gold_loss":0}],"is_beta":false,"boss_relics":[{"not_picked":["Black Star","Tiny House"],"picked":"Busted Crown"},{"not_picked":["Pandora\u0027s Box","Empty Cage"],"picked":"SacredBark"}],"items_purged_floors":[30],"is_endless":false,"potions_floor_spawned":[3,5,7,10,12,14,18,27,33],"killed_by":"3 Darklings","ascension_level":8}}