{"host":"tnhjz9cb8p0320p2","time":1609810174,"event":{"mods":["BaseMod","Better Third Choice","Downfall","Hermit","Marisa????????","Minty Spire (QoL Compilation)","Relic Stats","Replay The Spire","Shade Mod","StSLib","The Construct","The Cursed","The Jungle","The Runesmith"],"gold_per_floor":[31,0,30,108,108,203,203,275,275,332,391,391,445,468,468,545,545,580,580,46,80,80,80,80],"floor_reached":23,"playtime":1808,"items_purged":["Delirium"],"score":443,"play_id":"64d392d5-86c9-448b-a7fb-a85384c4c76a","local_time":"20210104192934","is_ascension_mode":true,"campfire_choices":[{"floor":12,"key":"REST"},{"floor":15,"key":"REST"}],"circlet_count":0,"master_deck":["AscendersBane","Strike_B","Strike_B","Strike_B","Strike_B","Defend_B","Defend_B","Defend_B","Defend_B","Zap","HandOfGreed","Cold Snap","Enlightenment","FIFO Queue","Reboot","Bash","Static Discharge","Stack","Panic Button","Offering","AbeCurse","Defragment","Capacitor","Capacitor","Fusion","ReplayRNGCard","expansioncontent:DashGenerateEvil","Madness","Panacea"],"relics":["Pet Ghost","Ring of Peace","ReplayTheSpireMod:Ring of Challenge","Vajra","Iron Core","construct:FoamFinger","StrikeDummy","Bag of Marbles","Regal Pillow","Replay:Grab Bag","Velvet Choker","Abe\u0027s Treasure","Runic Pyramid","White Beast Statue","ReplayTheSpireMod:ShopPack","theJungle:WildMango"],"acts_visited":["Exordium","Exordium"],"potions_floor_usage":[6,6,8,13],"damage_taken":[{"damage":5,"enemies":"Small Slimes","floor":1,"turns":5},{"damage":7,"enemies":"Jaw Worm","floor":3,"turns":3},{"damage":1,"enemies":"Lagavulin","floor":6,"turns":4},{"damage":31,"enemies":"3 Sentries","floor":8,"turns":15},{"damage":0,"enemies":"2 Louse","floor":10,"turns":4},{"damage":0,"enemies":"2 Fungi Beasts","floor":11,"turns":5},{"damage":0,"enemies":"Lagavulin","floor":13,"turns":5},{"damage":5,"enemies":"The Guardian","floor":16,"turns":14},{"damage":12,"enemies":"theJungle:Flameango_and_Byrd","floor":18,"turns":7},{"damage":16,"enemies":"theJungle:MUSHROOMGANG","floor":21,"turns":6},{"damage":81,"enemies":"theJungle:MamaSnecko","floor":23,"turns":5}],"seed_played":"-2533978369276134563","potions_obtained":[{"floor":3,"key":"PowerPotion"},{"floor":4,"key":"hexamod:EctoCoolerPotion"},{"floor":6,"key":"EssenceOfSteel"},{"floor":8,"key":"BlessingOfTheForge"},{"floor":11,"key":"Elixir"},{"floor":21,"key":"Death Potion"}],"is_trial":false,"path_per_floor":["M","?","M","?","?","E","?","E","T","M","M","R","E","T","R","B",null,"M","?","$","M","?","E"],"character_chosen":"DEFECT","items_purchased":["Capacitor","Fusion","ReplayTheSpireMod:ShopPack","ReplayRNGCard"],"campfire_rested":2,"item_purchase_floors":[20,20,20,20],"current_hp_per_floor":[59,65,58,33,33,32,32,1,1,1,1,24,24,24,62,57,72,60,60,60,44,58,0,0],"gold":80,"neow_bonus":"RANDOM_COLORLESS_2","is_daily":false,"chose_seed":false,"campfire_upgraded":0,"win_rate":0.0,"timestamp":1609810174,"path_taken":["M","?","M","?","?","E","?","E","T","M","M","R","E","?","R","BOSS","M","?","$","?","?","E"],"items_purchased_type":["Card","Card","Relic","Card"],"build_version":"2020-12-22","purchased_purges":1,"victory":false,"max_hp_per_floor":[71,77,77,77,77,77,77,77,77,77,77,77,77,77,77,77,77,77,77,77,77,91,91,91],"relic_stats":{"Regal Pillow":15,"counters":[11,73],"obtain_stats":[{"Iron Core":7,"Regal Pillow":14,"construct:FoamFinger":8,"Replay:Grab Bag":17,"Vajra":6,"Velvet Choker":17,"Pet Ghost":4,"White Beast Statue":19,"Ring of Peace":5,"Bag of Marbles":13,"ReplayTheSpireMod:Ring of Challenge":5,"theJungle:WildMango":22,"Cracked Core":0,"StrikeDummy":9,"Abe\u0027s Treasure":17,"Runic Pyramid":17,"ReplayTheSpireMod:ShopPack":20},{"Iron Core":3,"Regal Pillow":7,"construct:FoamFinger":4,"Replay:Grab Bag":8,"Vajra":3,"Velvet Choker":8,"Pet Ghost":2,"White Beast Statue":9,"Ring of Peace":2,"Bag of Marbles":7,"ReplayTheSpireMod:Ring of Challenge":2,"theJungle:WildMango":10,"Cracked Core":0,"StrikeDummy":4,"Abe\u0027s Treasure":8,"Runic Pyramid":8,"ReplayTheSpireMod:ShopPack":9},{"Iron Core":12,"Regal Pillow":41,"construct:FoamFinger":27,"Replay:Grab Bag":55,"Vajra":12,"Velvet Choker":55,"Pet Ghost":8,"White Beast Statue":62,"Ring of Peace":8,"Bag of Marbles":41,"ReplayTheSpireMod:Ring of Challenge":8,"theJungle:WildMango":68,"Cracked Core":0,"StrikeDummy":27,"Abe\u0027s Treasure":55,"Runic Pyramid":55,"ReplayTheSpireMod:ShopPack":62}]},"card_choices":[{"not_picked":["Mayhem","ReplayTheSpireMod:Brewmster"],"picked":"HandOfGreed","floor":0},{"not_picked":["Compile Driver","Sweeping Beam"],"picked":"Cold Snap","floor":1},{"not_picked":["Go for the Eyes","Beam Cell"],"picked":"FIFO Queue","floor":3},{"not_picked":["White Noise","Leap"],"picked":"Reboot","floor":6},{"not_picked":["Hello World","Static Discharge","Steam"],"picked":"SKIP","floor":8},{"not_picked":["Hello World","Steam"],"picked":"Static Discharge","floor":8},{"not_picked":["Headbutt","Heavy Blade"],"picked":"Stack","floor":10},{"not_picked":["Gash","Steam Power"],"picked":"Panic Button","floor":11},{"not_picked":["Scrape","Rebound","Clash"],"picked":"SKIP","floor":13},{"not_picked":["All For One","Hyperbeam"],"picked":"Offering","floor":16},{"not_picked":["Reinforced Body","Conserve Battery"],"picked":"Defragment","floor":18},{"not_picked":["Secret Technique","Mayhem"],"picked":"expansioncontent:DashGenerateEvil","floor":20},{"not_picked":["Finesse","expansioncontent:SlimeTackle"],"picked":"Madness","floor":20},{"not_picked":["expansioncontent:SuperHexaguard","Transmutation"],"picked":"Panacea","floor":20},{"not_picked":["Sweeping Beam+1","Panic Button","Leap"],"picked":"SKIP","floor":21}],"player_experience":2078727,"relics_obtained":[{"floor":4,"key":"Pet Ghost"},{"floor":5,"key":"Ring of Peace"},{"floor":5,"key":"ReplayTheSpireMod:Ring of Challenge"},{"floor":6,"key":"Vajra"},{"floor":8,"key":"construct:FoamFinger"},{"floor":9,"key":"StrikeDummy"},{"floor":13,"key":"Bag of Marbles"},{"floor":14,"key":"Regal Pillow"}],"event_choices":[{"damage_healed":0,"gold_gain":0,"player_choice":"RENOUNCE","damage_taken":31,"max_hp_gain":0,"max_hp_loss":0,"event_name":"betterThird:BetterSerpent","floor":2,"gold_loss":31,"cards_obtained":["Enlightenment"]},{"damage_healed":0,"gold_gain":0,"player_choice":"Gave Potion","damage_taken":0,"relics_obtained":["White Beast Statue"],"max_hp_gain":0,"max_hp_loss":0,"event_name":"WeMeetAgain","floor":19,"gold_loss":0}],"is_beta":false,"boss_relics":[{"not_picked":["SacredBark","SlaversCollar"],"picked":"Replay:Grab Bag"},{"not_picked":["ReplayTheSpireMod:DimensionalGlitch","Fusion Hammer"],"picked":"Velvet Choker"},{"not_picked":["Replay:Fungal Core","Runesmith:UraniumAnvil"],"picked":"Abe\u0027s Treasure"},{"not_picked":["Kintsugi","Replay:Drink Me"],"picked":"Runic Pyramid"}],"items_purged_floors":[20],"is_endless":false,"potions_floor_spawned":[3,6,8,11,21],"killed_by":"theJungle:MamaSnecko","ascension_level":16}}