{"host":"pkodzjzlb86gdiw6","time":1609849977,"event":{"mods":["100% Spire Juice","AchievementEnabler","Aspiration","BaseMod","BetterRewards","Challenge The Spire","Friendly Minions","Infinite Spire","Koishi","Minty Spire (QoL Compilation)","Quick Restart","READ ME - Snecko Mod","Rare Cards Sparkle","Remilia??????","Replay The Spire","StSLib","The Poker Player","The Servant 0.9.4","The Vixen","Yuri Mod"],"gold_per_floor":[115,115,132,147,164,194,214,214,214,224,239,239,259,34,34,136,136,119,135,135,135,135,135,150,175,198,217,230,247,260,277,277,391,391,428,325,359,393,438,438,438,438,438],"floor_reached":42,"playtime":4186,"items_purged":["Defend_RM"],"score":605,"play_id":"6b617917-c5ef-4ae8-8971-d85122e691d5","local_time":"20210105123257","is_ascension_mode":false,"campfire_choices":[{"floor":12,"key":"REST"},{"data":"Stigmanizer","floor":15,"key":"SMITH"},{"data":"ScarletMeister","floor":23,"key":"SMITH"},{"floor":32,"key":"REST"},{"floor":40,"key":"REST"}],"circlet_count":0,"master_deck":["Strike_RM","Strike_RM","Strike_RM","Strike_RM","Defend_RM","Defend_RM","Defend_RM","RedMoon","ScarletShoot","Stigmanizer+1","BombardNight","Glacier","StarOfDavid","Seeing Red","UnderTheZenith","ScarletMeister+1","UnstableMagic","ChaoticDestiny","infinitespire:Pacifist","Moonworks:Ambush","Firewall","ReplayTheSpireMod:Private Reserves","infinitespire:SevenWalls","RedRainbow+1","ScarletSymphony+1","ScarletImprint","ScarletImprint","UnstableMagic+1","Pot Of Greed","Pot Of Greed","Pot Of Greed","MastersStateliness+1","DemonKingCradle","Ultimatum","QueenOfMidnight","DevilSight+1","ScarletDream+1"],"relics":["ScarletHat","aspiration:Nostalgia","Iron Core","InkBottle","Ornamental Fan","Blood Vial","Lee\u0027s Waffle","ReplayTheSpireMod:SealedPack","aspiration:HatOfInfinitePower","Bottled Tornado","Grinning Jar","infinitespire:EvilPickle","aspiration:ServantSkillbook","Replay:Towering Pillar of Hats"],"acts_visited":["TheCity","TheBeyond"],"potions_floor_usage":[18,42],"damage_taken":[{"damage":1.0,"enemies":"Cultist","floor":1.0,"turns":4.0},{"damage":1,"enemies":"Jaw Worm","floor":3,"turns":3},{"damage":0,"enemies":"2 Louse","floor":4,"turns":2},{"damage":11,"enemies":"Red Slaver","floor":5,"turns":6},{"damage":24,"enemies":"Lagavulin","floor":6,"turns":11},{"damage":0,"enemies":"3 Louse","floor":7,"turns":1},{"damage":4,"enemies":"Lots of Slimes","floor":10,"turns":4},{"damage":3,"enemies":"2 Fungi Beasts","floor":11,"turns":4},{"damage":3,"enemies":"Red Slaver","floor":13,"turns":2},{"damage":48,"enemies":"Hexaghost","floor":16,"turns":11},{"damage":11,"enemies":"2 Thieves","floor":18,"turns":5},{"damage":4,"enemies":"Shell Parasite","floor":19,"turns":4},{"damage":8,"enemies":"Shelled Parasite and Fungi","floor":24,"turns":6},{"damage":23,"enemies":"Nightmare","floor":25,"turns":6},{"damage":2,"enemies":"Sentry and Sphere","floor":27,"turns":6},{"damage":4,"enemies":"Snake Plant","floor":28,"turns":3},{"damage":24,"enemies":"Shelled Parasite and Fungi","floor":29,"turns":5},{"damage":12,"enemies":"Chosen and Byrds","floor":30,"turns":9},{"damage":0,"enemies":"Snecko","floor":31,"turns":4},{"damage":17,"enemies":"Pondfish","floor":33,"turns":5},{"damage":0,"enemies":"3 Darklings","floor":35,"turns":5},{"damage":0,"enemies":"Orb Walker","floor":37,"turns":3},{"damage":47,"enemies":"Sphere and 2 Shapes","floor":38,"turns":4},{"damage":0,"enemies":"Jaw Worm Horde","floor":39,"turns":5},{"damage":74,"enemies":"Nightmare","floor":42,"turns":6}],"seed_played":"2816203813539085632","potions_obtained":[{"floor":3,"key":"CultistPotion"},{"floor":4,"key":"DuplicationPotion"},{"floor":10,"key":"Adrenaline Potion"},{"floor":16,"key":"Flashbang"},{"floor":18,"key":"SteroidPotion"},{"floor":30,"key":"Elixir"}],"is_trial":false,"path_per_floor":["M","T","M","M","M","E","M","?","T","M","M","R","M","$","R","B",null,"M","M","AVR","?","?","R","M","NM","T","M","M","M","M","M","R","B",null,"M","?","M","M","M","R","?","NM"],"character_chosen":"REMILIA","items_purchased":["Lee\u0027s Waffle"],"campfire_rested":3,"item_purchase_floors":[14],"current_hp_per_floor":[74,74,73,73,62,38,38,38,38,36,35,57,57,82,82,40,82,71,69,69,69,69,69,63,53,53,58,60,41,41,45,69,60,82,82,82,82,40,45,69,69,0,0],"gold":438,"neow_bonus":"NOSTALGIA","is_daily":false,"chose_seed":false,"campfire_upgraded":2,"win_rate":0.0,"timestamp":1609849977,"path_taken":["M","?","?","M","M","E","M","?","T","?","M","R","M","?","R","BOSS","M","M","AVR","?","?","R","?","NM","T","M","M","M","M","M","R","BOSS","M","?","M","M","?","R","?","NM"],"items_purchased_type":["Relic"],"build_version":"2020-12-22","purchased_purges":1,"victory":false,"max_hp_per_floor":[75,75,75,75,75,75,75,75,75,75,75,75,75,82,82,82,82,82,82,82,82,82,82,82,82,82,82,82,82,82,82,82,82,82,82,82,82,82,82,82,82,82,82],"card_choices":[{"not_picked":["Gash","CharismaGuard","TwelveNightmare"],"picked":"SKIP","floor":1.0},{"not_picked":["Iron Wave","UnderTheZenith"],"picked":"Stigmanizer","floor":3},{"not_picked":["Cold Snap","CharismaGuard"],"picked":"BombardNight","floor":4},{"not_picked":["Anger","Rebound"],"picked":"Glacier","floor":5},{"not_picked":["RedRainbow","WeaponsOverheat"],"picked":"StarOfDavid","floor":6},{"not_picked":["MastersStateliness","AfternoonTea"],"picked":"Seeing Red","floor":7},{"not_picked":["Rip and Tear","Headbutt"],"picked":"UnderTheZenith","floor":10},{"not_picked":["Cold Snap","BloodyTrap"],"picked":"ScarletMeister","floor":11},{"not_picked":["Seeing Red","MastersStateliness"],"picked":"UnstableMagic","floor":13},{"not_picked":["ScarletCoffin","ScarletMeister"],"picked":"ChaoticDestiny","floor":16},{"not_picked":["Dualcast","Bash"],"picked":"Moonworks:Ambush","floor":17},{"not_picked":["Mirror Shield","Juggernaut"],"picked":"Firewall","floor":17},{"not_picked":["ReplayTheSpireMod:Trickstab","Blind"],"picked":"ReplayTheSpireMod:Private Reserves","floor":17},{"not_picked":["infinitespire:NeuralNetwork","infinitespire:Fortify"],"picked":"infinitespire:SevenWalls","floor":17},{"not_picked":["StarOfDavid","UnderTheZenith"],"picked":"RedRainbow+1","floor":18},{"not_picked":["RedRainbow","ScarletDevilSign"],"picked":"ScarletSymphony+1","floor":19},{"not_picked":["NightDance","ForecastOfChange"],"picked":"UnstableMagic+1","floor":24},{"not_picked":["BlasphemousPunishment","StarOfDavid","BloodHunter"],"picked":"SKIP","floor":25},{"not_picked":["ScarletImprint","ScarletDevil"],"picked":"MastersStateliness+1","floor":27},{"not_picked":["UltimateOffering+1","RedRainbow","HunterOfTheNight"],"picked":"SKIP","floor":28},{"not_picked":["GlobalNightmare","StarOfDavid"],"picked":"DemonKingCradle","floor":29},{"not_picked":["EndlessAdversity","RedRainbow","StarOfDavid"],"picked":"SKIP","floor":30},{"not_picked":["CharismaGuard","UnstableMagic"],"picked":"Ultimatum","floor":31},{"not_picked":["BloodyCatastrophe","HellCatastrophe"],"picked":"QueenOfMidnight","floor":33},{"not_picked":["FanOfKnives+1","NightDance","FavorOfDestiny","GearUp"],"picked":"SKIP","floor":35},{"not_picked":["UnderTheZenith+1","NightDance+1","Maim+1"],"picked":"DevilSight+1","floor":37},{"not_picked":["MurderousAura","InstantArmor","ScarletNetherworld+1"],"picked":"ScarletDream+1","floor":38},{"not_picked":["MastersStateliness","Read","InstantArmor+1","SurpressingFire"],"picked":"SKIP","floor":39}],"player_experience":689054,"relics_obtained":[{"floor":2.0,"key":"InkBottle"},{"floor":6,"key":"Ornamental Fan"},{"floor":9,"key":"Blood Vial"},{"floor":25,"key":"Bottled Tornado"},{"floor":26,"key":"Grinning Jar"}],"event_choices":[{"damage_healed":0,"gold_gain":0,"player_choice":"0 cards matched","damage_taken":0,"max_hp_gain":0,"max_hp_loss":0,"event_name":"Match and Keep!","floor":8,"gold_loss":0,"cards_obtained":[]},{"damage_healed":0,"gold_gain":0,"player_choice":"Read","damage_taken":0,"max_hp_gain":0,"max_hp_loss":0,"event_name":"The Library","floor":21,"gold_loss":0,"cards_obtained":["ScarletImprint"]},{"damage_healed":0,"gold_gain":0,"player_choice":"Copied","damage_taken":0,"max_hp_gain":0,"max_hp_loss":0,"event_name":"Duplicator","floor":22,"gold_loss":0,"cards_obtained":["ScarletImprint"]},{"damage_healed":0,"gold_gain":0,"player_choice":"Paid Gold","damage_taken":0,"relics_obtained":["Replay:Towering Pillar of Hats"],"max_hp_gain":0,"max_hp_loss":0,"event_name":"WeMeetAgain","floor":36,"gold_loss":103}],"is_beta":false,"boss_relics":[{"not_picked":["Calling Bell","Ectoplasm"],"picked":"ReplayTheSpireMod:SealedPack"},{"not_picked":["Fusion Hammer","Replay:Grab Bag"],"picked":"aspiration:ServantSkillbook"}],"items_purged_floors":[14],"is_endless":true,"potions_floor_spawned":[3,4,10,16,18,24,27,30],"killed_by":"Nightmare","ascension_level":0}}